3350 5117
529 323 572 370 DE
596 322 736 370 IUDlCllS
760 323 1025 371 ecctastasrlcrs
1299 308 1365 375 615

177 446 350 513 invocatur
377 448 418 515 ad
442 448 653 515 dirimendam
677 450 897 533 quaestionem
921 469 1037 535 nempe
1059 455 1167 516 utrum
1198 454 1364 537 appellare

176 572 369 655 permissum
394 574 436 637 sit
457 574 493 637 in
517 574 623 639 causis
640 574 855 657 possessoriis.
874 574 953 647 Nam
970 575 1042 639 iure
1058 574 1273 640 Decretalium
1290 597 1363 640 cer-

176 700 246 760 tum
271 703 387 763 estex
411 719 437 764 c.
468 718 495 765 c.
519 698 545 763 2
568 704 600 763 et
623 700 654 771 6,
680 697 735 763 De
759 716 851 764 ceos.
870 717 962 781 poss.
988 703 1020 764 et
1037 717 1141 781 prop.
1167 698 1223 782 (ll,
1251 700 1314 785 12),
1332 707 1365 766 et

175 838 253 903 cap.
277 820 322 884 10
345 827 376 885 et
401 822 445 886 15
468 821 519 887 De
540 826 622 887 rest.
647 821 778 904 spoliat.
804 818 861 906 (11.
889 820 942 907 13)
967 824 999 886 in
1023 824 1092 887 istis
1116 824 1363 909 appellationem

175 960 219 1008 ac
235 942 268 1007 in
285 943 357 1007 aliis
373 964 502 1029 semper
517 944 705 1029 permissam
723 963 802 1016 esse,
817 943 986 1009 dummodo
1002 945 1185 1031 appellandi
1199 948 1282 1014 ratio
1297 967 1363 1011 non

176 1072 264 1133 esset
286 1067 406 1132 frivola
422 1074 454 1133 et
470 1067 686 1134 frustratoria.
712 1068 935 1134 Tridentinum
951 1068 1048 1135 Cone.
1066 1061 1145 1134 vero
1162 1072 1363 1156 restringens

175 1190 211 1253 in
237 1188 377 1254 decretis
401 1210 502 1274 supra
527 1192 641 1259 citatis,
669 1192 717 1255 ius
741 1191 955 1255 Decretalium
979 1191 1081 1273 quoad
1106 1213 1197 1257 usum
1224 1194 1363 1277 appella-

175 1310 276 1376 tionis
300 1312 332 1374 in
360 1313 465 1400 causis
489 1314 713 1387 incidentibus,
732 1335 846 1379 causas
868 1316 1081 1400 possessorias
1097 1315 1278 1381 incidenter
1293 1319 1361 1402 agi-

174 1440 271 1516 tatas,
296 1435 433 1501 subiecit
455 1437 522 1523 legi
545 1458 565 1501 a
589 1457 624 1501 se
647 1437 742 1502 latae.
761 1436 924 1502 Videlicet
940 1458 1058 1504 causae
1073 1440 1283 1523 possessionis
1298 1460 1362 1505 mo·

174 1565 378 1634 mentaneae‚
397 1582 439 1626 ex
456 1564 477 1627 l.
494 1584 552 1628 aa.
574 1564 607 1629 C.
630 1585 647 1625 a
665 1564 702 1629 Si
718 1564 761 1629 de
775 1570 1013 1630 momentonea
1024 1565 1237 1647 possessione
1253 1586 1271 1628 a
1290 1569 1359 1644 etc,
1461 1598 1464 1601 ·

171 1685 285 1751 iuncto
310 1707 385 1753 cuo.
414 1708 431 1749 e
458 1688 501 1753 Ei
525 1687 585 1772 qui
609 1688 761 1770 appellat
784 1710 801 1751 a
826 1708 918 1755 cous.
933 1689 969 1769 2,
986 1708 1017 1773 q.
1036 1689 1068 1791 ⁶?
1095 1688 1275 1754 incidenter
1290 1690 1359 1775 agi-

171 1984 233 2038 lum
254 1948 433 2055 infrascripta
455 1986 539 2039 dubia
558 1987 756 2053 continentem,
777 1984 861 2040 ssmo
880 1988 911 2039 D.
930 1985 963 2039 N.
982 1987 1114 2041 adversus
1139 1988 1257 2042 iudicem
1280 1988 1358 2042 dele-

171 2090 274 2157 gatum
295 2094 428 2161 tanquam
447 2090 628 2171 excedentem
648 2091 751 2145 limites
771 2092 899 2161 propriae
914 2091 1122 2158 iurisdictionis,
1134 2097 1163 2147 et
1175 2100 1358 2161 occupantem

169 2212 208 2249 ea
227 2210 299 2265 quae
318 2196 352 2249 ad
372 2197 447 2266 ipsos
466 2198 578 2259 delere
598 2204 736 2269 spectant,
755 2216 844 2269 eoque
862 2205 955 2253 antem
975 2201 1009 2252 ad
1033 2200 1146 2253 Sacram
1165 2199 1238 2253 hauc
1256 2198 1357 2269 Congr.

168 2302 298 2367 remisso,
317 2302 372 2355 En.
395 2302 454 2356 VV.
475 2304 641 2373 respondere
660 2320 715 2357 non
734 2304 969 2373 dedignabuntur:

262 2408 281 2461 l.
303 2410 346 2461 An
366 2408 475 2479 quando
495 2408 635 2463 Ordinarii
654 2410 688 2464 ad
715 2410 845 2465 evitanda
864 2410 995 2464 scandala
1017 2412 1177 2480 precedunt,
1191 2428 1255 2481 non
1269 2412 1357 2465 citata

169 2519 261 2585 parte,
281 2531 333 2569 nec
352 2514 479 2569 adhibita
494 2533 595 2570 causae
609 2517 769 2585 cognitione
783 2516 811 2569 in
824 2517 915 2569 causis
934 2516 1102 2571 visitationis
1114 2523 1163 2571 aut
1175 2516 1355 2572 correctionis

167 2636 289 2686 morum,
308 2620 396 2689 possit
415 2620 498 2676 iudex
518 2620 665 2691 delegatus
688 2618 866 2691 Apostolicus
885 2621 1102 2691 appellationem
1124 2622 1288 2691 simpliciter
1306 2622 1355 2675 ad·

166 2727 306 2783 mitteret

260 2836 292 2889 ll.
312 2838 357 2891 An
376 2839 412 2891 ab
431 2838 643 2893 interlocutoria
663 2838 707 2893 vel
725 2838 782 2893 alio
800 2854 975 2910 quocumque
988 2839 1158 2907 gravamine,
1172 2838 1245 2909 quod
1261 2842 1355 2891 tamen

165 2948 263 3015 potest
289 2946 413 3015 reparari
443 2964 492 3017 per
525 2947 693 3001 sententiam
721 2946 904 3012 definitivam,
929 2944 1024 3000 valeat
1054 2944 1272 3014 appellationem
1296 2935 1354 2998 ¹ad-

165 3052 301 3109 mitteret

261 3158 306 3213 lll.
324 3160 369 3213 An
383 3160 492 3231 quando
505 3160 663 3231 appelletur
675 3179 692 3215 a
706 3162 877 3229 gravamine,
888 3161 959 3232 qnod
974 3178 1022 3230 par
1034 3159 1207 3215 definitivam
1228 3161 1351 3230 reparari

150 3264 276 3335 nequit,
296 3270 327 3319 ut
347 3266 557 3332 carcerationis,
576 3270 708 3334 torturae,
728 3268 778 3319 aut
796 3263 1101 3333 excommunicationis,
1121 3267 1209 3335 possit
1227 3266 1355 3337 appella·

164 3371 275 3426 tionem
294 3372 444 3428 admittere
464 3376 513 3426 aut
531 3371 726 3427 inhibitionem
745 3372 790 3427 vel
809 3371 894 3425 aliam
914 3372 1100 3440 provisionem
1118 3372 1279 3439 concedere,
1298 3387 1353 3431 nou

163 3474 238 3528 visis
257 3476 328 3529 actis
347 3492 382 3531 ex
402 3476 502 3547 quibus
521 3476 665 3530 evidenter
681 3479 817 3545 appareat
834 3475 869 3530 de
887 3473 1068 3544 gravamine?

258 3582 305 3636 lV.
325 3586 368 3637 An
389 3600 520 3639 censuras
539 3584 606 3639 ecel.
626 3584 654 3637 in
679 3583 869 3653 appellantem
892 3583 1016 3653 prolatas
1039 3583 1134 3638 valeat
1157 3582 1284 3638 relaxare
1303 3585 1353 3636 aut

163 3687 264 3745 nullas
283 3688 435 3755 declarare,
454 3706 509 3743 non
528 3689 631 3743 auditis
650 3663 845 3759 partibusnec
864 3690 978 3759 cognita
995 3688 1097 3744 causat

261 3796 294 3847 V,
316 3798 358 3849 An
379 3796 475 3851 valeat
493 3796 681 3851 absolutiones
700 3796 734 3850 ad
753 3797 892 3851 cautelam
911 3797 1070 3864 concedere,
1084 3814 1139 3852 non
1159 3798 1247 3851 citata
1264 3800 1353 3867 parte,
1462 3833 1466 3841 -

161 3920 225 3959 non
245 3904 313 3958 visis
332 3904 403 3958 actis
422 3920 473 3959 nec
492 3905 627 3975 praestita
645 3905 775 3959 cautione
794 3904 827 3959 de
847 3904 946 3959 stando
964 3905 1019 3959 iuri
1032 3910 1061 3961 et
1073 3904 1194 3975 parendo
1213 3904 1352 3958 mandatis

83 4061 87 4068 .
161 4008 330 4067 Ecclesiae?

261 4118 306 4173 Vl.
326 4120 370 4173 An
389 4122 424 4174 ab
444 4120 609 4175 executione
628 4119 802 4175 decretorum
821 4120 847 4175 S.
867 4120 953 4189 Cong.
967 4118 1084 4175 (lencilii
1103 4120 1177 4174 Trid.
1196 4118 1291 4174 valeat
1303 4135 1352 4188 ap·

160 4222 349 4295 pellationem
369 4222 535 4279 admitteret
988 4295 991 4299 λ

260 4329 317 4383 Vll.
339 4332 384 4385 An
403 4330 498 4385 ualeat
516 4347 614 4385 causas
632 4332 660 4386 in
680 4332 765 4385 curiis
783 4330 992 4384 Ordinariorum
1016 4327 1061 4383 vel
1085 4326 1204 4382 aliorum
1228 4328 1350 4382 iudicum

160 4436 331 4493 interiorum
349 4436 501 4506 pendentes
520 4436 554 4491 ad
572 4453 601 4492 se
620 4452 747 4503 avocare,
759 4435 803 4491 vel
820 4434 932 4490 illarum
946 4452 1056 4489 cursum
1070 4433 1203 4504 impedire
1216 4435 1266 4489 sub
1280 4451 1349 4505 quo·
