3350 5117
549 334 594 383 nu
618 334 757 384 runicus
781 334 1046 384 necassrasrrcm
1318 316 1380 383 167

202 463 240 523 ut
264 458 327 522 iuri
351 478 410 523 suo
425 459 581 525 consulat.
604 456 666 523 Sed
682 456 799 525 sufficit
823 460 1063 524 revocationem
1086 458 1192 524 iudici
1215 458 1268 524 vel
1285 460 1383 542 parti

202 582 372 649 adversae
402 584 569 657 nunciare,
596 602 672 669 ary.
696 603 723 648 c.
749 602 775 649 c.
801 581 827 648 3
849 588 880 647 et
902 581 926 647 l
948 582 999 648 De
1017 601 1159 665 procur.
1183 582 1218 647 X
1243 582 1281 665 (l¹
1305 580 1381 669 38);

202 708 280 792 qnia
303 710 332 773 si
354 709 544 775 adversario
568 710 732 775 revocatio
755 710 939 791 nunciatur,
962 708 1016 775 hic
1039 729 1112 775 cum
1135 712 1289 773 revocato
1311 727 1382 793 pro

201 838 356 899 curatore
386 833 584 899 contendere
614 852 679 898 uon
709 838 828 918 potest;
853 834 880 899 si
903 832 1009 905 iudici,
1033 832 1088 897 hic
1110 832 1173 897 nisi
1194 850 1279 897 novo
1302 850 1383 895 con·

201 960 313 1025 stituta
335 964 549 1043 procuratore
564 964 620 1023 aut
635 960 704 1045 ipso
719 956 848 1023 domiuo
863 964 1045 1045 praesente,
1061 957 1213 1022 iudicium
1229 975 1294 1021 non
1310 975 1383 1041 pro

200 1088 371 1167 aequatum
395 1088 429 1148 et
451 1082 490 1147 de
513 1083 577 1148 hoc
600 1087 726 1168 partem
759 1084 932 1149 certiorem
960 1082 1075 1149 saciet:
1100 1081 1141 1147 cf.
1166 1100 1241 1164 cap.
1266 1080 1309 1148 13
1332 1080 1382 1147 De

197 1213 376 1293 procurat.
400 1208 435 1272 X
456 1206 495 1288 (l,
520 1206 585 1293 38).

293 1334 385 1400 Haec
408 1332 562 1420 specialia
584 1337 659 1399 sunt
680 1352 741 1418 pro
760 1334 898 1419 negotiis
913 1332 1123 1405 iudicialibus,
1140 1332 1197 1398 tite
1219 1332 1290 1397 iam
1305 1350 1381 1397 con·

201 1462 337 1539 testata·
360 1477 421 1541 pro
445 1458 584 1543 negotiis
607 1454 906 1521 extraiudicialibus
933 1458 1057 1521 certior
1080 1453 1150 1521 fieri
1175 1453 1270 1521 debet
1291 1473 1378 1540 pars.

202 1598 287 1663 quae
299 1580 496 1645 contrahere
511 1584 619 1666 posset
634 1600 705 1645 cum
718 1584 932 1664 procuratore
947 1598 1041 1664 quem
1057 1580 1224 1664 cognoscit
1237 1578 1379 1664 legitime

202 1703 411 1767 constitutum
430 1700 471 1767 ad
488 1702 565 1767 illud
582 1703 754 1788 negotium.
770 1738 816 1751 -
831 1703 1012 1769 Praeterea
1027 1708 1093 1768 tam
1115 1704 1149 1767 in
1167 1702 1237 1768 istis
1252 1700 1379 1767 casibus

202 1847 300 1913 quam
321 1831 354 1893 in
370 1827 517 1895 omnibus
540 1829 612 1894 aliis
628 1830 773 1915 negotiis,
790 1830 860 1894 sive
875 1848 912 1894 re
927 1830 1054 1913 integra
1073 1829 1142 1893 sive
1165 1848 1202 1892 re
1225 1848 1290 1892 non
1314 1847 1379 1895 am·

201 1949 286 2036 plius
310 1952 448 2038 integra,
470 1953 635 2017 revocatio
658 1952 864 2038 procuratori
887 1952 1028 2017 intimari
1059 1949 1172 2025 debet;
1196 1970 1300 2024 secus,
1324 1968 1378 2015 re·

199 2077 371 2142 vocatione
395 2096 459 2143 nou
484 2076 648 2150 obstante,
674 2082 765 2163 gesta
787 2096 807 2141 a
830 2083 1042 2162 procuratore
1068 2082 1144 2141 suut
1169 2075 1377 2162 regulariter

198 2202 318 2268 valida.
333 2203 405 2269 Hoc
421 2205 587 2270 constituit
601 2204 650 2267 ius
665 2204 846 2289 positivum,
860 2222 900 2268 ne
916 2203 1106 2267 innumerae
1118 2199 1249 2267 fraudes
1260 2198 1378 2266 fierent

201 2327 373 2391 occasione
404 2325 546 2391 mandati
569 2328 795 2411 procuratorii.
819 2346 894 2413 arg.
918 2346 993 2409 cap.
1019 2324 1078 2397 33,
1103 2325 1153 2391 Dc
1179 2324 1320 2407 rescrtp.
1345 2324 1380 2387 X

200 2449 240 2533 (l,
257 2452 301 2537 3).
315 2488 361 2501 -
377 2452 589 2518 Nihilominus
605 2453 654 2519 ius
677 2453 717 2517 ob
733 2455 926 2539 gravitatem
942 2452 1153 2537 quorumdam
1173 2452 1376 2536 negotiorum

200 2578 325 2649 statuit,
350 2576 521 2661 aliquando
544 2578 728 2643 mandatum
751 2578 887 2665 intelligi
906 2584 1103 2648 revocatum,
1121 2579 1217 2643 etiam
1241 2595 1377 2641 revoca·

198 2703 289 2767 tione
301 2722 366 2767 nou
378 2702 533 2785 intimata,
546 2704 591 2768 uti
605 2700 745 2768 edictum
758 2708 815 2775 est,
829 2722 881 2767 ex.
891 2723 933 2787 g„
946 2699 1149 2767 demandato
1161 2700 1203 2766 ad
1215 2702 1375 2766 matrimo·

198 2824 289 2889 nium
306 2824 561 2891 contrahendum
578 2845 620 2890 ex
636 2844 710 2909 cap.
726 2826 785 2891 alt.
801 2823 858 2891 De
873 2830 1051 2908 procurat.
1067 2824 1106 2888 ia
1121 2824 1145 2889 6
1159 2823 1197 2908 (Ι,
1214 2823 1277 2911 19);
1297 2824 1374 2887 item

196 2948 238 3013 de
253 2948 405 3014 mandato
428 2948 469 3013 ad
492 2950 728 3035 suscipiendum
744 2949 902 3016 infantem
917 2952 950 3015 iu
969 2950 1134 3036 baptismo,
1151 2949 1190 3014 ad
1206 2954 1375 3035 acceptan-

196 3073 272 3139 dum
296 3072 498 3156 beneficium,
514 3081 547 3140 et
566 3073 606 3139 ad
629 3075 694 3139 alia
709 3075 740 3140 id
764 3095 866 3161 genus
888 3076 1017 3161 negotia
1039 3074 1277 3160 expostulantia
1299 3094 1374 3141 aaa·

195 3218 336 3265 sarsum
354 3218 476 3265 acram
492 3203 523 3265 et
532 3206 818 3284 perseverantem,
836 3221 901 3265 non
924 3201 1027 3265 sotum
1042 3202 1157 3286 fictam
1173 3205 1206 3268 et
1219 3200 1372 3286 legalem.

287 3322 387 3389 (lasus
398 3323 538 3390 habetur
549 3326 711 3391 mentione
728 3323 843 3411 dignus
855 3326 888 3391 in
904 3324 1005 3392 Clam,
1017 3325 1107 3392 unic.
1121 3325 1171 3391 De
1182 3324 1371 3391 renunciat.

193 3445 238 3529 (1,
256 3444 300 3529 4),
321 3446 354 3510 in
379 3466 443 3531 qua
465 3446 505 3513 de
527 3448 772 3513 renunciatione
795 3450 904 3535 agitur
918 3446 1066 3514 beneficii
1089 3449 1143 3513 vel
1165 3450 1372 3534 praelaturae
1478 3446 1482 3459 '

192 3572 282 3637 lacta
306 3592 367 3657 per
390 3579 645 3658 procuratorem,
659 3576 749 3641 cuius
766 3575 949 3642 mandatum
966 3580 1149 3649 revocatur,
1162 3574 1218 3640 sed
1242 3593 1373 3641 revoca-

190 3694 291 3761 tionis
312 3695 467 3759 nuncimu
490 3716 557 3760 non
581 3698 730 3783 pervenit
753 3695 793 3761 ad
816 3702 1061 3783 procuratorem
1084 3696 1139 3761 vel
1164 3695 1205 3760 ad
1227 3696 1370 3781 superio·

192 3837 266 3883 rem
291 3820 569 3887 renunciationem
594 3823 824 3908 excipientem
849 3830 882 3889 et
904 3823 1003 3889 clem.
1019 3824 1050 3887 V
1067 3824 1179 3891 statuit
1199 3823 1370 3889 renuncia·

188 3939 314 4004 tionem
331 3940 455 4014 valere,
475 3962 492 4005 ‹
509 3942 577 4009 atri
590 3941 681 4025 sorte
697 3962 763 4029 per
776 3946 870 4027 ipsos
883 3950 943 4011 aut
958 3944 1044 4012 alios
1059 3943 1226 4010 malitiose
1239 3942 1369 4027 factum

186 4064 297 4149 suerit
320 4086 388 4152 quo
411 4068 526 4135 minas
548 4068 596 4134 ud
617 4089 676 4135 eas
698 4072 750 4136 vet
774 4088 894 4137 eoram
917 4072 1065 4138 atteram
1088 4076 1166 4137 aare
1189 4070 1371 4138 cacconem

183 4188 341 4270 potuerit
362 4192 532 4259 revocatio
551 4192 747 4276 peremisse
764 4213 793 4257 ›.

279 4314 458 4381 Revocatio
480 4336 560 4383 vero
583 4315 620 4383 tit
642 4338 804 4403 caprerse
819 4320 873 4386 vel
890 4320 997 4387 tacite.
1022 4322 1188 4406 Expressa
1210 4323 1237 4387 si
1260 4318 1371 4388 verbs

187 4440 244 4501 aut
275 4436 452 4521 scriptura
483 4436 542 4545 liat¹
569 4442 752 4519 revocati0;
777 4443 939 4519 tacitast
966 4444 1069 4528 sacto,
1087 4466 1138 4511 ex.
1163 4466 1213 4532 gr.
1237 4447 1264 4511 si
1286 4445 1369 4510 alius
