3350 5117
275 293 343 360 682
739 314 848 362 mnnx
876 315 997 364 aenou

274 433 336 490 253.
356 433 462 490 Exinde
481 435 570 488 actori
589 439 754 505 comparata
771 435 826 490 fuit
845 436 920 490 actio
944 434 1031 491 realis
1049 440 1079 492 et
1100 436 1271 508 personalis3
1289 453 1337 493 reo

380 538 509 608 exceptio
529 541 559 592 et
578 538 652 593 ectio
670 538 826 609 personalis
845 537 881 593 ed
899 538 1114 595 indemnitatem
1149 580 1157 595 .
1193 581 1201 594 .
1238 581 1246 595 .
1283 581 1291 596 .
1320 557 1388 612 paq.
1406 541 1460 594 286

457 771 475 832 5
495 768 519 822 2.
540 767 582 822 De
600 769 755 822 actionibus
773 769 835 823 doli
852 778 980 825 mausus
999 785 1085 823 causo
1103 769 1279 839 comparatis.

273 959 334 1015 251.
353 958 511 1030 Aliquando
530 966 610 1016 actua
628 959 743 1016 humani
762 962 892 1032 quamvis
910 961 1010 1029 velidi,
1030 968 1125 1018 tamen
1143 962 1240 1034 aliquo
1258 962 1338 1018 labo·

381 1072 445 1120 rent
462 1067 581 1134 delectu,
600 1066 672 1122 unde
692 1066 886 1122 rescindibiles
903 1073 977 1123 sunt
1015 1107 1289 1122 .......
1323 1085 1388 1140 pop.
1408 1068 1461 1122 287

274 1175 335 1228 255.
355 1175 519 1245 Explicatur
538 1175 615 1230 notio
633 1174 699 1241 doli,
711 1176 759 1246 qui
773 1175 904 1246 dirigitur
917 1177 951 1230 ed
965 1176 1150 1232 inducendum
1168 1175 1289 1232 alterum
1306 1177 1337 1230 in

339 1279 343 1292 “
381 1296 503 1337 errorem
521 1320 886 1335 .........
910 1266 918 1280 ’
923 1319 1335 1337 ..........
1372 1281 1463 1338 »288

274 1389 335 1444 256.
355 1388 453 1443 Dolum
474 1405 554 1459 passo
572 1391 744 1444 succurritur
763 1406 812 1461 per
832 1391 973 1446 actionem
996 1395 1026 1445 et
1050 1390 1246 1460 exceptionem
1269 1389 1336 1457 doli,

383 1497 442 1553 sive
469 1496 516 1552 hic
543 1513 665 1553 errorem
693 1497 836 1552 induxerit
867 1497 1084 1554 substantialem
1113 1497 1172 1553 sive
1202 1497 1337 1553 determi-

382 1609 494 1662 nantem
520 1643 1334 1661 ...................
1371 1605 1463 1661 »289

276 1712 336 1766 257.
355 1711 476 1766 Notatur
494 1711 653 1767 differentia
671 1711 745 1766 inter
764 1711 920 1782 simplicem
940 1727 1064 1767 errorem
1089 1717 1119 1768 ot
1144 1728 1267 1768 errorem
1286 1712 1336 1766 do·

383 1817 472 1870 losum
475 1855 1335 1872 ....................
1373 1816 1464 1872 »296

275 1923 337 1978 258.
356 1923 497 1984 Quomodo
515 1927 678 1978 occurratur
697 1924 786 1978 errori
806 1923 902 1977 doloso
920 1922 1055 1978 incidenti
1058 1962 1334 1976 .......
1372 1937 1390 1979 »
1422 1921 1461 1974 ibi

274 2027 337 2081 259.
357 2027 395 2082 De
414 2026 477 2102 dolo
498 2031 607 2096 patrato
626 2028 661 2082 ab
680 2026 737 2081 alio
755 1999 831 2082 ectui
851 2032 988 2082 extraneo
1012 2066 1333 2081 ........
1371 2041 1390 2082 »
1421 2027 1461 2080 ibi

276 2131 337 2186 269.
357 2131 490 2186 Nonnulli
509 2137 589 2187 actus
607 2131 760 2188 nullimode
780 2132 899 2187 rescindi
918 2136 1035 2202 possunt
1059 2171 1335 2186 .......
1373 2146 1391 2189 »
1423 2131 1461 2184 ibi

276 2239 337 2292 261.
357 2238 520 2308 Explicatur
538 2241 616 2296 notio
635 2244 734 2307 metus,
754 2239 802 2311 qni
822 2239 909 2294 efficit
927 2241 1051 2295 valorem
1070 2244 1202 2304 oculum.
1240 2279 1247 2292 .
1284 2281 1291 2294 .
1330 2280 1337 2291 .
1373 2239 1460 2297 »291

276 2347 337 2400 262.
357 2345 498 2408 Quaenam
508 2347 681 2404 conditiones
690 2353 848 2418 competere
858 2348 979 2402 debeant
987 2349 1122 2415 metui‚ot
1131 2348 1258 2418 apposita
1268 2348 1339 2402 iuris

385 2456 507 2512 remedia
524 2458 689 2512 invocentur
701 2495 1334 2511 ...............
1372 2471 1390 2512 »
1423 2456 1462 2508 ibi

276 2563 338 2618 263.
358 2565 429 2626 Quia
447 2563 574 2620 nonnulli
593 2568 673 2619 ectus
692 2565 743 2618 sub
770 2568 846 2618 metu
872 2564 955 2633 positi
977 2562 1050 2617 nulli
1068 2568 1148 2630 eunt,
1168 2568 1235 2619 tunc
1253 2563 1336 2618 insti-

385 2669 473 2723 tuitur
491 2671 565 2724 actio
584 2668 724 2724 nullitatis
747 2707 1335 2723 ..............
1373 2682 1392 2723 »
1410 2665 1463 2720 297

277 2776 338 2830 264.
358 2776 414 2830 Alii
434 2781 513 2830 actus
532 2779 597 2829 sunt
616 2774 824 2840 rescindibiles3
843 2779 872 2829 et
891 2774 926 2828 ad
946 2774 998 2829 hoc
1016 2775 1176 2829 instituitur
1193 2774 1276 2842 actio,
1288 2774 1336 2837 ,vol
1435 2851 1439 2856 .

384 2883 533 2953 opponitur
553 2881 680 2950 exceptio
699 2886 791 2936 metue
833 2917 1244 2936 ..........
1277 2857 1293 2877 ⁵
1327 2919 1334 2932 .
1372 2895 1390 2936 »
1424 2879 1464 2932 ibi

277 2991 338 3044 265.
358 2991 514 3044 lnnuuntnr
532 2988 655 3057 potiores
674 2990 753 3042 ectus
772 2988 830 3059 qui,
844 2989 896 3042 sub
912 2993 988 3043 metu
1008 2988 1101 3058 positi,
1113 2991 1180 3042 eunt
1198 2987 1258 3057 ipso
1277 2987 1339 3042 inre

386 3095 457 3152 nulli
477 3135 1338 3151 ....................
1374 3095 1466 3153 »298

277 3206 338 3260 266.
357 3205 506 3265 Quaeritur
526 3208 619 3258 utrum
638 3207 718 3258 actus
736 3203 864 3275 alioquin
883 3204 1080 3272 rescindibilis,
1094 3207 1145 3259 fiet
1161 3222 1276 3276 prorsus
1293 3207 1341 3259 tir·

384 3327 445 3364 mus
464 3314 493 3364 et
511 3308 711 3378 irrevocabilis,
731 3309 755 3363 si
774 3309 891 3365 accedat
910 3311 1098 3364 iuramentum
1107 3349 1338 3364 ......
1375 3324 1393 3366 »
1410 3307 1467 3363 299

278 3410 340 3462 267.
360 3411 492 3464 Actiones
510 3408 567 3463 doli
580 3413 610 3464 et
622 3413 712 3464 metus
725 3413 790 3464 sunt
804 3410 912 3480 species
925 3411 1044 3465 actionis
1058 3409 1244 3477 rescissoriae,
1260 3409 1339 3465 cuius

387 3536 475 3590 genus
495 3524 537 3574 est
556 3519 707 3574 remedium
727 3519 916 3575 restitutionis
936 3521 964 3575 in
985 3521 1126 3590 integrum
1153 3559 1339 3573 .....
1376 3516 1463 3573 »361

600 3757 618 3818 5
638 3749 662 3805 3.
685 3753 726 3807 De
745 3755 774 3806 iu
794 3754 938 3824 intepmm
959 3753 1141 3808 restitutione.

280 3948 341 4002 268.
361 3949 466 4009 Quibus
484 3948 653 4005 concedatur
671 3952 700 4004 et
718 3947 784 4020 quid
803 3949 841 4002 sit
860 3947 1012 4004 remedium
1038 3946 1224 4004 restitutionis
1241 3947 1271 4000 in
1294 3945 1339 4000 in·
1392 3957 1397 3963 ·

386 4058 497 4122 tegrum
522 4090 1289 4108 ..................
1324 4066 1392 4122 pay.
1410 4048 1467 4103 362

280 4159 341 4213 269.
361 4159 421 4220 Qua
438 4160 472 4214 de
491 4175 575 4213 cenea
593 4158 761 4214 concedatur
790 4196 1338 4213 .............
1375 4170 1394 4213 »
1411 4153 1468 4209 303

281 4269 340 4321 279.
360 4266 479 4328 Quinam
498 4267 535 4322 sit
553 4268 615 4322 eius
633 4269 749 4322 effectus
751 4304 1338 4321 ..............
1375 4262 1467 4322 »304

280 4373 342 4426 271.
361 4372 390 4426 Si
410 4389 472 4426 cum
492 4373 613 4427 remedio
632 4373 854 4429 extraordinario
873 4374 1060 4430 restitutionis
1072 4373 1101 4427 in
1113 4372 1255 4443 integrum
1274 4362 1339 4428 c'on·
