3350 5117
282 305 350 370 700
746 319 854 368 166111
881 313 1001 368 nanus

280 443 343 500 553.
362 443 408 498 Ius
426 440 538 513 aliquod
550 439 609 496 sive
622 439 765 510 negotium
779 439 906 510 pluribus
921 443 1087 510 potestesse
1099 453 1260 502 commune;
1274 436 1341 492 hinc

390 548 574 604 communitas
592 547 652 602 litis
669 563 742 618 quae
762 547 864 602 dicitur
882 547 941 602 litis
960 546 1129 602 consortium
1157 587 1164 599 .
1201 587 1208 600 .
1246 586 1252 599 .
1287 585 1297 603 .
1325 562 1393 619 pap.
1411 546 1468 601 546

181 659 185 667 “
280 658 343 714 554.
363 656 429 712 Inde
447 659 525 727 patet
543 655 680 727 quomodo
698 655 734 709 ob
753 670 899 710 commune
918 653 1046 725 pluribus
1066 655 1211 725 negotium
1238 654 1340 710 exoriri

389 765 476 835 possit
494 763 603 818 occasio
622 762 797 818 interventus
816 760 969 817 voluntarii
976 799 1339 817 .........
1376 777 1395 819 r
1411 762 1467 817 547

280 870 343 925 555.
363 869 520 941 Aliquando
532 884 588 923 non
601 867 721 924 habetur
739 884 836 923 uerum
854 868 915 923 litis
929 868 1108 935 consortium,
1121 869 1169 925 sed
1180 869 1339 925 necessaria

389 976 573 1047 dependentia
597 975 680 1030 unius
704 975 811 1046 negotii
833 977 869 1031 ab
888 974 961 1043 alio;
980 980 1010 1032 et
1033 975 1097 1031 inde
1121 975 1194 1031 solet
1218 975 1340 1032 incidere

388 1083 562 1140 interventus
581 1083 753 1139 necessarius
794 1121 1338 1138 .............
1374 1098 1393 1143 a
1426 1083 1467 1139 ibi

281 1192 343 1246 556.
363 1191 454 1253 Quare
466 1191 641 1246 interventus
653 1189 786 1246 habetur:
808 1189 834 1261 l)
848 1190 1022 1246 voluntarius
1033 1190 1069 1245 ad
1081 1191 1246 1246 instantiam
1259 1191 1337 1246 tertii

389 1299 523 1354 interesse
536 1296 678 1362 habentis;
697 1297 725 1369 2)
738 1301 853 1352 coactus
870 1297 905 1352 ad
923 1297 1087 1353 instantiam
1105 1297 1270 1354 alterutrius
1288 1304 1339 1355 aut

388 1403 532 1475 utriusque
550 1402 737 1473 litigantium
755 1401 784 1472 3)
804 1407 918 1458 coactus
935 1403 1104 1459 auctoritate
1122 1420 1172 1460 seu
1193 1421 1228 1461 ex
1246 1405 1337 1461 officio

387 1509 486 1564 iudicis
524 1547 1339 1566 ...................
1377 1530 1393 1566 a
1411 1513 1467 1568 549

279 1616 344 1673 557.
363 1615 402 1671 De
422 1615 510 1684 primo
529 1630 595 1668 casu
612 1614 673 1685 agit
691 1630 821 1685 exprome
839 1615 999 1669 Bonifacius
1017 1613 1082 1669 Vlll
1106 1654 1338 1670 ......
1375 1632 1393 1673 a
1426 1617 1467 1673 ibi

281 1725 345 1780 558.
364 1723 395 1778 lu
414 1723 504 1780 altero
516 1739 582 1778 casu
594 1721 771 1792 applicantur
784 1723 898 1793 regulae
911 1715 1058 1794 generales
1076 1722 1256 1780 connexionis
1274 1741 1339 1778 cau·

387 1848 480 1886 sarum
482 1870 1340 1888 ....................
1376 1851 1395 1890 a
1412 1833 1467 1889 5511

279 1939 341 1994 559.
361 1937 432 1993 ltem
450 1937 480 1992 in
499 1937 584 1993 tertio
602 1953 668 1992 casu
711 1976 1340 1995 ...............
1376 1954 1396 1996 a
1412 1940 1463 1995 551

745 2149 905 2207 TITULUS
924 2149 999 2205 xvl.

708 2308 750 2348 DE
782 2308 1035 2348 nrrnurauls.

279 2469 341 2526 560.
361 2471 539 2527 Attentatum
557 2470 586 2526 in
605 2487 687 2526 sensu
706 2471 774 2524 iuris
792 2473 835 2526 ost
853 2469 966 2542 aliquod
986 2471 1091 2524 factum
1115 2470 1222 2527 violans
1240 2467 1333 2540 prohi-

388 2577 524 2634 bitionem
537 2595 585 2634 seu
598 2577 803 2634 inhibitionem.
813 2577 946 2633 lnhibitio
959 2577 1016 2632 elia
1028 2578 1098 2633 iuris
1107 2577 1165 2654 alia
1173 2576 1294 2632 hominis
1324 2594 1392 2651 pay.
1411 2579 1466 2634 552

279 2682 343 2740 561.
361 2681 466 2738 Contra
484 2685 624 2738 attentata
642 2682 718 2738 laeso
731 2683 866 2752 competit
876 2683 952 2738 actid
963 2682 1104 2739 nullitatis
1116 2682 1162 2738 vel
1177 2683 1338 2738 msdssoria
1373 2699 1392 2741 r
1409 2684 1464 2739 553

281 2789 344 2846 562.
364 2788 528 2859 Explicatur
551 2787 692 2860 generalis
717 2789 785 2844 iuris
810 2787 955 2854 inhibiti03
979 2806 1092 2860 nempe:
1111 2789 1340 2860 «6166661-

389 2894 472 2950 dente
490 2893 561 2948 nihil
580 2894 761 2953 innovetur»
798 2934 1341 2950 .............
1378 2911 1397 2954 a
1427 2896 1467 2951 ibi

282 2997 344 3054 563.
363 2997 434 3060 Quid
452 2997 547 3053 veniat
564 2999 677 3054 nomine
695 2998 884 3054 innovationis
889 3039 1164 3053 .......
1181 2991 1208 3054 ’.
1245 3040 1252 3054 .
1290 3039 1297 3054 .
1334 3040 1341 3054 .
1379 3016 1397 3059 a
1426 3002 1467 3057 ibi

739 3213 899 3270 TlTULUS
915 3213 1004 3270 xvu.

707 3374 750 3414 DE
779 3375 1035 3416 coutumacla.

278 3535 340 3590 564.
359 3537 390 3592 ln
409 3536 607 3607 compescenda
626 3537 803 3592 contumacia
822 3552 878 3591 non
897 3536 1052 3594 attenditur
1071 3537 1185 3608 regula,
1203 3537 1256 3594 lite
1275 3554 1342 3610 pen·

385 3641 469 3698 dente
487 3640 557 3696 nihil
576 3641 704 3698 innovari
723 3642 823 3698 debere
842 3681 1295 3698 ...........
1327 3661 1393 3716 pap.
1411 3645 1468 3700 556

278 3747 341 3802 565.
360 3744 542 3802 Contumacia
561 3747 751 3804 consideratur
771 3748 831 3803 iure
851 3748 985 3804 canonico
998 3753 1058 3805 tum
1074 3749 1126 3804 sub
1141 3753 1257 3820 aspectu
1273 3767 1340 3806 con·

387 3859 510 3924 temptes
528 3853 667 3909 iudicialis
679 3855 867 3923 auctoritatis,
877 3860 937 3911 turn
951 3858 1002 3911 sub
1015 3861 1129 3928 aspectu
1143 3863 1338 3929 praesumptae

387 3960 606 4016 renunciationis
623 3962 716 4018 factae
734 3959 788 4016 iuri
810 3961 981 4019 defensionis
1019 4003 1339 4020 ........
1376 3979 1395 4024 >
1427 3967 1468 4021 ibi

279 4067 341 4122 566.
362 4065 450 4122 Hodie
467 4065 495 4120 iu
515 4064 575 4119 oud.
594 4081 738 4136 processus
757 4067 809 4122 civ.
829 4067 985 4123 attenditur
1003 4072 1114 4124 tantum
1138 4069 1186 4124 hic
1204 4071 1341 4126 moundus

388 4178 517 4245 aspectus
527 4213 1339 4235 ...................
1377 4195 1395 4236 rr
1411 4181 1469 4236 557

280 4279 344 4334 567.
362 4280 503 4336 Nonnulla
521 4279 705 4336 advertuntur
716 4282 745 4336 in
758 4297 862 4352 genere
880 4283 970 4354 quoad
984 4283 1110 4339 remedia
1120 4285 1147 4339 in
1162 4288 1341 4341 contumaces

388 4402 424 4442 ax
442 4387 502 4442 iure
518 4403 570 4442 can
571 4426 1340 4447 ..................
1377 4408 1396 4453 a
1413 4394 1470 4450 558
