3350 5117
665 336 771 386 lnnnx
798 336 919 386 kunnu

667 620 764 677 Csrur
784 621 910 676 Unicum.

405 755 442 822 ‘DE
459 789 530 822 HODO
548 787 689 826 BUQUBNDI
705 787 744 820 ΙΕΙ
761 785 791 819 ΒΤ
809 785 940 820 nucwurr
957 785 1171 821 usmurrorms.

201 1000 261 1055 694.
282 1000 428 1055 Sententia
445 997 669 1054 condemnatoris
688 998 746 1053 sive
765 997 794 1050 in
815 997 983 1064 possessorio
1000 998 1060 1052 sive
1077 997 1106 1050 in
1123 997 1255 1066 petitorio

308 1106 398 1176 exigit
415 1106 455 1160 rei
475 1109 504 1160 et
521 1105 661 1160 fruetuum
681 1104 887 1159 restitutionem
891 1144 1208 1159 ........
1239 1123 1306 1177 pop.
1324 1106 1380 1160 662

201 1213 263 1268 695.
285 1213 339 1267 Res
358 1217 387 1267 st
404 1214 513 1267 fruetus
536 1211 620 1266 aliter
639 1212 763 1267 restituit
787 1212 1009 1280 possessores.
1029 1214 1058 1266 et
1082 1211 1167 1266 sliter
1190 1227 1254 1282 pes·

309 1317 489 1372 semermi.
534 1355 563 1379 .,
578 1353 1254 1370 ................
1293 1333 1309 1372 »
1339 1318 1377 1372 ibi

201 1424 261 1479 696.
282 1423 439 1478 Traduntur
457 1420 582 1475 diverses
600 1422 740 1475 fruetuum
760 1422 866 1492 speeies
891 1461 1252 1475 .........
1290 1439 1307 1477 »
1338 1425 1377 1479 ibi

201 1531 262 1586 om.
282 1529 423 1592 Quomodo
441 1530 548 1583 fruetus
566 1531 697 1584 restituet
717 1545 855 1598 possessor
874 1531 946 1583 mi.
980 1570 986 1582 .
1025 1571 1030 1582 .
1069 1571 1075 1583 .
1114 1571 1119 1582 .
1158 1570 1163 1581 .
1202 1570 1208 1585 .
1247 1569 1253 1581 .
1291 1530 1379 1586 »663

201 1637 263 1692 698.
284 1637 378 1707 Inopia
397 1637 560 1708 possessoris
579 1643 695 1692 excusat
713 1653 730 1690 s
748 1639 927 1693 restitutione
934 1677 1252 1692 ........
1290 1655 1307 1694 »
1340 1639 1379 1694 ibi

201 1743 262 1798 699.
283 1743 424 1804 Quomodo
442 1759 508 1799 vero
526 1743 633 1797 fruetus
652 1745 784 1800 restituet
802 1761 942 1816 possessor
961 1749 986 1801 b.
1005 1750 1020 1800 f
1018 1785 1252 1801 ......
1291 1747 1379 1802 »664

201 1851 262 1904 700.
284 1855 325 1905 An
348 1869 486 1922 possessor
504 1854 530 1906 b.
550 1854 567 1906 f.
587 1856 716 1907 teneatur
737 1852 884 1908 restituere
903 1853 1010 1906 fruetus
1028 1857 1206 1923 consumptos
1248 1897 1253 1908 .
1293 1873 1310 1911 »
1339 1857 1379 1910 ibi

201 1955 263 2010 701.
283 1958 307 2010 Α
327 1957 377 2012 lits
395 1961 552 2012 contestata
569 1973 665 2011 omnes
682 1957 789 2011 fruetus
807 1958 835 2010 in
855 1957 1034 2012 restitutione
1052 1959 1169 2016 veniunt
1202 1999 1207 2013 .
1246 2001 1251 2012 .
1290 1961 1379 2016 »666

202 2063 264 2118 702.
285 2064 428 2134 Expeuses
446 2082 513 2120 vero
531 2064 714 2120 diversimode
738 2065 903 2121 reficiendas
927 2069 993 2121 sunt
1017 2069 1165 2137 possessori
1191 2069 1216 2121 b.
1235 2069 1253 2121 f.

309 2176 338 2226 et
356 2173 505 2242 possessori
525 2174 594 2226 ms
592 2207 1252 2230 ................
1290 2176 1378 2231 »667
