3350 5117
554 356 598 403 nn
622 356 763 406 1un1cns
786 355 1050 405 ncccnsrasrlcrs
1344 334 1389 400 23

212 478 401 562 episcopati
411 478 536 546 iudicio
550 498 645 563 quam
656 478 852 545 Sozomenus
864 480 1157 547 itacommemorat:
1166 476 1307 563 (Hister.
1317 478 1344 543 1.
1356 477 1390 562 9)

213 604 343 671 ‹ittud
366 611 416 671 eat
440 604 635 672 monimum
660 605 871 671 rementiae
898 605 1122 688 Imperatoris
1147 606 1390 691 arpumenium

211 726 306 813 quod
328 728 397 793 iltis
418 728 478 814 pai
500 735 599 795 eram
621 728 659 795 ia
680 728 846 795 iudicium
868 728 987 803 cecati.
1012 729 1104 795 dedit
1122 732 1336 813 potestatem,
1360 726 1391 791 si

213 854 317 921 modo
333 854 489 920 animum
505 854 713 929 inducerent,
726 855 948 940 mapistrotus
963 855 1075 923 civitas
1090 852 1299 926 reticerent
1313 852 1392 934 Epi-

212 996 397 1061 sccpcrum
419 978 547 1045 iudicia
567 976 827 1060 provocandi»,
846 976 919 1041 Hoc
940 978 1087 1062 permisit
1111 978 1301 1061 Imperator,
1324 976 1391 1039 n'on

210 1102 308 1169 modo
322 1104 349 1169 si
373 1102 466 1169 ambo
482 1105 724 1179 convenissent3
741 1102 798 1169 sed
821 1104 918 1169 etiam
940 1102 1044 1169 altero
1059 1102 1277 1173 dissentiente,
1293 1106 1327 1168 et
1341 1101 1388 1164 in-

211 1230 332 1295 stantia
346 1230 430 1315 apud
453 1228 574 1295 iudices
590 1230 702 1295 civiles
722 1230 784 1294 iarn
800 1231 959 1315 incoepta.
975 1227 1026 1293 Ab
1042 1227 1224 1295 huiusmodi
1237 1222 1391 1315 Episcopi

212 1356 374 1420 sententia
397 1354 554 1440 appellari
577 1374 642 1419 non
665 1353 784 1420 licebat
805 1354 846 1419 ad
861 1352 983 1419 iudices
1006 1354 1123 1427 laicos;
1140 1351 1197 1417 sed
1216 1351 1256 1417 ab
1270 1350 1322 1417 his
1336 1351 1391 1417 ha·

210 1475 319 1542 benda
336 1483 407 1542 erat
423 1478 469 1542 uti
485 1452 707 1543 irrevocabilis
723 1482 755 1543 et
771 1478 954 1543 executioni
970 1474 1192 1543 demandanda
1208 1478 1289 1556 erat,
1304 1472 1392 1539 adbi-

103 1670 106 1676 ,
212 1603 283 1669 bita
305 1603 401 1668 etiam
422 1604 454 1667 vi
477 1603 608 1668 militari
631 1600 853 1685 (Sozomenuo
873 1602 894 1666 t.
910 1600 951 1687 c.)
968 1600 1026 1687 (1).
1050 1600 1131 1665 Dein
1154 1599 1391 1686 provocationis

214 1729 266 1795 ius
290 1728 492 1815 recognitum
515 1728 585 1801 fuit,
602 1728 771 1793 dummodo
794 1734 932 1812 utraque
954 1745 1031 1813 pars
1050 1726 1257 1791 consentiret.
1277 1726 1347 1790 Lex
1369 1724 1389 1787 7

220 1849 297 1919 Cod.
316 1854 394 1919 lust.
418 1854 469 1919 De
491 1852 676 1937 episcopati
697 1852 874 1919 audientia
897 1856 958 1918 etc.
983 1852 1146 1917 decernit:
1172 1868 1191 1911 a
1213 1850 1252 1916 Si
1273 1849 1333 1935 qui
1347 1869 1393 1915 eac

215 1994 383 2043 mareau
406 1976 502 2059 apact
523 1993 645 2041 samue
667 1975 751 2062 tepis
773 1974 956 2041 antistitem
978 1973 1391 2060 communicantem

213 2100 421 2167 vetabuntur
450 2102 510 2167 sed
540 2101 762 2185 reperientur
783 2101 885 2174 iltius,
909 2101 947 2165 in
977 2100 1067 2167 civiti
1089 2101 1259 2165 duntaxat
1288 2116 1391 2184 aepo-

212 2223 271 2299 tia,
297 2244 392 2292 more
419 2224 550 2307 arbitri,
576 2232 693 2309 sponte
716 2226 891 2293 reddentis
912 2226 1078 2292 iudicium
1101 2246 1133 2291 ›.
1150 2225 1232 2290 item
1253 2242 1392 2307 sequens

211 2348 271 2413 tea
294 2346 326 2429 8,
355 2346 387 2413 0.

308 2468 393 2535 Huic
416 2472 508 2556 operi
531 2470 698 2537 insudasse
720 2471 835 2537 Divum
852 2470 1056 2537 Ambrosium
1080 2474 1220 2536 testatur
1239 2470 1392 2556 Augusti-

215 2613 279 2659 nus
295 2590 458 2679 (Confess.
476 2596 549 2662 Lib.
566 2596 599 2671 6,
616 2617 644 2664 c.
661 2596 732 2682 37).
751 2618 769 2659 ‹
786 2594 1031 2662 Secludentibus
1046 2616 1109 2677 me,
1125 2595 1251 2682 (aiens),
1267 2596 1308 2661 ab
1324 2597 1393 2661 eius

210 2732 295 2780 aure
319 2722 351 2782 et
373 2738 441 2791 ore.
473 2719 614 2785 catervis
641 2721 844 2807 negotiorum
868 2712 1033 2785 hominum
1065 2739 1200 2805 quorum
1224 2716 1392 2783 infirmita-

212 2842 299 2909 tibus
322 2840 531 2907 serviebat».
550 2842 596 2907 De
619 2844 723 2928 seipso
745 2846 855 2907 autem
878 2843 1078 2927 Augustinus
1093 2841 1176 2905 haec
1191 2840 1305 2905 habet:
1331 2837 1393 2924 (De

218 2965 319 3050 Oper.
336 2966 493 3033 Mcnacb.
512 2984 585 3049 cap.
603 2964 640 3049 3)
657 2985 674 3027 ‹
692 2964 854 3041 Quantum
870 2966 986 3032 attinet
1000 2967 1040 3033 ad
1056 2986 1162 3031 meum
1182 2962 1392 3045 commodum,

213 3089 316 3154 multo
338 3088 467 3155 mallem
491 3108 551 3174 per
573 3088 715 3175 singulos
738 3088 816 3171 dies,
833 3087 953 3173 aliquid
969 3087 1115 3154 manibus
1130 3089 1260 3174 operari
1276 3091 1309 3152 et
1323 3056 1414 3152 cae'

211 3220 304 3281 teras
327 3216 427 3280 horas
449 3213 572 3281 habere
595 3214 830 3302 adlegandum
854 3221 887 3281 et
910 3214 1076 3287 orandum,
1102 3234 1195 3299 quam
1219 3214 1393 3280 tumultuo-

213 3340 358 3407 sissimas
381 3341 612 3426 perplexitates
635 3360 805 3406 causarum
829 3340 1009 3405 alienarum
1024 3341 1090 3426 pati
1106 3340 1146 3405 de
1169 3340 1307 3426 negotiis
1322 3357 1394 3404 sae-

218 3465 384 3533 cularibus
406 3464 468 3539 rel,
494 3464 672 3539 iudicando,
696 3464 894 3546 dirimendis,
918 3465 981 3544 vel,
998 3463 1251 3537 interveniendo,
1268 3463 1394 3549 praeci-

305 3730 345 3799 (1)
372 3730 449 3783 Hanc
469 3730 559 3799 legem
579 3730 677 3785 retulit
689 3730 838 3785 Gratianus
851 3732 880 3784 in
894 3730 1011 3785 Decreto
1025 3733 1058 3799 (c.
1071 3732 1125 3796 35,
1137 3730 1188 3795 36,
1201 3730 1255 3794 37,
1269 3747 1342 3784 caus.
1355 3730 1395 3796 11,

214 3855 239 3908 q.
261 3837 303 3903 1);
323 3840 352 3891 et
370 3834 548 3891 Correctores
567 3834 645 3889 Rom
665 3838 702 3890 ad
721 3854 780 3890 can.
800 3837 846 3889 35
866 3840 972 3904 neunt,
992 3854 1008 3891 e
1031 3834 1095 3891 Ccd.
1115 3834 1307 3890 'theodosiano
1331 3852 1395 3905 per-

217 3942 362 3997 tramissa
383 3942 410 3995 in
430 3940 603 4010 Capituiaria
621 3940 713 3995 Caroli
733 3942 839 4012 Magni,
861 3947 890 3997 et
908 3944 959 3997 sub
978 3944 1089 3997 nomine
1113 3941 1182 4010 imp.
1202 3939 1348 3995 Theodosii
1366 3940 1396 3995 in

216 4044 404 4100 Collectiones
430 4044 554 4099 Anaeimi
580 4050 609 4100 at
635 4044 733 4099 lvonis.
753 4044 857 4101 Eadem
881 4046 927 4101 lex
952 4048 1078 4117 excripta
1097 4047 1156 4100 *fuit
1181 4063 1198 4099 a
1222 4046 1347 4112 Decreta,
1366 4045 1396 4097 in

221 4172 284 4225 cap.
294 4154 339 4221 13,
354 4154 390 4217 X,
400 4154 442 4207 Da
454 4153 541 4208 indic.
556 4153 599 4223 (ΙΙ.
613 4154 647 4223 l.)
658 4155 693 4207 ab
706 4154 868 4209 innocentio
880 4155 925 4209 111.
936 4184 948 4197 ·
963 4154 1137 4210 Constantini
1151 4157 1217 4225 imp.
1229 4154 1398 4209 constitutio

221 4261 363 4330 reperitur
381 4260 455 4314 inter
474 4258 702 4327 constitutiones,
722 4260 811 4315 editas
829 4277 847 4314 a
864 4260 964 4315 iacebo
983 4261 1129 4317 Sirmundo
1147 4262 1265 4317 Parisiis
1283 4278 1308 4314 c.
1323 4259 1397 4312 1631
1436 4300 1439 4307 .

219 4370 251 4421 et
278 4364 352 4420 hanc
383 4363 572 4420 authenticam
601 4382 661 4421 esse
692 4364 786 4420 docuit
810 4364 948 4421 Gnatavus
972 4366 1079 4424 Haenel
1107 4371 1170 4423 edit.
1200 4369 1281 4422 Bona
1310 4364 1398 4431 1811,

207 4490 278 4544 paq.
297 4470 373 4524 445.
