3350 5117
531 347 573 393 oe
599 344 736 391 troicus
762 344 1027 391 scoiesmsricrs
1302 326 1366 389 187

185 470 484 551 vel.l10noclu',X
505 468 576 555 (ΙΙΙ,
601 470 656 553 50)
687 476 718 533 et
749 470 889 554 Pirhing
917 469 952 533 in
983 469 1030 533 tn.
1054 468 1105 533 De
1135 470 1202 552 fiete
1234 469 1310 532 oasa
1334 468 1369 531 X

187 594 243 677 (ΙΙ,
262 596 318 679 22)
334 616 366 659 a.
384 594 418 681 8)
435 596 520 659 banc
545 595 728 660 facultatem
747 596 914 679 Episcopis
930 614 950 657 a
965 594 1036 657 iure
1048 594 1194 675 positiro
1214 593 1367 658 derivari.

187 716 268 779 Nam
292 737 354 781 nec
379 719 411 781 in
437 720 506 783 iure
524 718 663 782 naturali
680 738 741 781 nec
766 719 798 781 in
822 719 894 781 iure
910 719 1052 801 gentium
1070 718 1265 788 continetur,
1283 714 1367 801 quod

186 839 328 923 quidam,
353 860 396 903 ex
424 840 558 925 simplici
583 840 787 925 deputatione
819 840 981 906 Antistitis
1012 838 1166 922 Principe
1191 838 1369 918 interioria

185 964 297 1030 valeat
320 961 416 1027 fidem
444 964 603 1048 publicam
635 966 801 1049 impertire
833 966 898 1029 suis
929 964 1109 1048 scripturis.
1136 962 1223 1027 Hinc
1253 983 1371 1026 munus

185 1091 390 1155 notariorum
414 1095 463 1155 est
487 1091 663 1156 institutum
688 1091 766 1155 iuris
789 1091 916 1175 positivi
941 1088 998 1173 (Ι).

280 1214 381 1297 Caput
407 1214 444 1278 ll
472 1215 524 1279 cit.
549 1195 598 1279 De
617 1212 716 1297 prob.
741 1215 802 1277 iam
826 1214 975 1297 supponit
999 1212 1033 1275 in
1057 1210 1241 1277 Ordinariis
1264 1209 1369 1273 facul·

185 1344 289 1405 tatem
314 1338 526 1405 constituendi
551 1339 636 1403 banc
656 1358 842 1421 personam
872 1337 1068 1419 publicem
1091 1335 1148 1399 sed
1179 1336 1253 1417 quia
1284 1332 1371 1397 iubet

188 1462 371 1527 huiusmodi
395 1462 556 1547 publicum
580 1460 749 1527 officialem
773 1462 990 1527 adhibendum
1015 1481 1087 1525 esse
1111 1462 1144 1524 in
1168 1459 1302 1537 iudiciis,
1320 1456 1370 1520 de}

188 1584 312 1649 ducunt
338 1586 374 1649 D.
398 1585 453 1649 D.:
481 1584 700 1650 «auctoritas
723 1589 753 1649 et
777 1552 1038 1649 uetus'ereartdi
1061 1601 1120 1647 seu
1143 1577 1368 1646 constituendi

187 1710 345 1775 notarios
366 1714 414 1775 est
436 1715 532 1775 octus
554 1709 724 1775 iudicialis
730 1728 744 1791 ,·
768 1710 921 1793 adeoque
944 1712 1044 1773 extro
1061 1706 1271 1772 territorium
1295 1705 1371 1790 fieri

186 1853 260 1899 non
275 1840 384 1915 potest
400 1854 431 1908 »;
449 1834 494 1899 ita
512 1834 648 1919 Pirhing
671 1835 691 1898 l.
710 1855 749 1904 c..
764 1856 838 1898 cum
856 1834 1025 1898 communi.
1045 1833 1154 1907 Quare
1171 1833 1203 1896 in
1220 1831 1314 1915 praxi
1331 1828 1371 1892 ab

188 1956 359 2041 Episcopis
383 1957 465 2021 baec
489 1960 648 2022 sententia
664 1976 742 2043 prae
759 1958 859 2023 oculis
875 1956 1024 2021 habenda
1048 1963 1106 2029 est,
1124 1976 1206 2040 quae
1226 1953 1372 2039 quamvis

188 2100 254 2145 non
281 2088 392 2146 careat
408 2082 708 2153 contradictoribus,
725 2086 833 2146 tamen
849 2082 889 2145 ad
906 2083 1072 2146 evitandas
1089 2080 1267 2146 dubietates
1283 2080 1374 2143 circa

187 2207 338 2271 valorem
362 2208 648 2273 instrumentorum
672 2227 691 2271 a
715 2208 921 2272 cancellariis
944 2228 1000 2272 seu
1024 2209 1157 2271 notariis
1176 2211 1370 2291 rogatorum.

187 2337 291 2399 satius
316 2339 374 2413 est,
398 2333 486 2397 hunc
519 2330 689 2397 officialem
722 2334 895 2399 constituat
929 2335 1120 2418 Episcopus,
1146 2332 1221 2397 dum
1252 2334 1285 2395 in
1315 2349 1373 2394 sua

188 2462 333 2525 dioecesi
357 2466 509 2525 versatur
533 2458 588 2542 (2).

283 2583 387 2647 ludex
410 2602 489 2647 vero
520 2582 694 2668 delegatus,
720 2584 746 2646 si
770 2582 924 2665 delegans
949 2583 977 2645 ei
1002 2583 1163 2646 notarium
1194 2601 1259 2644 non
1289 2580 1370 2643 assi·

187 2709 313 2794 gnarit„
332 2710 488 2791 potestate
512 2706 629 2791 gaudet
652 2706 711 2771 sibi
728 2705 944 2769 constituendi
961 2706 1131 2784 notarium,
1144 2704 1184 2768 ad
1208 2724 1247 2768 ea
1262 2710 1369 2767 taurea

187 2838 263 2895 acta
278 2835 402 2893 tantum
419 2828 625 2900 excribenda‚
644 2848 726 2912 quae
743 2830 774 2893 in
791 2827 908 2892 iudicio
925 2828 1072 2913 delegato
1093 2826 1258 2891 exaranda
1275 2830 1349 2890 sunt
1366 2848 1373 2891 :

187 2972 267 3039 erp.
292 2973 319 3018 c.
338 2974 364 3017 e.
388 2954 426 3017 11
450 2952 499 3017 De
520 2954 674 3035 rescript.
700 2953 776 3018 ind
801 2952 838 3037 (Ι,
858 2952 891 3037 3)
914 2958 947 3017 et
968 2953 1010 3018 15
1034 2954 1084 3017 De
1103 2954 1158 3035 off.
1175 2951 1245 3015 iud.
1263 2952 1371 3035 ‹tetep

187 3079 227 3143 in
252 3078 276 3143 6
299 3078 339 3162 (Ι,
366 3076 431 3159 14),

282 3287 322 3357 (Ι)
343 3287 491 3356 Fagnanns
509 3286 538 3339 in
550 3286 568 3340 l.
583 3304 605 3340 c.
620 3291 783 3357 conceptum
798 3288 838 3341 ita
852 3287 997 3356 exprimit:
1017 3303 1032 3337 e
1049 3288 1118 3345 Quia
1132 3284 1254 3357 (inquit),
1268 3294 1298 3336 at
1311 3300 1374 3337 ere·

188 3400 277 3451 dtztzcr
300 3397 375 3466 pelli
392 3397 523 3449 animalis
542 3396 653 3465 (nempe
671 3396 825 3465 scripturae
846 3401 992 3462 exaratae,
1011 3396 1053 3449 uti
1078 3412 1137 3448 mos
1165 3399 1233 3459 erat,
1253 3395 1281 3446 in
1301 3392 1374 3462 pelle

188 3506 335 3575 pecorum)
355 3514 396 3557 est
415 3507 581 3569 contraius,
601 3506 647 3558 cui
664 3506 742 3558 solus
763 3505 901 3575 Princeps
918 3520 1069 3573 supremus
1086 3514 1175 3573 potest
1194 3505 1373 3569 derepere».

190 3613 302 3683 Reapse
322 3617 365 3666 est
384 3612 464 3667 iuxta
482 3614 524 3667 ius
544 3612 672 3667 naturale
692 3617 722 3667 ut
742 3613 871 3667 credatur
884 3612 1003 3665 testibus
1020 3610 1075 3666 fide
1094 3612 1193 3680 dignis,
1206 3610 1254 3663 sed
1273 3610 1374 3661 consti-

190 3719 272 3769 tuere
285 3715 417 3784 aliquem,
433 3714 472 3767 uti
492 3718 592 3769 testem
607 3716 831 3776 aeternabilem,
852 3720 894 3769 est
913 3714 982 3767 iuris
1002 3714 1113 3783 positivi
1128 3714 1186 3766 siue
1199 3714 1295 3780 scripti
1316 3712 1374 3765 siro

190 3832 247 3870 non
268 3818 376 3886 scripti.

284 3924 323 3991 (2)
343 3920 474 3976 Notarius
492 3940 540 3977 seu
560 3923 710 3987 actuarius,
730 3940 764 3976 ex
784 3923 939 3976 intentione
966 3922 1035 3975 iuris
1059 3939 1127 3988 can,
1147 3940 1227 3974 suum
1254 3921 1374 3973 officium

190 4030 311 4083 sortitur
338 4029 469 4084 directius
488 4030 522 4083 'ad
542 4034 605 4083 acta
624 4030 765 4083 iudicialia
790 4030 972 4096 excribenda;
991 4029 1043 4083 boc
1068 4031 1119 4083 sub
1145 4035 1271 4098 respectu
1296 4034 1376 4082 actus
1474 4082 1479 4093 ,

190 4138 307 4192 creandi
333 4140 470 4191 notarium
497 4144 625 4194 censetur
650 4144 729 4192 actus
748 4139 897 4203 iudicialis,
916 4155 950 4191 eo
975 4138 1065 4206 magis
1090 4138 1162 4207 quod
1182 4138 1209 4190 in
1229 4154 1374 4207 personam

190 4243 296 4299 notarii
317 4243 400 4313 dirigi
419 4250 533 4314 possunt
545 4246 722 4315 exceptiones
735 4246 900 4315 suspicionis
915 4250 946 4298 ut
964 4246 999 4298 ab
1018 4244 1070 4298 hoc
1083 4261 1199 4298 munere
1211 4242 1373 4311 repellatur.

193 4356 330 4411 Notarius
349 4370 415 4409 vero
433 4354 535 4408 dicitur
554 4354 655 4419 creari,
671 4354 736 4423 quia
755 4372 832 4408 suam
859 4358 1026 4424 potestatem
1046 4354 1105 4423 ipse
1123 4357 1267 4405 mutuatur
1288 4356 1373 4405 totam

193 4481 230 4518 ex
250 4463 450 4517 constitutione
469 4460 626 4531 superioris.
