3350 5117
337 306 407 373 420
456 361 458 369 .
733 304 737 315 '
866 326 950 374 raas
974 327 996 372 1.

433 450 510 515 lure
526 470 605 515 vero
622 470 735 515 comm.
753 470 817 515 non
834 449 934 515 luisse
956 448 1106 514 abolitam
1122 468 1182 534 per
1205 450 1259 513 cit.
1277 454 1379 514 const.
1396 450 1517 515 oralem

337 594 509 641 causarum
533 574 800 647 dissertationem.
822 576 978 661 probetur
1000 595 1066 640 non
1096 579 1222 639 tantum
1246 576 1321 659 quia
1347 578 1456 641 textus
1477 574 1521 639 de

339 700 523 767 huiusmodi
538 700 748 786 derogatione
764 720 806 765 ne
821 700 919 766 habet
934 700 1060 784 quidem
1076 702 1282 781 mentionem,
1299 700 1356 766 sed
1378 701 1522 765 maxime

337 826 414 911 quia
437 824 627 890 referuntur
650 824 686 890 in
710 844 854 907 corpore
875 824 962 889 iaris
992 826 1088 909 plura
1111 824 1229 890 iudicia
1250 826 1314 891 hoc
1337 826 1440 889 mixto
1463 844 1521 909 sy·

338 956 474 1019 stemate
490 952 612 1037 agitata
628 956 661 1016 et
675 952 850 1036 praecipue
865 971 926 1035 per
940 951 1037 1017 eduae
1051 950 1142 1017 accis
1165 951 1405 1019 contentionem
1421 968 1519 1013 exer·

342 1079 408 1143 cita
424 1097 534 1143 coram
551 1078 618 1161 ipso
633 1076 777 1141 Romano
795 1072 960 1140 Pontifice.
980 1076 1162 1141 Praeterea
1177 1094 1282 1161 nuper
1298 1076 1330 1139 in
1350 1076 1429 1141 lnst.
1446 1073 1521 1138 data

342 1222 363 1267 a
383 1202 415 1268 S.
431 1202 549 1287 Congr.
567 1200 634 1265 EE.
652 1206 683 1265 et
700 1200 769 1264 Ra.
788 1201 823 1265 11
845 1200 933 1263 iunii
947 1198 1039 1265 1880
1054 1205 1168 1284 aperte
1183 1199 1420 1285 praescribitur
1436 1196 1521 1263 haec

338 1324 523 1400 methodus;
547 1344 621 1387 nem
645 1328 706 1388 art.
732 1323 775 1387 33
799 1322 1003 1388 decernitur:
1030 1323 1328 1388 ‹Transmittr'iar
1343 1322 1425 1387 dein
1440 1340 1524 1404 pro

340 1469 454 1516 cernas
483 1449 608 1533 scripto
639 1454 805 1515 caerulas
834 1448 1058 1515 Procuratori
1087 1450 1205 1533 fiscali,
1229 1454 1267 1513 at
1288 1468 1352 1515 sao
1374 1465 1525 1512 manne

340 1589 387 1637 em
415 1570 523 1655 officio
552 1568 744 1655 sanpaiur5
767 1568 926 1652 idemque
950 1587 1132 1651 processus
1157 1568 1337 1635 ordinarn'o
1369 1568 1525 1632 traditae·

339 1697 411 1781 qui,
435 1696 544 1780 plena
568 1713 693 1763 causae
716 1694 907 1781 capnitione
937 1694 1071 1776 adepta.
1089 1692 1179 1759 diem
1203 1694 1374 1760 constituit
1396 1695 1436 1759 in
1452 1712 1524 1778 qua

339 1818 565 1903 disceptanda
588 1824 618 1883 et
641 1817 844 1884 resolvenda
865 1818 917 1890 sit,
942 1836 1070 1882 curans
1085 1822 1122 1881 at
1138 1824 1317 1884 acnnann
1340 1816 1526 1884 certicrdc

343 1946 406 2014 lroc
427 1949 488 2033 fiat
502 1967 532 2011 a.
550 1980 594 1993 -
618 1947 689 2011 Art.
714 1945 773 2009 34:
801 1945 895 2009 «Die
908 1944 1088 2011 constituta
1114 1945 1324 2027 proponitur
1340 1964 1448 2011 caasa
1472 1965 1526 2012 co

338 2091 420 2137 ram
442 2071 574 2138 Vicario
591 2070 760 2151 Generali,
773 2068 1048 2135 intersecantibus
1062 2068 1295 2135 Procuratore
1310 2070 1392 2154 fisci,
1409 2070 1525 2136 Advo-

340 2201 416 2263 cato
440 2200 471 2261 et
497 2192 709 2261 Canceltaric
734 2214 764 2257 ›.
784 2228 830 2240 -
853 2195 925 2258 Art.
949 2194 1002 2258 35.
1030 2194 1147 2259 <Post
1170 2198 1286 2259 votam
1308 2194 1523 2261 Promcrato-

340 2320 391 2387 ris
405 2320 478 2407 fisci
496 2325 525 2386 et
549 2319 766 2385 deductiones
782 2318 948 2385 Advocati
959 2317 1141 2401 profertur
1163 2317 1340 2391 sententia,
1357 2318 1526 2386 dictando

340 2444 574 2526 dispositicam
609 2442 820 2508 Cancetlario
855 2461 934 2507 cani
970 2441 1131 2524 eapticita
1165 2440 1344 2514 arreptione,
1376 2442 1413 2507 in
1438 2462 1526 2508 casa

342 2566 586 2638 damnationis,
612 2565 797 2631 canonicae
819 2565 1004 2631 sanctionis
1026 2571 1183 2631 accrasato
1206 2565 1432 2665 applicatapr
1461 2565 1519 2652 (2).

341 2848 589 2905 instrumentorum
604 2847 805 2917 productiones,
819 2845 1056 2912 interlocutiones,
1066 2844 1277 2915 appellationes,
1285 2846 1525 2913 renunciationes,

340 2954 542 3019 conclusiones,
561 2958 591 3008 et
609 2956 720 3007 caetera
733 2968 804 3022 quae
823 2952 996 3005 occurrerint
1014 2952 1183 3021 competenti
1202 2952 1298 3005 ordine
1311 2952 1524 3020 conscribenda,

339 3058 403 3113 loca
421 3056 598 3127 designanda
619 3062 744 3125 tempora
768 3059 796 3109 et
821 3070 960 3123 personas.
981 3055 1018 3107 Et
1041 3054 1135 3108 omnia
1152 3054 1193 3106 sic
1217 3054 1375 3123 conscripta
1393 3055 1524 3123 partibus

340 3164 509 3228 tribuantur,
535 3163 575 3215 ita
598 3161 670 3231 quod
693 3160 844 3229 originalia
867 3176 952 3229 penes
976 3161 1126 3229 scriptores
1144 3164 1322 3224 remaneant;
1341 3164 1373 3213 ut
1393 3159 1417 3212 si
1437 3178 1523 3231 super

341 3287 470 3342 processu
491 3268 589 3323 iudicis
608 3268 693 3323 luerit
711 3269 825 3321 suborta
844 3268 995 3333 contentio,
1009 3284 1059 3337 per
1076 3265 1129 3320 hoc
1147 3267 1234 3335 possit
1252 3266 1355 3321 veritas
1367 3266 1523 3321 declarari:

338 3377 477 3443 quatenus
497 3370 548 3424 hoc
568 3368 693 3423 adhibito
709 3368 904 3434 moderamine,
923 3367 964 3421 sic
982 3368 1106 3422 honestis
1125 3372 1154 3423 et
1172 3367 1300 3421 discretis
1318 3368 1462 3422 deteratur
1480 3370 1523 3422 iu-

337 3476 453 3541 ditibus,
463 3477 534 3546 quod
561 3492 609 3545 per
632 3474 800 3544 improvidos
824 3479 854 3529 et
872 3476 982 3545 iniquos
1000 3474 1190 3529 innocentium
1210 3473 1319 3530 institia
1342 3489 1398 3527 non
1423 3473 1523 3529 laeda·

338 3590 385 3639 tur
395 3592 449 3640 etc.
462 3602 484 3637 a.
501 3582 631 3639 Decernit
650 3583 779 3637 Pontifex
789 3611 802 3624 ·
813 3587 886 3653 qual
899 3584 1051 3654 oripinalie
1061 3600 1149 3653 pianes
1160 3588 1314 3653 scriptores
1326 3594 1524 3638 ranamant-

337 3694 404 3766 quia
424 3693 469 3747 hic
488 3692 618 3746 Pontifex
638 3708 691 3745 non
713 3691 835 3762 loquitur
847 3692 881 3745 de
899 3690 1069 3745 cancellario
1088 3692 1182 3745 curiae
1208 3708 1257 3761 pro
1284 3708 1339 3762 qua
1364 3692 1418 3746 iste
1439 3696 1522 3761 rogat

338 3809 411 3870 acta,
431 3802 478 3858 sed
498 3802 530 3857 de
550 3799 662 3870 publico
689 3799 799 3853 notario
824 3816 908 3868 penes
933 3817 1014 3869 quem
1043 3804 1188 3854 remanent
1212 3804 1277 3853 acta
1294 3802 1330 3854 ab
1355 3816 1389 3853 eo
1409 3806 1524 3870 rogata,

338 3914 435 3981 postea
454 3904 647 3963 transferenda
660 3905 693 3957 ad
708 3904 812 3958 curiam
827 3904 957 3975 adquam
971 3906 1120 3974 pertinent,
1134 3905 1243 3976 quando
1255 3922 1354 3975 nempe
1364 3905 1525 3960 demoritur

338 4015 477 4070 notarius.
505 4011 592 4066 Hodie
613 4026 657 4065 res
675 4011 715 4063 ita
734 4011 833 4088 ¹agitur
858 4010 943 4063 etiam
968 4011 996 4063 in
1021 4009 1106 4063 curiis
1124 4008 1253 4064 civilibus
1271 4010 1362 4081 quoad
1386 4013 1525 4075 notarios,

339 4119 523 4175 diversimode
547 4132 614 4171 vero
638 4093 734 4187 quoad
753 4116 940 4170 cancellarios
965 4116 1167 4181 tribunalium,
1191 4132 1241 4185 pro
1268 4116 1370 4185 quibus
1393 4116 1447 4183 ipsi
1472 4130 1522 4168 ro·

339 4231 409 4296 gant
428 4230 499 4279 acta

427 4332 467 4401 (2)
490 4329 641 4398 Pellegrini
655 4346 697 4399 op.
713 4330 755 4383 cit.
771 4330 800 4383 P.
811 4329 850 4382 ΙΙ.
862 4329 890 4382 in
910 4329 1033 4398 proemio
1047 4334 1191 4399 postquam
1204 4329 1275 4405 alias
1289 4344 1433 4397 processus
1448 4343 1518 4396 par·

340 4441 383 4491 tes
402 4436 593 4507 explicaverit,
614 4436 668 4489 ait:
688 4452 704 4487 ι
723 4434 828 4496 Quibus
846 4435 975 4488 omnibus
1001 4434 1146 4504 expletis...
1170 4438 1318 4489 monentur
1340 4450 1373 4487 ac
1392 4432 1521 4486 citantur
