3350 5117
452 345 495 392 os
519 345 659 392 iuumus
682 346 945 396 nocuusmsrrcrs
1222 332 1283 396 481

201 467 232 551 3)
255 468 309 532 vel
331 468 358 532 si
380 474 473 533 actor
496 472 636 535 maiores
666 470 805 536 ediderit
836 472 1052 556 probationes,
1078 473 1180 539 eidem
1208 441 1293 538 iura:

118 599 251 659 mentum
275 594 486 660 deserendum
509 601 567 660 est.
593 595 640 661 Cf.
666 615 741 679 cap.
765 599 824 663 att.
849 597 903 663 cit.
925 597 956 662 lt.
981 603 1001 662 t.
1025 597 1067 664 X.

202 714 276 780 462.
303 719 522 782 luramentum
546 718 777 803 suppletorium
802 739 959 784 recusans
975 719 1112 784 habetur
1135 741 1194 806 pro
1219 740 1292 785 con-

117 839 208 904 fesso.
241 843 319 914 Ast,
339 861 404 906 non
443 841 559 909 desunt
593 864 706 916 casus,
742 845 858 927 quibus
897 846 1111 910 iuramentum
1147 845 1293 912 recusari

116 969 236 1048 potest:

205 1087 236 1175 l)
260 1089 287 1152 si
303 1107 323 1154 a
340 1089 443 1154 iudice
459 1095 609 1154 servatae
625 1108 689 1154 non
705 1092 771 1156 sint
786 1092 923 1177 regulae
939 1111 959 1155 a
974 1091 1065 1156 nobis
1081 1111 1180 1176 supra
1195 1109 1292 1177 expo·

114 1211 201 1274 sitae.
226 1210 380 1286 Quamvis
404 1214 488 1276 enim
513 1212 610 1277 iudex
633 1215 702 1278 sive
728 1212 914 1278 ordinarius
946 1214 1014 1278 sive
1044 1212 1211 1298 delegatus
1233 1212 1292 1277 ha·

114 1330 186 1400 beat
207 1334 395 1402 facultatem
425 1335 595 1401 deferendi
625 1337 842 1411 iuramentum
872 1336 913 1400 acl
944 1336 1154 1423 supplendum
1178 1335 1291 1422 proba·

111 1461 232 1526 tionum
256 1459 426 1541 delectum,
440 1461 568 1545 quando
590 1462 653 1527 hoc
677 1466 768 1546 putat
784 1467 1009 1547 opportunum,
1026 1469 1133 1527 tamen
1157 1463 1292 1548 regulae

111 1586 287 1651 nonnullae
309 1589 435 1654 servari
459 1587 586 1660 debent,
610 1589 724 1672 quibus
747 1589 877 1674 spretis,
902 1589 1042 1655 delatum
1074 1590 1291 1655 iuramentum

110 1712 258 1776 recusari
281 1717 402 1797 potest:
426 1710 526 1778 iudex
547 1731 628 1776 vero
652 1712 808 1777 decernet
831 1733 874 1778 an
897 1712 1041 1798 legitima
1061 1715 1102 1778 sit
1118 1713 1169 1776 vel
1185 1711 1291 1778 minus

108 1837 290 1910 recusatio;
314 1841 364 1902 est
385 1837 536 1920 quaestio
559 1836 722 1902 incidem.

196 1959 233 2046 2)
259 1961 402 2026 Recusat
423 1965 619 2045 procurator
642 1960 703 2025 nisi
726 1957 849 2025 habeat
872 1961 1013 2045 speciale
1035 1957 1237 2033 mandatum

195 2087 232 2172 3)
257 2093 385 2152 recusat
410 2087 466 2151 ille
493 2087 546 2170 qui
570 2085 610 2151 de
633 2086 720 2152 facto
748 2089 962 2150 controverso
992 2105 1056 2150 non
1088 2085 1185 2150 habet
1208 2083 1291 2150 suffi-

108 2211 251 2275 cientem
274 2212 440 2277 scientiam
463 2218 520 2276 aut
538 2213 702 2285 notitiam;
717 2232 783 2276 non
807 2215 913 2296 potest
930 2211 1014 2275 enim
1031 2217 1155 2275 temere
1178 2211 1289 2292 iurari,

104 2332 162 2396 sed
186 2335 317 2400 iuratur
340 2336 376 2400 in
399 2334 536 2410 iudicio,
560 2335 598 2400 in
625 2335 762 2418 iustitia,
786 2336 824 2401 in
855 2336 1003 2401 castate.
1030 2334 1133 2398 Etiam
1166 2333 1205 2398 de
1228 2333 1291 2397 hac

104 2461 317 2526 recusatione
339 2459 437 2524 iudex
460 2459 625 2531 decernet.
649 2480 691 2524 an
716 2460 863 2545 legitima
885 2461 935 2526 sit.

196 2585 275 2650 463.
300 2587 444 2670 Denique
460 2588 493 2651 in
509 2605 710 2670 quacumque
726 2587 835 2671 specie
852 2588 1024 2650 iuramenti
1048 2583 1206 2650 iudicialis
1222 2585 1290 2649 sive

106 2711 265 2776 decisorii
284 2712 353 2776 sive
367 2712 556 2797 suppletorii
572 2717 621 2776 est
636 2712 777 2775 maxime
793 2708 988 2776 attendenda
1011 2709 1162 2785 formula,
1187 2708 1218 2774 id
1242 2713 1291 2772 est

98 2835 233 2917 positio
258 2855 315 2900 seu
339 2835 559 2922 interropatio
587 2815 652 2936 sub¹
677 2856 740 2920 qua
771 2841 969 2922 provocatur
996 2837 1220 2902 iuramentum.
1246 2869 1290 2884 -

102 2958 142 3020 ln
168 2959 359 3024 iuramento
383 2957 523 3024 iudiciali
547 2956 705 3024 decisorio
728 2979 808 3045 pars
840 2978 921 3043 quae
944 2959 1013 3024 vult
1044 2960 1127 3026 istud
1158 2958 1290 3024 deferre

98 3092 156 3146 aut
189 3080 334 3152 referre,
359 3083 507 3147 ostendat
529 3082 627 3148 iudici
651 3081 836 3164 formulam,
857 3083 1040 3166 positivam
1064 3087 1119 3148 aut
1145 3083 1289 3148 interro-

96 3208 264 3294 pativam
287 3208 553 3292 complectentem
581 3209 702 3272 lactum
726 3213 761 3272 et
784 3206 979 3272 adminicula
1001 3207 1087 3277 lacti.
1113 3206 1152 3270 de
1176 3205 1290 3289 quibus

96 3332 310 3398 asseveratio
344 3333 449 3396 iurata
480 3333 631 3418 exigitur.
658 3331 761 3396 ludex
788 3337 893 3417 potest
928 3351 998 3396 eam
1035 3302 1205 3416 corrigere
1235 3329 1288 3393 vel

92 3458 238 3520 omnino
263 3455 447 3520 excludere.

192 3585 238 3648 ln
262 3584 442 3647 iuramento
465 3582 662 3668 suppletorio
687 3581 785 3647 iudex
808 3601 854 3647 eo>
878 3580 985 3666 officio
1009 3585 1065 3644 aut
1088 3580 1135 3644 nd
1158 3579 1288 3644 instan-

93 3704 186 3769 tiam
212 3705 319 3788 partis
348 3705 395 3768 uti
427 3705 578 3790 proponit
608 3705 835 3784 iuramentum,
860 3703 905 3768 ita
936 3702 1086 3788 proponit
1115 3699 1288 3764 formulam

88 3830 290 3893 iuramenti.
315 3828 399 3893 Pars
421 3848 504 3912 quae
526 3827 622 3893 debet
654 3829 776 3910 iurare,
802 3847 1022 3913 quaecumque
1053 3828 1095 3894 sit
1118 3828 1288 3892 iuramenti

86 3955 242 4041 species,
259 3953 442 4019 consideret
457 3955 640 4035 formulam,
657 3955 828 4020 attendens
844 3975 886 4019 an
902 3953 1134 4020 affirmationes
1155 3954 1201 4017 ita
1216 3971 1289 4018 oon-

86 4083 216 4164 ceptas
236 4077 347 4142 iurare
363 4078 476 4162 possit3
493 4083 590 4160 atque
602 4077 697 4141 etiam
713 4077 887 4162 protestari
903 4081 1016 4162 potest,
1030 4095 1066 4142 se
1081 4076 1287 4151 iuncturam,

83 4201 118 4266 st
144 4199 363 4266 mutationes
385 4200 597 4266 inducuntur
612 4220 634 4264 a
650 4218 685 4266 se
698 4200 907 4283 propositae.
924 4199 1015 4272 Tunc
1031 4197 1138 4272 iudex,
1154 4198 1288 4265 alterius

81 4329 203 4414 partis
231 4347 393 4413 perpensa
415 4328 578 4398 instantia.
604 4327 759 4392 decernet
781 4347 824 4392 au
849 4327 1022 4412 positiones
1045 4327 1090 4391 ita
1113 4345 1287 4410 expressae

81 4452 232 4518 admitti
256 4450 394 4518 debeant
409 4450 450 4516 ad
474 4452 702 4516 iuramentum.
721 4451 866 4535 Denique
882 4451 979 4517 iudex
995 4449 1089 4516 debet
1105 4449 1287 4536 ponderare

252 4579 310 4632 Suc.
332 4578 417 4647 Lepci.
1108 4573 1138 4626 31
