3350 5117
541 380 585 426 na
608 378 747 427 rnnrcns
771 377 1037 426 sccaasmsrrcrs
1312 357 1378 422 247

290 503 400 578 Quare
421 523 481 568 uos
496 501 633 568 inferius
646 501 820 568 distinctim
837 521 971 587 agemus
994 499 1034 565 de
1053 499 1232 565 interdictis
1249 517 1379 582 posses-

196 626 304 694 sionis
325 626 587 710 recuperandae
612 630 643 692 et
664 625 864 692 retinendae
891 626 962 690 iure
985 643 1118 688 romano
1145 621 1292 697 inductis,
1317 642 1379 687 nec

197 772 263 817 non
286 751 327 816 de
349 751 656 838 praescriptionibus
677 771 699 816 a
721 752 793 816 iure
813 771 888 834 ‘con
917 751 1041 816 additis.

286 879 364 946 214.
388 878 463 944 Nou
493 883 638 965 praestat
658 897 740 944 vero
770 878 951 966 appositam
980 878 1062 942 inire
1090 877 1314 944 tractationem
1338 873 1378 940 de

197 1003 379 1070 interdictis
401 1002 627 1090 adipiscendae
650 1002 872 1087 possessionis,
890 1004 965 1086 quia
980 1001 1063 1066 haec
1080 1021 1143 1066 non
1158 999 1289 1066 inducta
1311 999 1379 1064 fue

197 1132 274 1192 runt
297 1126 339 1192 ad
362 1129 593 1213 possessionem
609 1126 772 1207 tuendam,
789 1128 836 1191 uti
853 1127 917 1190 iam
935 1125 1142 1205 advertimus,
1159 1122 1215 1188 sed
1239 1121 1279 1188 ad
1297 1122 1378 1187 alios

196 1251 331 1321 effectus
354 1253 572 1320 conciliandos
594 1254 675 1320 iuris
689 1254 817 1339 positivi
834 1253 972 1334 romani,
997 1255 1029 1316 et
1052 1252 1225 1337 praecipue
1244 1251 1282 1316 ad
1307 1252 1375 1314 eins

195 1381 339 1464 rigorem
362 1378 621 1464 temperandum
644 1396 728 1461 quae
751 1377 831 1442 iuris
847 1379 978 1463 positivi
993 1376 1191 1442 conditiones
1207 1395 1279 1442 cnm
1295 1378 1374 1440 iam-

194 1503 320 1588 pridem
352 1502 515 1568 resolutae
537 1502 647 1572 iuerit
675 1502 709 1565 in
733 1500 832 1566 curiis
860 1497 1007 1565 civilibus
1030 1504 1063 1565 et
1085 1501 1118 1564 in
1146 1500 1245 1564 curiis
1268 1499 1374 1564 eccle-

194 1628 333 1693 siasticis
357 1625 539 1692 huiusmodi
561 1625 734 1691 interdicta
756 1623 853 1688 aliam
876 1622 1061 1688 habuerunt
1083 1623 1339 1708 applicationem.

283 1752 323 1814 ln
348 1769 479 1839 genere,
504 1749 543 1814 ad
566 1750 696 1834 negotia
719 1749 837 1830 civilia,
856 1748 989 1830 fuerunt
1013 1751 1205 1812 conservato
1220 1746 1302 1811 haec
1326 1765 1374 1810 re-

193 1872 299 1938 media
322 1891 383 1959 pro
407 1871 623 1953 concedenda,
639 1871 699 1937 sub
713 1870 875 1957 praesidio
899 1869 1046 1955 publicae
1069 1868 1280 1940 auctoritatis,
1298 1867 1374 1931 frui-

191 2000 280 2065 tione
290 1997 460 2068 bonornm.
470 2004 582 2085 utputa
594 1998 782 2064 hereditatis
794 2004 850 2064 aut
862 1998 960 2084 legati
972 1997 1024 2062 vel
1037 1995 1281 2064 fideicommissi,
1291 2014 1373 2078 quae

191 2120 326 2208 pacifice
349 2121 497 2188 obtinere
520 2121 615 2188 debet
630 2123 711 2188 civis
726 2123 871 2209 apposito
887 2123 958 2188 iure
975 2123 1159 2188 instructus.
1178 2157 1220 2170 -
1238 2118 1373 2204 Negotia

192 2266 272 2310 vero
295 2246 518 2312 ecclesiastica
547 2244 632 2329 qnod
653 2249 785 2331 spectat,
810 2244 851 2309 ad
874 2246 1107 2330 possessionem
1134 2240 1372 2328 adipiscendam

190 2369 291 2434 veluti
315 2367 475 2442 beneficii,
499 2372 700 2455 episcopatus
723 2376 779 2434 aut
801 2369 937 2434 alterius
966 2367 1083 2452 publici
1108 2367 1260 2437 muneris,
1285 2364 1373 2430 adhi-

190 2493 286 2560 betur
307 2495 475 2562 immissio
498 2516 556 2561 seu
578 2495 742 2561 institutio
765 2495 872 2560 realis
888 2513 944 2558 seu
967 2493 1176 2564 investitura,
1194 2511 1275 2574 quae
1298 2509 1371 2554 cum

190 2621 299 2704 expeti
311 2618 451 2684 debeant
464 2618 504 2684 ab
521 2639 559 2684 eo
575 2621 627 2703 qni
645 2621 694 2684 ius
709 2618 808 2684 habet
823 2616 863 2684 ad
880 2624 1004 2684 certum
1021 2637 1136 2682 munus
1152 2614 1370 2680 exercendum

189 2749 246 2807 aut
257 2741 408 2816 officium,
422 2744 560 2810 indolem
574 2745 760 2830 exprimunt
771 2745 908 2809 actionis
916 2742 1125 2828 possessionis
1136 2739 1369 2827 adipiscendae.

188 2867 253 2934 Sed
276 2868 361 2935 baec
384 2870 526 2935 innuisse
549 2867 687 2934 sufficiat
709 2865 765 2953 (l).
782 2868 832 2935 cf.
851 2865 1068 2934 Titulnvae
1090 2867 1166 2932 inst.
1187 2867 1220 2931 X
1243 2863 1368 2950 (ill-7).

278 3115 319 3186 (1)
339 3115 420 3185 Apud
438 3116 597 3171 canonistas
610 3114 787 3186 explicantur
799 3115 953 3170 interdicta
965 3116 1162 3186 adipiscendae
1176 3131 1251 3185 poss.
1265 3116 1294 3168 et
1306 3118 1371 3168 sunt

185 3225 342 3292 sequentia·
364 3225 490 3284 Quorum
503 3227 640 3280 bonorum
652 3255 666 3267 ·
681 3226 806 3286 Οιιονκγη
821 3227 983 3297 lepatorum
995 3253 1008 3266 ·
1024 3224 1188 3278 Saluianum
1201 3253 1214 3266 -
1228 3224 1371 3279 Possesso-

185 3333 280 3398 rium,·
297 3329 368 3386 baec
387 3335 452 3385 sunt
470 3333 627 3402 praecipua.
646 3333 770 3386 Primum
789 3336 818 3387 et
838 3331 1000 3397 secundum,
1012 3331 1054 3385 ita
1071 3331 1224 3385 dictasunt
1241 3348 1259 3385 a
1276 3331 1369 3386 verbis

185 3438 289 3507 quibus
313 3438 467 3507 incipiebat
490 3437 612 3493 edictum
631 3439 774 3508 praetoris.
795 3438 923 3493 Tertium
949 3455 967 3492 a
990 3439 1101 3493 nomine
1126 3437 1263 3507 praetoria
1287 3438 1369 3492 insti·

186 3545 306 3612 tuentis3
327 3550 457 3616 quartum
476 3548 511 3600 ab
530 3547 591 3616 ipso
603 3547 712 3601 effectu.
725 3575 762 3589 -
778 3548 906 3607 Quorum
920 3549 1056 3602 donorum
1068 3547 1185 3600 dabatur
1198 3545 1240 3599 illi
1254 3545 1369 3617 quinon

185 3656 298 3722 poterat
316 3654 437 3722 experiri
450 3653 590 3708 actionem
605 3655 766 3725 petitoriam
780 3653 954 3720 hereditatis,
974 3659 1003 3708 et
1022 3671 1070 3724 par
1083 3653 1261 3707 interdictum
1274 3653 1368 3722 acqui·

183 3758 274 3825 rebat,
289 3757 448 3813 ministerio
461 3759 606 3827 praetoris,
616 3761 751 3814 bonorum
764 3758 859 3814 heredi
866 3759 1000 3814 tariorum
1011 3759 1210 3829 possessionem
1220 3775 1269 3812 seu
1279 3774 1368 3825 nsum,

183 3863 264 3918 salva
282 3864 352 3919 iuris
372 3866 543 3935 quaestione.
564 3868 690 3926 Quorum
709 3869 871 3937 lecatorum
891 3867 1009 3921 dabatur
1027 3865 1121 3921 heredi
1141 3869 1238 3918 contra
1262 3865 1369 3934 legata-

182 3970 265 4035 rium,
286 3971 335 4041 qui
354 3970 471 4040 adeptus
490 3977 552 4028 erat
571 3973 771 4042 possessionem
790 3974 927 4027 bonorum
947 3973 1103 4044 legatorum
1122 3973 1181 4027 sine
1200 3973 1367 4026 auctoritate

183 4076 229 4130 val
250 4093 389 4131 consensu
407 4076 531 4132 heredis:
551 4080 578 4133 vi
597 4080 737 4135 interdicti
758 4082 831 4135 bona
851 4081 1072 4136 restituebantur
1086 4079 1189 4136 heredi.
1204 4081 1367 4135 Saleianum

183 4177 304 4233 dabatur
322 4178 436 4235 domino
453 4181 530 4235 fundi
549 4185 647 4236 contra
665 4183 794 4237 colonum
812 4183 935 4238 debitam
954 4185 1116 4254 pensionem
1138 4199 1194 4240 non
1213 4183 1366 4238 solventem

183 4283 218 4336 ad
237 4282 382 4340 habendas
394 4302 439 4340 res
457 4287 486 4340 in
500 4287 642 4356 praedium
653 4289 780 4343 invectas
793 4294 822 4344 et
834 4291 946 4344 domino
959 4308 993 4344 ex
1002 4295 1124 4362 pipnore
1137 4291 1287 4362 obligatas.
1300 4291 1367 4345 Pos-

183 4387 338 4442 sessorium
356 4386 475 4444 dabatur
494 4390 613 4458 emptori
631 4390 753 4446 alicuius
765 4393 957 4447 universitatis
969 4393 1105 4448 bonorum
1119 4394 1249 4450 adversus
1268 4394 1366 4450 deten-

184 4497 274 4548 torem
292 4493 413 4549 alicuins
431 4495 472 4550 rei
491 4496 657 4566 pertinentis
675 4496 710 4551 ad
729 4499 802 4552 bona
815 4502 917 4569 empta.
930 4527 967 4540 -
979 4497 1042 4554 Iure
1054 4516 1169 4554 romano
1182 4502 1267 4556 etiarn
1285 4499 1367 4554 luati-
