3350 5117
527 323 570 370 nn
595 323 734 371 runicus
757 323 1021 371 uacuasrssrrcrs
1294 300 1359 366 307

183 459 226 504 ex
251 441 271 506 l.
297 442 452 508 desiduis
467 479 482 492 -
499 443 533 510 G.
560 443 623 516 Qui
641 443 794 528 potiores
811 444 885 531 pic.
909 444 998 527 trab,-
1022 463 1086 509 non
1110 444 1197 510 enim
1212 443 1298 508 alter
1313 447 1363 507 est

184 589 263 652 prae
286 571 350 635 alio
373 572 595 657 privilegiatus
624 571 664 636 ad
689 571 882 658 captandum
906 573 1050 648 lucrum;
1077 569 1134 636 sed
1157 569 1361 656 privilegium

184 690 291 759 ilatum
316 700 365 759 est
387 697 526 760 maxime
550 695 590 760 ad
614 694 764 761 damnum
789 697 969 770 vitandum3
998 697 1044 761 uti
1068 695 1215 762 decernit
1237 714 1313 778 cop.
1336 691 1362 759 3

185 824 215 886 ln.
241 828 262 886 ί.
288 821 328 892 Χ,
352 820 540 907 disponens:
567 843 584 884 c
609 821 681 889 Nos
704 823 912 888 attendentes
935 823 1197 907 quodamque
1211 820 1362 886 Ecclesia

183 945 353 1031 tirnpatur
375 945 450 1010 iure
473 947 625 1018 minorita,
650 948 818 1030 asperitate
834 952 990 1030 pensata,
1007 951 1192 1029 utramque
1214 943 1360 1010 restitui·

184 1087 261 1134 eritas
285 1074 405 1134 contra
427 1069 629 1153 reliquom...
654 1087 697 1134 ne
720 1069 889 1134 attenua
908 1087 995 1151 pars
1006 1073 1151 1151 propter
1167 1066 1361 1134 huiusmodi

184 1189 427 1274 neplipeatiam
449 1187 550 1274 praui
572 1189 707 1256 iactura
730 1189 889 1257 laedatur
904 1210 936 1252 ›.

275 1313 416 1418 Μία.
431 1311 536 1379 locum
568 1312 665 1378 habet
689 1314 803 1398 regula
829 1313 1069 1399 peiotteoiattes
1098 1332 1160 1382 suo
1178 1311 1361 1400 nampio

185 1437 350 1503 adversae
374 1437 480 1504 olium
493 1438 822 1524 priuitepiutaauti
844 1458 915 1506 aaa
933 1443 1043 1521 potest
1065 1440 1098 1503 in
1122 1439 1194 1522 pari
1216 1454 1314 1506 causa
1330 1442 1365 1504 et
1421 1489 1425 1494 .

185 1563 219 1624 in
243 1564 313 1647 pari
337 1564 503 1648 utriusque
527 1563 718 1631 conditione.
743 1564 855 1629 Veluti
878 1565 905 1629 si
929 1564 1078 1630 Ecclesia
1100 1563 1261 1630 lucrosam
1285 1564 1363 1629 hae-

188 1684 356 1750 reditatem
385 1671 574 1773 repudiavit,
608 1689 735 1753 interim
767 1689 831 1752 alia
854 1688 1003 1754 Ecclesia
1025 1687 1111 1752 hanc
1140 1686 1201 1752 sibi
1224 1687 1362 1754 delatam

185 1814 377 1895 acceptante
396 1816 430 1876 et
451 1812 599 1894 adeunte,
617 1832 681 1877 nou
698 1814 879 1878 restituitur
894 1812 1042 1879 Ecclesia
1058 1811 1232 1898 repudians
1247 1817 1363 1878 contra

186 1933 296 2009 aliam;
321 1935 397 2017 quia
420 1935 585 2020 utriusque
601 1935 769 2001 Ecclesiae
788 1956 848 2022 par
872 1942 920 2001 est
942 1955 1057 2011 causa3
1082 1936 1157 2020 quia
1171 1955 1236 2001 una
1259 1939 1364 2001 cerat

186 2056 226 2124 de
249 2059 342 2123 lucro
358 2057 525 2144 captando,
543 2059 606 2124 alia
621 2059 661 2125 de
684 2058 776 2126 lucro
792 2079 858 2124 non
873 2059 1058 2142 amittendo,
1074 2066 1107 2126 et
1129 2060 1162 2124 in
1178 2062 1250 2146 pari
1266 2080 1364 2126 causa

187 2186 302 2251 melior
318 2191 368 2250 est
383 2185 522 2250 conditio
546 2185 745 2272 possidentis.
763 2188 989 2254 -Adversus
1012 2207 1182 2274 personam
1207 2207 1273 2253 nou
1297 2187 1363 2273 pri·

187 2309 372 2396 vilegiatam
396 2309 610 2396 privilegiato,
624 2310 687 2375 hoc
702 2312 735 2374 in
752 2329 838 2391 casu,
857 2312 1014 2376 restitutio
1031 2311 1101 2376 dari
1117 2311 1208 2376 solet.
1226 2310 1275 2376 Gt.
1294 2311 1362 2374 Pir-

185 2431 486 2518 metaE

276 2557 437 2632 Quocirca
452 2559 654 2644 privilegium
677 2559 896 2625 restitutionis
911 2560 949 2623 in
968 2559 1139 2645 inteprum
1156 2557 1250 2622 datur
1266 2558 1365 2624 certis

186 2684 342 2768 personis,
360 2703 425 2747 nou
448 2684 594 2767 praecise
617 2685 742 2747 ratione
765 2702 924 2768 personae
947 2683 1004 2748 sed
1027 2684 1153 2749 ratione
1176 2683 1283 2746 damni
1307 2702 1363 2748 seu

184 2805 347 2870 laesionis.
373 2805 481 2879 Quare
505 2805 643 2871 heredes
665 2805 839 2872 minorum
856 2812 989 2890 possunt
1005 2806 1050 2871 uti
1073 2807 1136 2871 hoc
1156 2803 1300 2870 remedio
1323 2806 1363 2869 ad

186 2924 418 2991 rescindendos
432 2933 523 2992 actus
539 2946 669 2991 suornm
692 2930 870 3007 auctorum,
884 2926 924 2990 ad
941 2925 1155 3011 reparandam
1170 2925 1364 3000 laesionem;

185 3051 228 3116 cf.
254 3051 545 3136 Schmalzgrueber
569 3053 598 3116 b.
625 3057 646 3118 t.
669 3073 703 3117 a.
727 3053 778 3116 17.

275 3177 351 3243 275.
378 3177 468 3242 Haec
491 3177 725 3242 straordinaria
748 3177 831 3240 actio
856 3195 898 3240 ex
922 3177 1104 3243 conditione
1132 3178 1245 3243 aetatis
1268 3178 1366 3242 mino·

185 3298 284 3364 ribus.
299 3305 332 3363 et
359 3269 807 3363 iiie'minorun“utentibus
831 3318 995 3373 concessa,
1013 3319 1052 3365 eo
1081 3301 1157 3384 quia
1179 3300 1366 3367 extraordi-

186 3431 280 3494 naria
303 3433 361 3498 est,
387 3433 419 3492 et
441 3447 505 3491 non
530 3447 572 3492 ex
595 3427 714 3491 iustitia
737 3426 793 3492 sed
816 3447 859 3490 ex
882 3428 1028 3510 simplici
1054 3429 1224 3512 aequitate
1253 3448 1367 3493 conoe.

184 3553 281 3633 ditur,
307 3549 525 3618 tantummodo
548 3567 607 3636 per
630 3549 874 3634 quadriennium
899 3549 1003 3632 durat,
1021 3552 1095 3617 dum
1116 3552 1200 3617 aliae
1222 3553 1367 3618 actiones

185 3679 380 3751 ordinariae,
398 3697 462 3742 nou
487 3678 632 3764 exceptis
647 3676 825 3742 actionibus
842 3675 997 3742 civilibus
1011 3676 1058 3762 (l)
1074 3698 1116 3742 ex
1133 3677 1205 3742 dolo
1222 3684 1255 3744 et
1268 3681 1366 3758 metu,

186 3803 386 3888 regulariter
408 3801 448 3867 ad
472 3801 516 3866 30
539 3821 641 3866 annos
664 3802 783 3886 vigent.

275 4013 315 4080 (l)
335 4013 450 4082 lnquam
476 4041 488 4053 -
509 4011 636 4066 civilibus
656 4041 669 4053 -
689 4027 737 4066 seu
756 4011 790 4064 ad
809 4011 988 4067 obtinendam
1007 4016 1087 4066 actus
1107 4012 1298 4066 rescissionem
1318 4017 1368 4064 aut

186 4119 411 4184 indemnitatem
433 4125 462 4174 et
481 4117 532 4172 hac
558 4119 712 4173 intentione
732 4116 887 4170 huiusmodi
907 4119 982 4171 actio
1001 4118 1060 4172 iure
1080 4134 1138 4172 can.
1161 4122 1285 4187 urgetur.
1306 4117 1368 4170 lure

186 4241 253 4279 vero
272 4241 340 4279 rom.
360 4227 430 4279 actio
450 4227 511 4279 doli
529 4230 590 4281 erat
608 4224 774 4279 subsidiaria
798 4227 828 4277 et
847 4224 989 4278 infamiam
1014 4225 1144 4280 inurebat
1168 4223 1279 4288 doloso;
1304 4221 1369 4275 hinc

185 4335 306 4388 dabatur
325 4338 423 4388 contra
442 4333 566 4387 dolosum
586 4351 635 4402 per
654 4333 797 4389 biennium
811 4331 974 4386 continuum
992 4349 1010 4386 a
1027 4332 1071 4389 die
1084 4333 1223 4387 commissi
1243 4332 1307 4387 doli.
1325 4330 1368 4386 Cf.

189 4441 437 4509 Arndeserufint,
458 4445 475 4495 t.
496 4459 528 4506 a,
546 4447 564 4506 ἓ
584 4443 655 4496 334.
