3350 5117
520 349 565 398 nn
589 350 728 399 romeus
752 350 1017 401 sccunsnsnus
1292 334 1357 402 169

173 473 404 539 consentiente
434 480 494 539 aut
520 475 599 541 atiis
629 476 787 543 adhibitis
817 478 904 543 iuris
933 476 1202 545 solemnitatibus
1223 476 1358 545 adhoc

170 596 408 679 praescriptis.
433 632 477 645 -
501 597 587 663 Hinc
610 600 637 663 si
665 599 708 663 ita
740 600 932 665 constitutus
960 600 1061 665 tuerit
1090 604 1294 687 procurator,
1317 618 1358 667 re

173 738 249 785 uon
281 720 433 803 amptius
465 719 620 807 integrm,
657 726 762 789 morte
791 720 991 788 beneficiarii
1024 724 1079 790 vel
1105 726 1260 811 praelati,
1291 745 1357 791 non

174 851 375 911 remoretur.

268 970 301 1057 6)
324 970 431 1037 Morte
454 973 675 1055 procuratoris
691 974 759 1038 sivo
775 992 829 1039 ros
844 974 974 1060 integra
993 976 1035 1040 sit
1052 976 1121 1041 sive
1136 996 1202 1041 non
1217 975 1355 1060 integra

176 1096 261 1160 Nam
289 1100 441 1161 consetur
462 1096 496 1161 in
520 1102 733 1183 procuratore
760 1098 865 1164 electa
891 1099 1048 1165 industria
1071 1120 1246 1186 personae,
1271 1099 1356 1165 undo

174 1219 362 1286 mandatum
385 1220 427 1285 ad
450 1220 609 1289 haeredes
631 1223 773 1289 transire
795 1244 861 1289 non
884 1230 998 1310 potest.
1023 1225 1071 1291 Gi.
1091 1224 1228 1311 Pirhing
1244 1225 1289 1290 tit.
1307 1224 1357 1291 De

171 1352 351 1429 procurat.
376 1368 410 1413 u.
433 1348 505 1429 112,
529 1355 562 1414 et
586 1349 606 1414 t.
631 1348 681 1415 27
703 1350 725 1433 ἕ
751 1350 786 1435 ff.
809 1350 970 1416 Moudoti
985 1349 1043 1438 (1).

264 3176 306 3247 (Ι)
319 3176 349 3229 ln
370 3175 563 3231 Decretalibus
581 3176 709 3246 Gregorii
728 3178 768 3232 lx
788 3183 851 3247 post
868 3178 984 3233 titulum
1003 3180 1075 3232 «De
1092 3176 1323 3249 procuratoribus
1337 3192 1356 3231 s

175 3282 357 3352 subsequitur
375 3280 476 3335 titulus
495 3298 510 3333 ι
525 3283 566 3336 De
584 3284 697 3351 syndico
711 3283 794 3353 ›,qui
813 3287 857 3337 sst
875 3284 983 3353 species
1006 3283 1194 3353 procuratoris
1215 3280 1356 3351 gensi-alis

179 3391 209 3441 st
233 3374 404 3442 dsfinstuns
424 3386 591 3441 Procurator
614 3389 661 3459 qui
687 3388 806 3442 alicuius
835 3387 1027 3442 universitatis
1053 3388 1193 3442 communi
1223 3383 1355 3440 mandato

168 3498 275 3550 'causas
294 3496 324 3549 st
342 3494 407 3549 litos
426 3494 549 3550 siusdsm
568 3494 753 3561 administrat,
766 3499 847 3549 ourut
859 3500 889 3549 st
902 3496 1078 3567 prosequitur
1091 3513 1107 3549 r
1120 3497 1169 3549 cir.
1184 3490 1354 3561 Schmatzgr.

176 3600 216 3651 tie
237 3598 280 3653 De
299 3598 413 3666 syndico
432 3614 460 3651 n.
480 3598 502 3653 t.
521 3596 683 3652 Huiusmodi
711 3602 905 3667 procuratores
929 3596 1035 3653 habant
1059 3602 1089 3652 st
1112 3598 1166 3669 ipsi
1186 3598 1356 3665 potestatam

176 3705 230 3761 sibi
249 3706 278 3759 in
298 3704 429 3759 mandato
447 3704 631 3771 commissam,
642 3704 688 3760 ssd
710 3704 860 3776 aliquando
879 3720 913 3760 sn
931 3704 1101 3760 necassitats
1125 3702 1300 3758 statutorum
1320 3706 1355 3759 ab

175 3809 273 3881 aliqua
293 3810 475 3867 universitate
493 3810 651 3881 stipantum·
669 3828 755 3881 quaro
774 3828 808 3865 ss
827 3816 970 3881 praestaro
989 3814 1105 3881 possunt
1117 3828 1189 3882 quas
1201 3800 1231 3866 in
1243 3812 1357 3883 legibus

175 3918 349 3973 fundationis
367 3916 524 3973 huiusmodi
548 3920 774 3988 procuratoribus
798 3920 1008 3975 demandantur.
1034 3920 1105 3981 Quia
1129 3936 1183 3974 non
1208 3938 1243 3977 ex
1262 3922 1353 3979 libera

174 4026 335 4081 manduutis
354 4024 500 4083 voluntate
518 4027 734 4094 constituuntur,
744 4026 790 4082 ssd
802 4044 838 4082 ox
856 4027 1036 4097 dispositione
1049 4027 1127 4093 iuris,
1140 4027 1270 4083 dicuntur
1289 4046 1352 4101 pro·

174 4137 320 4189 curatores
338 4133 497 4189 necessarii.
517 4132 575 4188 Hac
594 4150 628 4189 sx
647 4138 726 4205 parte
745 4136 916 4189 oonvsniuut
933 4151 996 4190 cum
1015 4137 1159 4199 tutoribus,
1175 4140 1352 4193 curatoribus

175 4239 291 4311 stipsis
308 4241 436 4311 putribus
453 4240 580 4313 familias
598 4240 655 4311 qui,
674 4242 838 4312 respective,
857 4259 892 4298 ex
910 4245 1079 4297 tostamsnto
1098 4241 1142 4297 vol
1156 4259 1191 4297 ox
1203 4242 1276 4311 logo,
1292 4260 1355 4314 pro·

174 4352 321 4402 curatores
346 4346 419 4399 fiunt
446 4360 625 4415 personarum
653 4346 705 4402 sibi
733 4346 915 4403 addictarum.
940 4374 974 4388 -
1004 4344 1044 4401 Cf.
1064 4364 1122 4417 cop.
1142 4348 1164 4399 2
1183 4348 1223 4401 De
1248 4350 1278 4403 iu
1303 4350 1355 4402 int.

173 4456 290 4511 rest.·X
308 4454 342 4527 (1,
360 4453 414 4523 41).
505 4480 509 4489 ·
