3350 5117
389 292 456 358 4110
915 311 998 360 raas
1023 313 1044 358 1.

390 434 503 520 plicari
520 436 614 501 nimis
629 455 694 499 non
710 435 826 501 debeat
841 436 987 502 omnibus
1010 437 1133 523 regulis
1158 438 1422 524 Pragmaticorum
1441 439 1511 521 quoal

389 577 503 624 causas
527 559 738 642 suspicionis.
763 559 855 624 Haec
877 559 993 646 probat
1016 561 1062 624 De
1087 561 1174 626 Luca
1190 563 1240 628 De
1262 563 1331 627 iad.
1347 561 1514 628 4111432114

388 685 550 752 disserens
574 684 613 751 de
636 688 733 773 praxi
755 689 867 753 curiae
884 687 1049 753 Romanae
1065 688 1235 760 a.11,12.·
1253 709 1270 751 ‹
1290 687 1416 772 Ideoque
1429 687 1516 770 pariter

388 813 526 877 materia
548 833 651 898 capax
676 833 739 876 non
763 819 813 878 est
836 814 970 899 regulae
994 817 1103 878 certae
1127 818 1160 878 et
1183 814 1345 899 generalis
1374 814 1518 893 cuicunque

389 936 478 1000 casui
502 934 701 1021 applicabilis
723 934 779 1000 sed
809 935 960 1021 prudenti
992 935 1105 1000 iudicis
1127 935 1264 1002 arbitrio
1293 938 1420 1000 reurissa
1438 941 1464 1000 et
1480 953 1519 1018 pru

389 1059 589 1144 singulorum
612 1079 743 1123 casuum
760 1059 914 1142 qualitate
938 1065 971 1124 et
993 1060 1262 1136 circumstantiis;
1278 1081 1318 1124 aa
1334 1037 1520 1144 propter-een-

347 1269 355 1284 ·
390 1185 513 1250 eruceri
534 1191 682 1253 meretur
705 1186 789 1252 idem
812 1167 912 1251 error
924 1185 1118 1272 procedendi
1142 1207 1214 1252 cum
1230 1186 1384 1252 doctrinis
1404 1191 1519 1250 etaucto

390 1312 538 1377 ritetibus
551 1312 583 1376 in
599 1311 665 1376 sole
682 1311 802 1392 littera,
818 1331 884 1374 non
901 1309 1097 1377 reflectendo
1112 1310 1151 1375 ad
1169 1312 1355 1395 qualitatem
1369 1311 1447 1382 facti,
1461 1311 1522 1375 cuius

389 1454 507 1500 revera
531 1437 635 1520 potius
658 1453 753 1517 quam
774 1435 854 1499 iuris
870 1441 920 1500 est
935 1436 1088 1519 quaestio.
1105 1434 1196 1500 Unde
1212 1435 1353 1502 indicum
1368 1436 1400 1500 in
1421 1435 1471 1498 ista
1482 1451 1522 1495 na·

390 1562 473 1626 teria
492 1562 656 1645 magister,
674 1560 922 1625 Iurisconsultus
940 1560 1152 1626 Callistratus
1172 1560 1277 1625 refert
1292 1561 1467 1625 sententiam
1480 1556 1522 1620 diti

390 1683 548 1749 Hadriani
576 1683 712 1748 iudicem
740 1684 948 1766 alloquentis,
977 1682 1058 1766 quod
1090 1683 1214 1748 scilicet
1243 1683 1319 1767 ipse
1347 1683 1428 1750 scire
1448 1684 1525 1764 potat

390 1813 519 1894 quanta
541 1809 626 1894 fides
649 1807 784 1874 testibus
806 1807 1002 1874 attinente
1024 1808 1065 1873 sit
1089 1829 1119 1872 ›.

569 2045 590 2124 S
613 2043 643 2108 2.
670 2042 718 2138 tle
741 2041 901 2107 examine
926 2033 1057 2106 testium
1074 2045 1105 2106 et
1128 2041 1390 2108 attestationum.

390 2233 607 2290 summarium.
619 2261 654 2275 -
668 2233 729 2287 474.
750 2233 780 2287 111
800 2235 929 2288 civilibus
948 2233 1062 2286 testium
1083 2249 1199 2288 examen
1213 2233 1246 2287 fit
1258 2235 1297 2287 ad
1311 2234 1459 2288 iactantiam
1467 2229 1529 2300 ponis

478 2357 550 2410 quae
568 2340 653 2394 iudici
671 2340 772 2395 offerre
790 2339 874 2394 debet
892 2341 1029 2394 articulos
1047 2356 1096 2394 seu
1115 2340 1192 2393 facta
1215 2345 1398 2396 controversa
1414 2357 1429 2392 4
1445 2337 1529 2392 testibus

478 2446 650 2516 explicanda.
670 2447 755 2501 ludex
774 2449 910 2516 approbat
929 2446 975 2502 vel
994 2447 1100 2516 respuit
1119 2447 1162 2502 vel
1181 2449 1301 2518 corrigit
1320 2445 1466 2502 huiusmodi
1482 2445 1530 2514 peti·

478 2553 582 2609 tionem
601 2553 696 2622 partis.
711 2581 744 2594 -
757 2551 818 2605 475.
833 2549 931 2605 Testes
949 2550 1053 2604 citandi
1068 2555 1133 2604 sunt
1152 2569 1207 2604 une
1224 2551 1350 2621 simplici
1364 2551 1530 2611 citatiotiones

479 2677 533 2714 non
553 2659 676 2712 citantur
693 2661 786 2726 partes
804 2657 839 2710 ad
858 2659 1010 2712 videndum
1029 2667 1110 2712 testes
1128 2659 1233 2712 iurare.
1248 2687 1284 2699 -
1297 2659 1361 2711 476.
1377 2661 1418 2712 An
1430 2659 1533 2710 iurantu-

479 2770 538 2820 tum
557 2764 663 2819 remitti
682 2763 777 2833 possit.
791 2791 825 2804 —
838 2763 899 2816 477.
914 2767 957 2816 An
972 2769 1064 2832 partes
1078 2765 1212 2818 interesse
1231 2764 1357 2820 debeant
1375 2763 1475 2818 testinn
1489 2775 1533 2814 411·

478 2869 545 2924 mini
565 2876 595 2925 41
612 2868 748 2940 quomodo
766 2867 819 2922 hoc
837 2867 992 2938 expleatur.
1006 2897 1041 2911 -
1054 2869 1114 2922 478.
1133 2868 1163 2922 ln
1183 2871 1383 2926 aristomenes
1400 2887 1450 2924 non
1465 2881 1533 2920 macc

478 2979 553 3031 ditur
565 2976 638 3046 parti
651 2975 814 3046 producenti
827 2991 918 3046 neque
931 2975 1089 3030 adversario
1102 2977 1237 3031 interesse
1257 2979 1393 3032 examini.
1405 2969 1533 3028 -41914

478 3085 683 3154 terrogationes
695 3092 777 3138 antea
789 3082 952 3152 dirigendae
966 3081 1072 3136 suntin
1085 3082 1236 3153 qualitates
1250 3085 1378 3151 test-inm,
1393 3092 1420 3137 ut
1433 3087 1534 3151 apparet:

480 3193 627 3262 praecipue
645 3210 680 3246 ex
698 3207 818 3261 quonam
837 3192 915 3245 sonte
943 3191 1023 3245 testis
1048 3188 1159 3244 hauriat
1178 3208 1256 3244 suam
1277 3193 1321 3247 rai
1342 3187 1535 3252 1101111441ῑά41

478 3299 639 3370 diriguntur
654 3301 684 3353 in
702 3302 815 3354 factum.
834 3327 871 3340 -
890 3297 950 3353 480.
972 3301 1190 3353 Attestationum
1204 3299 1285 3354 valor
1305 3301 1433 3356 absolate
1450 3295 1534 3352 etratu-

479 3406 532 3458 a'ea
551 3403 719 3458 considerari
733 3407 831 3472 potest.
845 3431 881 3444 -
894 3401 957 3456 481.
977 3400 1141 3470 Explicatur
1153 3401 1325 3474 regulaque
1344 3405 1477 3466 statuitur,
1487 3401 1536 3452 dau

478 3521 558 3566 testas
576 3515 652 3564 omni
675 3513 837 3580 exceptione
862 3511 983 3564 maiores
1003 3510 1121 3580 plenum
1137 3513 1236 3581 facere
1260 3513 1370 3581 fictam
1388 3517 1416 3565 et
1434 3504 1536 3582 quomolt

477 3618 628 3690 aliquando
646 3635 717 3671 tinus
736 3617 816 3672 testis
834 3615 953 3670 sufficiat
976 3621 1006 3672 et
1024 3617 1132 3687 quando
1157 3621 1243 3672 testes
1267 3635 1392 3674 numero
1415 3619 1493 3688 plures
1508 3631 1536 3665 rt·

477 3724 633 3794 quirentur.
650 3749 687 3764 -
706 3721 765 3773 482
785 3722 824 3775 At
842 3719 993 3790 aliquando
1011 3720 1105 3790 plures
1124 3725 1210 3775 testes
1231 3721 1334 3777 valent
1358 3721 1497 3795 raptatae
1510 3723 1535 3768 tt

479 3847 550 3884 unas
569 3827 656 3892 tastis,
675 3844 724 3881 seu
743 3831 809 3880 sunt
829 3827 999 3896 sinpatares.

479 4043 553 4108 474.
580 4041 745 4107 Hactenus
768 4039 808 4105 de
830 4045 978 4125 personis
1008 4041 1144 4114 testium,
1168 4039 1262 4106 modo
1287 4043 1462 4108 ¹videamus
1484 4055 1536 4120 qur

389 4175 483 4241 modo
506 4171 586 4238 fiant
607 4172 838 4235 attestationes.

479 4301 517 4364 ln
541 4294 694 4364 ciuilibus
716 4295 791 4378 quia
812 4297 922 4380 partes
944 4291 1083 4379 probare
1106 4291 1233 4376 debent,
1251 4296 1422 4364 invocatio
1443 4293 1538 4360 tetro

388 4423 460 4492 fieri
484 4425 613 4489 debete
628 4424 721 4506 parte
736 4418 778 4484 ad
793 4418 935 4504 aliquod
955 4417 1086 4503 factam
1106 4417 1322 4504 probandum,
1344 4422 1465 4488 scilicet
1476 4419 1536 4480 cira
