3350 5117
310 253 354 324 34
833 272 917 319 rans
941 272 964 318 1.

311 403 514 489 Religionem
538 400 748 487 ingrediatur,
772 397 857 463 unde
888 398 1084 463 matrimonii
1110 398 1171 462 rati
1201 395 1364 461 vinculum
1391 395 1489 459 resol-

310 534 416 593 vatur.
436 526 523 591 Talis
546 526 632 589 enim
655 523 850 591 matrimonii
874 521 1032 595 rescissio,
1051 540 1115 586 non
1131 521 1163 585 vi
1180 520 1403 585 conventionis
1418 538 1490 605 par·

310 652 406 725 tium;
425 649 481 714 sed
505 670 547 713 ex
568 649 642 733 lege
666 649 825 735 provenit,
842 645 1005 713 tribuente
1030 644 1209 731 Religionis
1227 642 1423 730 approbatae
1439 644 1490 709 in-

310 774 436 859 gressui
459 774 524 838 vim
548 777 622 836 mat.
647 772 710 836 rati
734 769 937 836 dissolvendi.
1001 744 1008 757 Ι

389 897 455 996 lus
476 914 556 996 pero
580 894 724 1000 Qu
747 899 780 957 et
801 894 992 989 canpnicum
1017 897 1128 956 vetant
1154 892 1398 987 transactiones
1415 886 1487 988 fieri

310 1040 409 1105 super
432 1020 529 1086 rebus
552 1027 584 1085 et
614 1019 738 1084 iuribus
759 980 987 1105 spiritualibus
1010 1017 1166 1103 litigiosis
1192 1036 1233 1081 ne
1264 1021 1489 1101 permutantur

309 1166 363 1209 res
386 1120 570 1239 spirituales
592 1165 664 1209 cum
689 1144 792 1229 pretio
815 1140 1005 1228 temporali;
1029 1116 1130 1207 veluti
1149 1113 1202 1206 ius
1225 1124 1414 1213 dammandi,
1439 1141 1490 1204 ius

308 1274 507 1356 patronatus,
525 1272 573 1334 ius
597 1270 821 1354 exemptionis,
839 1270 911 1333 iura
928 1265 1139 1347 beneficialis,
1157 1286 1234 1359 cum¹
1254 1286 1291 1331 re
1310 1268 1415 1351 pretio
1438 1285 1490 1331 ae

309 1394 469 1476 stimabili‚
486 1414 560 1482 erp.
578 1394 630 1461 cit.
648 1416 674 1461 c.
690 1394 722 1469 7,
738 1395 770 1470 9,
790 1393 844 1475 10,
862 1394 893 1458 b.
911 1399 932 1458 t.
948 1396 990 1467 X,
1015 1398 1149 1479 propter
1172 1393 1297 1457 crimen
1321 1393 1487 1457 simoniae.

400 1522 494 1587 Patet
516 1522 580 1586 hoc
603 1520 737 1586 decerni
760 1520 799 1585 de
822 1522 1041 1587 transactione
1059 1522 1205 1605 proprie
1236 1522 1335 1594 elicta,
1362 1520 1494 1605 quando

310 1647 429 1732 aliquid
452 1649 566 1728 datur,
589 1648 756 1715 retinetur
777 1647 829 1712 vel
848 1647 1061 1729 promittitur
1084 1648 1263 1733 temporale
1286 1668 1345 1733 pro
1371 1666 1407 1711 re
1423 1649 1488 1733 spi-

310 1772 428 1836 rituali.
455 1771 534 1835 Nam
557 1772 583 1835 si
607 1770 773 1855 spirituale
789 1788 849 1854 pro
865 1770 1031 1855 spirituale
1048 1771 1156 1834 veniat
1172 1772 1206 1834 in
1227 1772 1484 1844 conventionem,

310 1914 353 1957 ex
376 1913 451 1976 cup.
475 1894 532 1958 aa
565 1892 776 1978 quaestiones
798 1892 830 1964 6,
856 1891 906 1957 De
932 1911 1052 1958 rerum
1080 1898 1226 1975 permut.
1251 1892 1286 1957 X
1307 1894 1390 1971 (Ill,
1415 1893 1485 1975 19);

310 2022 366 2082 aut
388 2017 564 2082 transactio
579 2016 769 2099 improprie
784 2016 883 2089 dicta,
902 2036 959 2081 seu
975 2016 1160 2100 compositio
1176 2016 1362 2089 amicabilis,
1380 2016 1487 2103 locum

309 2139 435 2215 habeat,
461 2139 494 2204 id
517 2143 567 2204 est
588 2140 694 2224 pactio
723 2138 874 2224 gratuita,
899 2138 1071 2224 prohibitio
1103 2139 1191 2203 nulla
1218 2141 1314 2225 uiget.
1340 2141 1488 2207 Edicitur

309 2268 343 2330 in
367 2285 442 2349 cup.
467 2266 580 2348 Super
602 2286 651 2337 eo,
677 2264 709 2335 7,
734 2265 764 2328 b.
791 2270 811 2329 t.
838 2285 856 2327 c
888 2264 1049 2351 l'runstpi
1071 2284 1174 2349 super
1201 2284 1240 2331 re
1263 2286 1365 2333 soma
1388 2272 1420 2333 et
1447 2268 1488 2332 u-

312 2392 433 2478 tipiosu
454 2411 525 2458 non
543 2396 671 2474 potest:
694 2390 816 2456 etenim
839 2411 895 2456 res
918 2409 1039 2457 samue
1054 2396 1090 2456 ut
1102 2392 1354 2474 possideantur,
1372 2393 1487 2478 utiquo

310 2517 390 2582 clato
413 2517 466 2582 vet
489 2520 616 2581 retento
639 2515 709 2581 siue
728 2516 898 2597 promisso
929 2515 1074 2597 speciem
1097 2516 1267 2581 crectimus
1298 2516 1421 2583 trabere
1444 2519 1489 2582 si·

309 2641 456 2708 rnouiae.
474 2642 572 2706 Alios
593 2639 623 2705 si
645 2640 754 2725 pratis
768 2644 801 2705 et
815 2639 1039 2707 accusabiliter
1053 2640 1143 2706 inter
1157 2659 1192 2707 se
1209 2641 1377 2727 titipanlcs
1393 2661 1484 2707 cons·

305 2771 448 2847 ponunt,
472 2763 580 2831 sacris
603 2762 790 2829 canonibus
811 2781 1032 2849 nequaquam
1059 2764 1204 2830 elicimus
1226 2764 1364 2831 obstare
1389 2787 1418 2828 s.

398 2890 432 2973 3)
456 2892 591 2992 Qum
614 2910 695 2994 (prae
711 2892 792 2981 iuris
805 2888 1028 2991 &illas-Q
1045 2890 1114 2954 sive
1131 2889 1230 2991 (timui
1252 2890 1320 2955 sive
1341 2889 1486 2987 humapi,

308 3014 509 3103 priuatorum
533 3014 635 3103 pactis
658 3033 715 3078 seu
733 3012 1005 3078 transactionibus
1020 3014 1137 3103 mutari
1162 3032 1226 3105 non
1241 2984 1392 3099 possum&
1410 3032 1487 3099 arp.

310 3157 384 3220 cap.
409 3137 463 3209 12,
488 3136 538 3201 De
559 3136 637 3218 foro
669 3143 808 3221 compet.
833 3136 867 3201 X
887 3132 949 3222 (II,
973 3134 1013 3223 2)
1037 3108 1067 3201 ct
1090 3138 1110 3203 t.
1136 3133 1186 3201 39
1216 3133 1249 3201 0.
1277 3135 1328 3201 Dc
1358 3134 1483 3209 Paetis,

311 3260 468 3324 Nimirum
496 3261 585 3323 circa
611 3260 682 3322 iura
713 3265 744 3323 et
771 3259 879 3322 munia
902 3257 1038 3343 publica,
1064 3258 1164 3323 veluti
1198 3256 1356 3323 beneficia
1384 3258 1486 3323 eccle·

310 3383 446 3456 siastica,
464 3382 553 3446 circa
574 3383 718 3447 actiones
741 3382 884 3467 publicas
908 3382 1103 3454 criminales,
1120 3384 1297 3448 transactio
1316 3384 1487 3467 aprivatis

309 3505 381 3569 iniri
401 3524 465 3569 non
488 3509 599 3587 potest.
618 3504 664 3569 De
687 3506 726 3568 iis
743 3524 822 3568 vero
846 3524 928 3588 quae
951 3510 1026 3570 sunt
1045 3506 1124 3569 iuris
1140 3504 1258 3590 publici
1282 3506 1408 3591 positivi
1429 3506 1486 3571 hu·

310 3630 406 3701 mani,
430 3627 557 3713 publica
579 3631 754 3695 auctoritas
777 3631 960 3713 transigere
983 3630 1079 3710 valet,
1104 3634 1137 3694 el
1160 3630 1291 3715 planum
1315 3636 1364 3695 est
1381 3629 1436 3719 (l).

399 3859 438 3930 (l)
458 3860 520 3913 lure
539 3859 590 3913 civ.
610 3876 725 3914 romano
743 3859 862 3914 vetitum
881 3865 942 3915 erat
963 3861 1116 3929 transigere
1130 3859 1163 3915 de
1182 3859 1337 3916 hereditate
1357 3861 1486 3927 viventis,

310 3982 345 4020 cx
365 3969 383 4019 l.
398 3967 425 4033 4,
448 3967 511 4019 roa.
531 3967 574 4018 De
588 3966 723 4036 postibus
739 3970 768 4021 at
785 3966 819 4021 de
838 3966 901 4021 aliis
921 3966 1116 4021 controversiis
1135 3966 1361 4034 testamentariis,
1376 3967 1428 4019 nisi
1446 3966 1488 4020 in·

310 4073 412 4142 spectis
430 4073 603 4143 cognitisque
621 4072 726 4127 tabulis
743 4077 772 4128 et
784 4074 877 4127 verbis
896 4072 1065 4141 testamenti,
1085 4089 1119 4127 ex
1134 4072 1152 4124 l.
1168 4073 1229 4143 θῇ.
1244 4074 1285 4126 De
1305 4083 1399 4139 trans.;
1419 4073 1486 4126 item

309 4178 344 4232 de
362 4177 504 4232 alimentis
521 4178 622 4231 tuturis
641 4177 708 4246 (non
727 4192 810 4247 super
828 4177 998 4245 praeteritis)
1011 4180 1187 4241 testamento,
1201 4176 1329 4239 codicillo
1342 4175 1387 4231 vel
1401 4178 1487 4231 etiam

310 4283 461 4339 donatione
479 4285 577 4338 mortis
595 4300 678 4338 causa
696 4284 817 4349 relictis3
836 4300 871 4339 ex
891 4286 910 4337 t.
934 4284 962 4351 7,
982 4290 999 4349 5
1018 4285 1039 4336 2
1057 4295 1083 4339 et
1098 4286 1116 4336 l.
1138 4285 1158 4337 8
1175 4288 1205 4356 ff.
1220 4286 1261 4337 Dc
1281 4294 1366 4338 trans.
1386 4283 1489 4338 Huius·

311 4391 385 4447 modi
402 4401 485 4463 pacta
503 4394 577 4449 enim
594 4392 654 4448 visa
672 4397 737 4447 sunt
756 4392 903 4447 inhonesta
922 4397 952 4447 et
969 4392 1051 4447 nimis
1070 4393 1195 4448 subiecta
1214 4392 1368 4447 fraudibus.
