3350 5117
526 439 571 486 uu
594 439 734 487 runicus
756 437 1035 487 uccensusrrcis·
1295 419 1361 486 257

183 563 267 628 ctam
291 564 459 630 adrasus
476 584 707 648 possessorem
730 585 801 631 non
830 563 1032 650 subuenitur:
1055 583 1121 647 per
1142 561 1362 630 restitutionis

184 685 383 772 beneficium
417 686 528 752 eidem
560 687 723 770 spoliato,
760 687 939 754 commodo
961 677 1193 770 'possessionis
1227 685 1362 765 amisso,

178 813 326 891 propter
348 809 580 894 diffiacttntem
601 810 858 895 probationum,
884 809 970 875 iaris
989 809 1213 893 proprietatis
1242 806 1364 874 amittit

183 935 338 1017 emaum
361 941 395 996 »ζ
780 1024 783 1028 ¹

273 1061 330 1124 Ius
352 1079 422 1124 cau.
448 1066 563 1126 contra
586 1061 792 1146 spoliatorem
821 1059 1365 1160 sptljffl9„,09mitttvil„..affl·

183 1203 259 1249 nem
282 1184 386 1270 spolii,
410 1206 473 1271 qua
496 1161 880 1271 officitur'utspoluur.
896 1185 1033 1270 spoliato
1064 1186 1377 1272 omniaflgestituer-e„

184 1309 309 1385 debeat,
321 1279 495 1396 antequam
517 1311 667 1380 audiatur
690 1313 723 1376 in
740 1311 913 1396 petitorio,
930 1315 986 1376 aut
1006 1312 1039 1374 in
1056 1309 1384 1402 posses-sommato-

184 1433 321 1499 mendae
331 1435 566 1520 possessionis.
578 1472 622 1486 -
639 1437 742 1501 Huius
764 1436 965 1520 exceptionis
982 1432 1224 1500 constituendae
1239 1434 1365 1498 occasio

184 1574 251 1620 non
275 1555 388 1622 defuit,
403 1555 617 1644 —Episcopi
639 1556 813 1643 aliquando
837 1557 878 1622 ab
903 1557 1087 1630 haereticis,
1111 1555 1303 1642 praesertim
1326 1553 1366 1618 ab

186 1680 331 1749 Arianis,
355 1679 487 1747 obtentu
509 1681 662 1754 criminis,
687 1683 875 1767 episcopatu
898 1679 1149 1766 expoliabentur
1172 1683 1205 1744 et
1228 1677 1302 1744 dein
1326 1677 1367 1742 ad

187 1797 355 1883 synodum
369 1799 641 1874 convocabantur,
656 1806 690 1867 ut
705 1821 740 1866 se
763 1802 901 1866 crimine
925 1805 1114 1886 purgarent,
1139 1800 1165 1864 si
1189 1799 1223 1863 in
1247 1799 1366 1884 episco-

186 1929 298 2013 patum
320 1926 448 1992 restitui
469 1924 707 1991 desiderabunt.
731 1928 777 1993 At
798 1927 950 2012 Episcopi
974 1928 1065 1991 muto
1080 1925 1153 1990 odio
1177 1923 1312 2009 impetiti
1337 1929 1369 1990 et

187 2045 390 2131 spoliationis
415 2050 519 2134 pressi
541 2068 709 2131 aerumna,
733 2046 921 2114 difficillime
944 2067 981 2113 se
1008 2047 1187 2112 defendere
1211 2050 1369 2131 poterant.

187 2171 281 2237 Sacri
306 2171 454 2238 Oenones
476 2176 712 2240 constituerunt
734 2175 911 2260 Episcopus
934 2180 1032 2240 antea
1059 2159 1274 2241 restituendos
1298 2191 1369 2236 esse

186 2297 328 2381 propriis
351 2296 487 2372 sedibus,
512 2298 585 2364 dein
608 2301 636 2364 si
659 2298 813 2385 placeret,
837 2306 1081 2366 accusarentur:
1113 2319 1182 2384 arg.
1208 2319 1280 2364 can.
1307 2297 1370 2363 ae-

188 2421 431 2507 dintepranda.
455 2459 471 2472 ·
494 2443 585 2490 cans.
610 2423 645 2505 3,
669 2444 699 2509 q.
724 2425 753 2490 1.

280 2547 355 2612 Scio
378 2547 525 2632 equidem
547 2549 636 2614 hunc
659 2569 817 2616 canonem
835 2555 869 2615 et
884 2549 965 2614 alios
979 2550 999 2613 1
1013 2554 1045 2614 et
1059 2549 1085 2614 2
1099 2549 1137 2614 in
1154 2547 1217 2613 hac
1239 2551 1367 2632 quaest.

190 2671 307 2737 allatos
329 2692 351 2737 e
373 2673 537 2753 Gratiano,
554 2675 760 2760 apocryphos
781 2693 864 2747 esse,
881 2673 922 2738 ab
947 2673 1070 2739 Isidoro
1094 2673 1279 2738 Mercatore
1303 2691 1368 2735 mri-

190 2801 315 2872 tuatos3
340 2801 375 2861 ut
396 2797 513 2881 probat
529 2798 575 2864 cl.
593 2797 729 2863 Berardi
754 2799 787 2862 in
811 2817 915 2880 opere
932 2833 950 2845 -
971 2797 1131 2864 Gratiani
1146 2813 1294 2862 canones
1315 2813 1370 2880 po-

190 2923 292 2989 nnini
314 2922 358 2988 ab
381 2924 587 3009 apocryphis
610 2923 756 2997 discreti,
774 2924 807 2989 in
838 2923 898 2988 Ta.
925 2925 952 2998 Ι,
978 2923 1016 2989 P.
1041 2924 1076 3004 2,
1102 2943 1175 3006 cap.
1201 2924 1234 3005 I,·
1261 2928 1293 2988 et
1308 2923 1372 2987 iam

190 3047 429 3113 adnotaverant
454 3049 667 3117 Correotores
690 3049 850 3116 Romani.
877 3049 939 3116 Sed
963 3051 1025 3115 hoc
1048 3069 1114 3114 non
1138 3047 1289 3135 prohibet
1310 3069 1372 3133 quo

190 3173 298 3238 miuus
321 3173 470 3238 referant
488 3173 665 3256 publicam
687 3173 822 3256 samam
845 3194 902 3238 seu
934 3174 1160 3248 traditionem,
1185 3179 1216 3239 et
1238 3191 1371 3268 rnorem

190 3295 370 3382 stipantem.
395 3296 476 3362 Nam
500 3295 541 3363 ob
565 3297 793 3377 traditionem,
818 3316 892 3362 can.
919 3295 952 3369 3,
977 3295 1151 3360 attributus
1173 3295 1235 3360 suit
1259 3293 1371 3359 loanni

191 3417 345 3485 Pontifici
371 3440 463 3503 quem
488 3420 631 3487 Asianus
647 3421 867 3487 Theudoricus
885 3421 957 3485 ilex
974 3421 1149 3486 Ravennae
1166 3440 1301 3485 carcere
1317 3418 1374 3484 de-

192 3545 290 3611 tinuit
312 3565 414 3628 usque
429 3545 469 3609 ad
484 3566 609 3626 necem,
627 3566 713 3612 anno
735 3546 802 3612 526
825 3551 979 3611 secutam.
996 3581 1040 3593 -
1062 3546 1139 3614 Mos
1161 3547 1289 3630 nipens,
1314 3564 1371 3609 seu

194 3648 398 3752 exceptionis
419 3686 496 3732 usus
514 3668 605 3731 hunc
628 3687 785 3734 curionem
810 3667 899 3751 quasi
925 3668 1099 3751 genuinum
1124 3664 1368 3732 commendavit.

285 3790 466 3854 Praeterea
480 3795 587 3857 aetate
604 3792 752 3856 Gratiani
768 3789 808 3855 ob
824 3791 919 3854 huius
943 3809 1026 3875 pene
1045 3789 1219 3872 necessarii
1237 3787 1372 3852 instituti

194 3912 359 3978 forensem
383 3914 610 3985 evolutionem,
628 3915 778 4000 exceptio
802 3913 895 3999 spolii
920 3932 985 3977 non
1008 3913 1110 3976 solum
1135 3913 1301 3998 Episcopis
1318 3909 1375 3976 sed

195 4037 326 4100 clericis
349 4041 382 4100 et
405 4037 494 4102 laicis
516 4059 576 4123 pro
599 4037 854 4122 quibuscumque
878 4039 984 4102 causis
999 4043 1128 4123 praesto
1146 4043 1226 4102 erat.
1245 4037 1376 4101 Revera

196 4161 372 4226 Gratianus
394 4162 439 4227 ita
462 4163 608 4229 inscribit
631 4162 716 4226 hanc
739 4163 759 4224 1
782 4165 924 4245 quaest:
951 4160 1084 4232 «Quod
1113 4161 1277 4228 restitutio
1302 4159 1375 4244 pai·

197 4281 337 4350 uotiua
359 4285 478 4351 daneta
499 4285 542 4351 sit
565 4285 680 4350 mattis
701 4282 963 4351 auctoritatibus
981 4283 1152 4366 probatur
1171 4305 1189 4345 s
1210 4281 1266 4368 (1).
1283 4279 1375 4356 Quod

288 4531 328 4604 (1)
348 4532 472 4605 Sevigny
491 4551 534 4604 op.
554 4535 597 4587 eit.
617 4537 635 4598 5
655 4535 706 4598 50,
726 4533 870 4588 contendit
897 4549 931 4588 ex
951 4531 1003 4585 hoc
1022 4547 1127 4586 canone
1149 4548 1249 4602 reapse
1268 4531 1375 4586 nullum

344 4643 404 4697 Sue.
426 4643 512 4712 Lapa.
1202 4639 1234 4693 l7
