3350 5117
392 260 459 325 576
915 280 1000 329 rans
1023 280 1045 327 1.

386 404 441 485 let,
465 404 679 489 potiusquam
702 406 896 472 sententiam
919 424 1101 491 provocare
1123 406 1336 485 contrariam,
1352 410 1530 490 opportunum

387 537 437 599 est
459 532 653 597 renunciare
682 531 731 596 liti
755 518 937 597 inchoatae.
970 532 1051 597 item
1084 532 1207 617 siquis
1237 531 1428 604 arbitratur,
1455 537 1532 599 sein

386 655 443 723 lite
465 654 675 723 contestando
697 674 762 721 non
794 675 940 741 congrue
971 660 1004 722 et
1026 662 1143 722 exacte
1172 676 1266 721 auam
1297 658 1471 742 petitionem
1485 664 1532 735 ant

387 781 576 866 respective,
594 780 757 867 negotium
773 783 982 867 expressisse,
996 782 1093 847 nimis
1107 781 1246 867 petenrb
1262 787 1321 849 ant
1335 782 1481 867 negando,
1494 802 1531 866 po

387 908 449 971 test
471 906 570 971 satius
596 904 726 980 ducere,
751 906 938 972 instantiam
961 908 1156 993 extinguere
1187 910 1442 989 renunciatione,
1466 928 1533 992 quau

387 1026 531 1094 eamdem
553 1029 704 1114 prosequi
727 1048 799 1093 curn
822 1033 937 1113 aperto
959 1029 1009 1094 sui
1032 1030 1113 1093 iuris
1135 1027 1340 1095 discrimine.
1358 1030 1533 1105 Quaestioin

386 1148 496 1215 cidens
519 1155 596 1216 tunc
615 1151 648 1216 in
664 1150 727 1215 hoc
743 1156 903 1222 versatur.
921 1155 956 1215 nt
971 1150 1071 1215 iudex
1086 1157 1191 1217 ratam
1206 1151 1335 1217 habeat
1353 1158 1388 1217 et
1400 1148 1533 1217 confirmet

386 1272 565 1339 huiusmodi
579 1274 866 1347 renunciationem.
881 1294 942 1360 per
956 1276 1149 1341 sententiam
1164 1275 1458 1348 interlocutoriam
1472 1276 1536 1339 cuius

380 1398 450 1463 nim
474 1398 518 1463 ita
541 1399 694 1483 exprimit
715 1398 788 1465 cod.
813 1398 866 1465 ott.
894 1398 997 1484 Grec.
1023 1418 1057 1464 a.
1082 1397 1167 1465 913:
1194 1419 1215 1463 ‹
1241 1398 1456 1465 Renunchtio
1474 1398 1536 1463 iacta

386 1520 426 1587 ab
449 1528 560 1587 actore
583 1528 638 1589 aut
661 1542 681 1587 a
702 1542 771 1596 reo.
787 1528 859 1608 post
881 1522 1001 1588 editam
1023 1524 1230 1595 sententiam,
1255 1522 1441 1608 aequivalet
1455 1523 1537 1586 reiiu

387 1646 511 1713 dicatae
533 1647 740 1713 irrevocabili
762 1646 919 1713 adversus
942 1648 1237 1713 renunciantem».
1253 1647 1306 1713 Gt.
1332 1666 1414 1732 quae
1433 1646 1539 1711 diriuu

385 1772 408 1853 ἓ
431 1768 465 1846 3,
488 1769 539 1837 De
560 1769 632 1835 iud.
655 1770 732 1835 inst
752 1775 921 1854 perempt.
946 1790 982 1835 n.
1007 1768 1088 1835 316.
