3350 5117
527 313 572 358 ns
596 311 745 368 rumcns
758 313 1023 362 nccnnsmsrrors
1296 297 1361 362 269

180 437 237 496 tur
267 433 396 498 actione
425 433 517 518 spolii
546 433 588 498 ad
618 434 873 520 recuperandam
898 438 1132 522 possessionem
1158 437 1188 501 vi
1211 436 1361 520 ablatam,

180 557 310 641 quando
333 560 446 642 quise
469 561 670 644 possessione
703 579 781 625 suae
802 561 852 624 rei
875 559 928 626 vel
952 581 981 644 q.
999 562 1201 646 possessione
1225 563 1305 626 iuris
1329 563 1361 628 vi

180 680 326 750 deiectus
340 688 391 748 est
405 703 451 749 en
465 704 594 771 mopna
617 691 648 751 et
670 686 805 752 notoria
827 665 1004 752 iniustitia.
1022 687 1119 770 Atqui
1137 687 1292 750 Pontifex
1307 685 1361 750 bio

180 829 247 872 non
265 811 387 895 reperit
401 811 486 876 hanc
501 814 659 876 notoriam
675 813 873 893 iniustitiam,
888 833 959 878 cum
976 815 1017 880 sit
1031 811 1253 895 manifestum
1269 812 1359 878 deci-

71 1019 75 1024 ¹
180 952 259 998 mas
274 935 317 1000 de
330 935 407 1000 inre
421 936 601 1001 commod
617 937 704 1001 Ecct.
716 935 858 1018 paroch.
869 935 1052 1018 pertinere.
1069 937 1178 1018 Neque
1191 934 1357 1020 probatur,

180 1056 369 1122 interfuisse
380 1057 575 1124 violentiam
591 1077 655 1142 qua
670 1059 817 1123 canonici
834 1059 959 1124 exclusi
975 1059 1039 1124 sint
1050 1057 1089 1122 ab
1102 1063 1176 1122 actu
1190 1058 1361 1143 colligendi

179 1177 424 1245 decimestres
446 1179 486 1244 de
509 1200 608 1246 causa
629 1181 795 1245 canonicis
819 1180 1066 1265 exposcentibus
1090 1185 1290 1246 commodum
1305 1200 1360 1246 re-

178 1303 333 1369 medium
355 1304 464 1386 spotii
483 1303 637 1368 Pontifex
660 1303 844 1387 respondet,
870 1323 934 1368 non
959 1323 1029 1370 esse
1051 1301 1286 1376 restituendos,
1303 1325 1361 1369 seu

180 1451 247 1496 non
271 1429 383 1496 deberi
406 1437 486 1496 ante
509 1429 625 1496 ornnia
641 1431 778 1510 restitui,
791 1429 847 1495 sed
864 1435 959 1494 antea
984 1429 1182 1516 probandum
1200 1451 1270 1496 esse
1286 1451 1360 1515 pos-

180 1557 356 1620 sessionem
381 1574 445 1618 non
468 1555 568 1620 fuisse
592 1553 848 1638 iniustam,quod
872 1556 1031 1640 praestari
1056 1553 1151 1619 debet
1178 1560 1302 1619 tantum
1327 1557 1359 1619 in

181 1696 281 1741 eausa
303 1676 502 1742 retinendae
520 1677 754 1758 possessionis.
770 1711 815 1724 —
831 1676 917 1741 Huic
941 1676 1199 1761 interpretationi
1224 1694 1286 1738 non
1308 1674 1361 1740 ob-

179 1804 246 1864 stet
267 1797 401 1880 metum,
425 1817 541 1884 nempe
571 1800 744 1864 canonicos
773 1817 887 1881 reapse
918 1796 1018 1862 fuisse
1041 1796 1202 1881 spoliatos,
1228 1803 1260 1862 et
1284 1797 1361 1862 bino

173 1903 282 2006 'agere
305 1907 380 1985 non'
392 1921 535 2006 potuisse
561 1921 621 1986 nisi
653 1921 693 1984 ad
725 1919 982 2006 recuperandam
1013 1920 1260 2005 possessionem,
1284 1939 1359 1984 nam

178 2043 307 2108 adverti
323 2043 421 2108 debet
442 2043 497 2108 bie
520 2062 585 2108 non
608 2045 662 2128 agi
686 2043 725 2108 de
748 2045 949 2129 possessione
973 2045 1022 2108 rei
1045 2042 1102 2108 sed
1125 2042 1165 2108 de
1189 2062 1218 2126 q.
1234 2062 1357 2128 posses-

179 2170 272 2233 sione
287 2167 335 2253 (l)
351 2170 433 2233 iuris
455 2167 644 2249 decimandi,
658 2168 741 2252 quod
764 2188 829 2234 non
854 2177 1029 2234 exercetur
1044 2170 1196 2234 continuo
1220 2168 1276 2234 sed
1299 2189 1361 2254 per

179 2293 381 2376 interruptos
404 2297 504 2364 actus,
528 2297 562 2356 et
584 2292 661 2356 hinc
692 2294 831 2357 retentio
861 2294 1071 2378 possessionis
1102 2313 1140 2358 eo
1171 2297 1295 2376 spectat
1324 2299 1360 2358 ut

178 2418 251 2500 quis
273 2422 421 2503 tempore
436 2423 468 2482 et
482 2417 554 2482 loco
577 2416 683 2482 debito
706 2419 823 2483 iterum
847 2425 946 2502 ponat
967 2423 1074 2483 actum
1095 2419 1207 2484 forsan
1230 2421 1293 2484 iam
1317 2419 1358 2483 ab

177 2527 265 2602 anno
297 2540 523 2624 interruptum.
548 2539 621 2604 Hoc
648 2559 745 2604 sensu
769 2540 924 2604 Pontifex
955 2542 1009 2614 ait,
1033 2539 1258 2606 restituendos
1288 2560 1360 2607 esse

178 2667 365 2745 canonicos,
381 2667 409 2729 si
430 2664 597 2731 evidenter
621 2665 790 2732 docuerint
812 2666 1045 2750 possessionem
1070 2686 1141 2731 esse
1169 2669 1301 2744 iustam;
1327 2674 1360 2733 et

177 2785 242 2850 hac
265 2785 306 2849 de
330 2804 429 2849 causa
452 2786 610 2863 canonici,
629 2804 696 2848 non
718 2786 794 2850 satis
820 2785 1037 2871 intelligentes
1061 2792 1209 2852 naturam
1234 2807 1263 2871 q.
1288 2809 1359 2873 pos-

175 2912 330 2977 sessionis
355 2911 443 2983 iuris,
467 2909 721 2984 arbitrabantur,
745 2931 780 2976 se
812 2930 883 2976 esse
910 2911 1061 2997 spoliatos
1085 2918 1117 2978 et
1141 2913 1235 2998 spolii
1258 2933 1358 2998 agere

267 3140 308 3210 (l)
329 3141 365 3194 Et
383 3139 455 3194 hanc
473 3141 740 3196 animadversionem
765 3145 833 3210 puto
852 3158 911 3196 esse
931 3141 1043 3195 maximi
1069 3142 1214 3210 ponderis‚·
1233 3142 1302 3197 adeo
1326 3147 1359 3196 nt

176 3246 341 3300 canonistas
360 3262 416 3300 non
435 3247 612 3303 attendentes
629 3247 694 3302 huie
712 3247 883 3301 distinctioni
897 3247 1027 3302 arbitrati
1040 3249 1096 3302 sint
1109 3247 1258 3303 interdicta
1276 3265 1357 3318 pree·
1401 3269 1404 3276 ·

175 3353 259 3422 cipue
276 3355 492 3422 recuperandae
510 3353 635 3409 eamdem
654 3353 758 3408 habere
771 3355 963 3409 executionem
983 3355 1011 3408 in
1031 3356 1203 3423 possessione
1217 3372 1309 3410 rernm
1329 3360 1359 3410 et

176 3459 208 3513 iu
226 3461 308 3530 quasi
323 3463 496 3529 possessione
515 3461 626 3515 iunium.
645 3465 684 3513 At
703 3459 755 3513 boc
773 3478 791 3514 a
809 3476 876 3515 vero
894 3460 1093 3516 alienissimum
1107 3467 1158 3516 est.
1178 3461 1296 3515 Romani
1315 3479 1358 3516 re·

175 3573 372 3638 coguoverunt
394 3567 435 3621 ita
458 3567 598 3622 difficilem
623 3585 671 3622 seu
697 3570 882 3640 impropriam
906 3569 1121 3638 applicationem
1147 3569 1357 3623 interdictorum

175 3691 238 3729 esse
257 3676 287 3728 in
305 3692 335 3745 q.
348 3675 520 3744 possessione
534 3676 644 3742 iunium,
658 3681 690 3729 ut
708 3675 780 3729 hane
794 3675 953 3730 induxerint
966 3676 1056 3746 primo
1076 3679 1183 3730 tantum
1203 3676 1237 3729 ad
1255 3693 1357 3730 araco-

171 3785 288 3853 pionem
308 3787 337 3837 et
355 3781 419 3836 dein
439 3781 611 3836 admiserunt
629 3784 728 3836 utilem
746 3799 794 3837 sen
814 3785 981 3838 indirectam
999 3783 1210 3841 interdictorum
1232 3782 1357 3853 applica·

176 3889 283 3943 tionem
296 3890 325 3942 in
345 3907 372 3960 q.
392 3890 564 3959 possessione
576 3889 687 3943 iunium.
701 3891 741 3943 Cf.
756 3889 880 3959 Ruggeri
895 3907 938 3960 op,
952 3894 1029 3956 aas
1047 3891 1100 3945 752
1119 3906 1175 3960 seq.
1188 3919 1224 3931 -
1237 3891 1309 3944 Hinc
1328 3891 1357 3944 in

176 3996 266 4066 Frap.
286 3996 346 4049 Vae.
361 3997 403 4050 De
415 3997 445 4048 vi
456 4000 474 4061 ἓ
489 3996 531 4049 90
543 3996 661 4066 legitur:
675 4016 690 4049 ι
703 3995 882 4052 interdictum
897 4001 927 4051 ut
941 3995 1086 4066 possidetis
1097 3997 1168 4050 utile
1181 3995 1233 4050 hoc
1246 3996 1359 4050 nomine

175 4101 214 4174 (q.
233 4102 428 4174 possessionis)
447 4102 610 4172 proponitur
628 4107 657 4158 et
676 4102 747 4156 unde
766 4103 802 4168 vi,
821 4103 961 4172 quianon
977 4103 1139 4172 possidet».
1160 4102 1310 4155 Praeterea
1329 4103 1357 4155 in

173 4210 359 4264 servitutibus
373 4209 493 4274 rusticis,
503 4209 605 4281 quippe
618 4211 798 4264 discontinais
810 4213 1007 4264 concesserunt
1020 4207 1170 4264 interdicta
1182 4210 1358 4276 retinendae,

174 4315 224 4370 sed
241 4331 299 4369 nou
318 4315 470 4370 interdicta
488 4321 708 4386 recuperandae.
721 4343 757 4357 -
770 4316 800 4369 ln
820 4331 922 4385 genere
942 4315 1048 4370 adverti
1068 4316 1151 4372 debet
1172 4316 1294 4370 romanis
1312 4331 1358 4368 so-

173 4423 268 4479 lemne
286 4423 374 4478 fuisse
394 4424 422 4478 in
443 4440 473 4479 re
493 4424 669 4494 possessoris,
688 4423 833 4477 admodum
852 4423 964 4477 facilius
983 4423 1094 4478 concedi
1120 4423 1269 4478 interdicta
1287 4424 1357 4478 reti·
