3350 5117
315 262 359 329 66
824 282 921 333 ,runs
946 282 968 329 1.

314 407 440 479 nonico,
458 405 624 472 Ecclesiae
639 404 800 479 Praelati,
820 408 854 470 et
876 406 1047 471 Antistites
1063 403 1197 473 Iudices
1214 403 1260 490 (l)
1276 404 1410 470 fuerunt
1433 422 1489 489 ap-

312 532 432 618 pellati.
456 538 492 599 ut
514 536 686 599 attestatur
716 530 849 596 rubrica
869 531 920 596 De
942 530 1050 616 officio
1072 531 1197 598 iudicis
1218 526 1402 603 ordinarii,
1427 547 1490 612 qua

312 658 500 724 inscribitur
518 660 635 727 titulun
650 657 702 735 31,
721 658 774 726 lib.
793 660 820 733 Ι,
837 659 915 726 Dec.
936 659 1038 745 (ἶνες.
1055 659 1115 723 ΙΧ.
1132 658 1269 738 Verum,
1287 676 1330 721 en
1345 655 1490 720 instituto

311 788 431 858 nostro,
458 783 496 848 de
519 782 675 849 iudicibus
699 802 757 848 nos
779 784 914 868 agimus,
938 787 1095 867 quatenus
1118 780 1277 846 iudicandi
1301 783 1490 865 potestatem

311 908 441 983 habent,
467 908 561 973 etde
585 910 805 974 iurisdictione
827 927 934 973 sermo
959 909 1030 980 erit,
1054 911 1190 993 accepta
1212 926 1309 971 sensu
1332 906 1411 969 iuris
1434 922 1489 967 ro-

312 1034 407 1099 mani.
433 1035 527 1099 Iuvat
549 1032 686 1119 proinde
708 1031 960 1099 iurisdictionem
985 1031 1152 1116 explicare
1175 1032 1266 1096 iuxta
1296 1032 1489 1113 conceptum

310 1160 391 1224 iuris
414 1160 474 1223 civ.
500 1160 727 1223 Romanorum.

400 1284 452 1357 Hi,
478 1284 512 1347 in
535 1283 713 1348 ministerio
737 1283 816 1348 iuris
840 1282 976 1354 dicendi,
993 1282 1091 1347 veluti
1107 1281 1187 1346 duas
1203 1280 1401 1367 distinguunt
1417 1278 1489 1343 fun·

310 1407 443 1479 clionee,
467 1424 583 1491 nempe
607 1404 803 1477 facultatem,
828 1404 862 1487 a)
886 1402 1099 1499 investigandi
1124 1402 1485 1505 coutrqvffsiameam·

300 1550 370 1628 ¹que
394 1532 553 1596 sententia
569 1528 758 1605 deliniendi;
783 1528 813 1616 b)
838 1527 975 1616 cogendi
998 1533 1107 1613 partes
1129 1537 1164 1591 ut
1186 1526 1299 1593 iudicis
1322 1524 1484 1593 mandatis

309 1654 541 1741 obtemperent,
574 1656 829 1740 sententiamque
859 1654 1018 1740 prolatam
1050 1653 1240 1738 exequendi.
1269 1652 1369 1719 Notio
1401 1650 1487 1717 dicta

251 1800 255 1809 ·
309 1782 369 1848 suit
392 1783 474 1849 haec
497 1783 634 1849 facultas
657 1780 830 1849 definiendi
851 1783 960 1859 litem;
984 1782 1169 1866 imperium
1184 1780 1346 1868 appellata
1369 1785 1419 1845 est
1433 1800 1485 1866 po

308 1910 407 1971 testas
430 1904 611 1989 exequendi
635 1905 768 1971 decreta
789 1904 913 1970 iudicis.
937 1906 981 1971 Et
1004 1906 1158 1991 Ulpianus
1181 1906 1214 1971 in
1230 1906 1252 1969 l.
1269 1903 1303 1978 3,
1320 1905 1370 1969 De
1385 1904 1486 1970 iuris-

308 2028 462 2105 dictione,
478 2030 526 2112 ff„
551 2030 708 2095 advertit:
728 2048 746 2091 ‹
765 2030 938 2115 imperium
961 2033 1018 2095 aut
1039 2049 1174 2095 merum
1191 2033 1240 2095 est
1255 2032 1311 2093 ant
1325 2028 1484 2095 mixtum.

307 2152 446 2218 Merum
469 2160 518 2219 est
541 2155 719 2239 imperium,
743 2153 867 2219 habere
890 2153 986 2240 gladii
1010 2158 1198 2239 potestatem
1222 2152 1263 2218 ad
1285 2152 1486 2219 animadver-

307 2275 439 2341 tendum
468 2276 668 2342 facinorosos
698 2277 854 2351 homiues,
879 2277 962 2361 quod
993 2280 1090 2342 etiam
1120 2283 1262 2361 potestas
1291 2278 1483 2365 appellatur.

306 2402 460 2467 Mixtum
484 2408 533 2467 est
555 2403 735 2487 imperium.
760 2402 812 2467 cui
835 2403 930 2467 etiam
955 2402 1131 2468 iurisdictio
1154 2404 1238 2468 inest
1260 2408 1357 2468 etc.»
1385 2404 1485 2470 Nimi-

306 2544 380 2590 rum
395 2525 479 2591 istud
495 2525 740 2611 comprehendit
762 2530 953 2611 potestatem
969 2527 1149 2611 exequendi
1164 2548 1205 2593 ea
1227 2548 1309 2614 quae
1332 2550 1352 2593 a
1375 2530 1483 2595 iudice

306 2652 535 2718 decernuntur.

397 2778 477 2843 Nam
500 2778 545 2843 nti
569 2775 666 2842 habet
690 2776 861 2842 Iavolenus
883 2776 917 2840 in
943 2776 1016 2862 lege
1038 2777 1066 2841 2
1088 2776 1169 2843 eius.
1188 2778 1248 2842 tit:
1273 2777 1366 2844 <Gui
1386 2778 1484 2843 iuris·

308 2902 404 2967 dictio
427 2901 503 2968 data
525 2907 583 2973 est.
608 2921 648 2967 ea
670 2920 796 2985 quoque
819 2920 974 2967 concessa
996 2919 1068 2966 esse
1095 2901 1255 2983 videntur,
1273 2904 1343 2967 sine
1370 2901 1484 2986 quibus

306 3022 482 3090 iurisdictio
506 3023 663 3110 explicari
687 3042 750 3087 non
775 3028 882 3109 potest
898 3045 927 3087 ›.
945 3023 1016 3089 Hoc
1039 3023 1232 3109 principium
1254 3026 1437 3110 acceptavit
1452 3029 1485 3090 et

306 3168 397 3212 suum
422 3146 500 3211 iecit
521 3147 571 3211 ius
594 3166 677 3227 can,
701 3147 807 3232 prouti
830 3144 951 3210 eisdem
974 3145 1046 3211 fere
1075 3145 1184 3211 verbis
1214 3146 1362 3212 decernit
1385 3149 1483 3213 Inno-

307 3268 432 3333 centius
462 3270 511 3334 llI
542 3270 574 3333 in
605 3288 679 3353 cap.
704 3268 763 3343 28,
787 3268 837 3334 De
867 3270 921 3353 off.
947 3269 1018 3335 iud.
1049 3271 1155 3357 deleq.
1179 3272 1214 3335 X
1233 3269 1334 3357 (1-29)
1358 3267 1415 3357 (2).
1437 3308 1484 3318 —

395 3558 435 3628 (l)
455 3558 513 3612 Hoc
533 3532 660 3625 Episcopi
680 3570 780 3609 nomen
799 3558 828 3610 et
842 3554 898 3609 alia
916 3554 1015 3625 quibus
1034 3557 1179 3610 cousuevit
1191 3555 1336 3625 appellari,
1349 3555 1483 3612 historice

306 3664 429 3735 explicat
457 3662 636 3729 Mamacbius,
670 3660 776 3734 Oriqin.
812 3674 837 3715 et
869 3662 1025 3732 antiquitat.
1054 3664 1205 3729 christian,
1235 3664 1283 3716 lib.
1309 3662 1339 3728 4,
1368 3680 1428 3732 cap.
1450 3664 1480 3730 4,

308 3782 371 3824 tona
390 3771 418 3823 2.
495 3818 497 3822 ,

395 3876 436 3947 (2)
454 3874 633 3929 Sebastianus
652 3873 774 3939 Berardi,
794 3874 1002 3928 Commiades
1022 3891 1076 3929 ecc.
1096 3876 1181 3941 unia,
1201 3875 1316 3930 Discere.
1336 3874 1360 3939 1,
1376 3891 1437 3947 cap.
1458 3877 1483 3940 1,

306 3984 347 4037 ait
366 3983 437 4054 quod
455 3982 573 4037 Romani
593 3999 608 4035 ι
623 4022 665 4035 .....
684 3981 893 4054 quadruplicem
905 3982 935 4037 in
948 3982 1091 4052 republica
1109 3986 1276 4052 potestatem
1290 3987 1319 4037 et
1337 3982 1380 4036 ius
1392 3999 1482 4053 agno·

306 4089 423 4143 scebant
440 4093 469 4143 et
487 4088 710 4157 distinguebaut3
729 4088 862 4143 nimirum
882 4092 1063 4156 maiestatem,
1081 4091 1242 4160 imperium,
1258 4091 1482 4145 iurisdictionem

307 4210 339 4247 ac
358 4194 505 4247 notionem.
525 4194 700 4249 Maiestatem
718 4194 848 4249 dicebant
860 4210 1018 4263 supremum
1031 4194 1100 4249 illud
1116 4194 1168 4260 ius,
1181 4197 1337 4249 ceterorum
1355 4194 1481 4248 omnium

307 4299 409 4353 iunium
428 4298 564 4368 originem
583 4315 616 4353 ec
634 4298 722 4353 veluti
739 4298 959 4366 fundamentum,
972 4316 1075 4371 exque
1092 4300 1186 4354 omnia
1199 4301 1260 4355 iura
1273 4303 1481 4371 potestatesque

307 4408 461 4471 manarent,
474 4404 656 4475 elucebatque
672 4404 846 4475 potissimum
859 4404 888 4460 in
899 4403 1011 4475 legibus
1023 4404 1058 4457 ad
1070 4421 1216 4459 commune
1228 4406 1332 4459 bonum
1349 4404 1480 4460 ferendis
