3350 5117
413 310 480 379 518
607 292 613 309 ⁸
941 334 1023 380 raas
1049 336 1070 379 1.

508 458 585 526 510.
612 460 865 525 Instrumentum
889 462 1049 546 privatum
1073 460 1230 525 dividitur
1252 462 1285 525 in
1311 461 1497 526 authenticus
1514 479 1535 527 et

414 580 615 663 siarpliciter
627 578 814 663 privatum.
827 580 944 645 -Est
958 580 1190 649 uutlrenticum
1207 582 1333 664 quando
1347 581 1453 667 publico
1464 584 1536 666 sigil·

412 706 566 777 munitur,
584 704 636 769 vel
661 705 845 790 publicatur
860 707 1068 791 magistratus
1083 712 1138 771 aut
1152 707 1311 793 principis
1325 707 1493 770 auctoritate.
1505 704 1538 767 nl

413 830 516 895 eidem
544 830 792 916 subscripserint
816 831 879 896 duo
896 832 947 896 vel
972 837 1041 896 tres
1062 837 1163 897 testes
1186 832 1305 912 idonei,
1320 833 1370 896 vel
1385 832 1539 895 alaman

417 956 662 1040 recognoscitur
686 976 744 1041 per
768 956 929 1041 publicam
959 952 1184 1021 auctoritatem
1214 958 1261 1021 uti
1283 976 1391 1021 verum
1411 962 1440 1019 et
1463 956 1540 1038 genu·

415 1100 502 1146 num.
529 1083 577 1147 lta
601 1082 815 1145 instrumenta
838 1084 966 1166 privata
988 1082 1021 1145 in
1046 1078 1174 1165 publico
1193 1080 1342 1145 archivio
1364 1076 1540 1156 contentae}

416 1206 479 1270 allo
505 1195 651 1271 archivio
668 1226 786 1292 magna
801 1210 834 1273 in
853 1208 1076 1273 aestimatione
1092 1206 1211 1279 habito,
1228 1211 1361 1292 possunt
1376 1204 1432 1269 dici
1450 1204 1541 1267 autla-

419 1332 494 1403 tica.
520 1332 595 1415 quia
610 1337 861 1417 praesumuntur
883 1332 1021 1397 admissa
1045 1352 1109 1395 non
1127 1332 1226 1397 luisse
1240 1333 1268 1395 si
1292 1351 1355 1415 qua
1375 1328 1541 1395 falsitatisal-

418 1454 531 1520 luisset
553 1458 701 1541 suspicio.
728 1457 800 1521 Alia
823 1458 1038 1521 instrumenta
1071 1474 1152 1539 quae
1181 1455 1273 1519 nulla
1298 1452 1432 1540 gaudent
1456 1452 1543 1539 publica

420 1582 642 1665 recognitione
665 1581 816 1647 dicuntur
837 1580 1037 1664 aiarpticiler
1054 1581 1204 1664 privata.

504 1706 581 1771 511.
609 1707 861 1771 instrumentum
886 1727 966 1771 vero
990 1713 1055 1771 turn
1080 1705 1241 1791 publicum
1266 1714 1336 1772 tum
1366 1707 1500 1790 privatum
1517 1702 1543 1762 ri-

415 1832 537 1897 viditur
567 1834 599 1897 in
632 1833 799 1919 oripiaate
822 1838 864 1898 et
893 1836 1093 1917 emeanplur;
1116 1835 1191 1917 quia
1213 1834 1319 1918 ipsum
1349 1835 1543 1897 instrumentuu
1583 1915 1584 1932 ἵ

417 1955 544 2038 publice
577 1955 630 2019 vel
661 1955 787 2040 private
817 1956 1000 2021 conlectum
1031 1961 1136 2041 potest
1158 1957 1191 2020 in
1217 1954 1285 2021 alia
1308 1955 1488 2040 exemplaria
1503 1955 1543 2015 sir*

414 2080 523 2164 copias
547 2078 718 2163 reproduci
743 2098 834 2161 quae,
860 2080 887 2143 si
911 2080 1086 2145 accesserit
1115 2082 1337 2148 testimonium
1359 2098 1496 2164 personae
1511 2098 1543 2159 pr-
1583 2077 1584 2116 3

414 2199 522 2265 blicae
545 2200 584 2265 de
606 2202 831 2266 conformitate
848 2223 919 2266 cum
937 2201 1096 2287 originali,
1116 2202 1270 2267 dicuntur
1285 2201 1484 2285 eaervrplam'a
1497 2198 1544 2263 rili·

410 2328 506 2389 mula
515 2344 528 2405 ;
545 2330 576 2388 et
593 2326 846 2409 aequiparantur
861 2325 1081 2409 originalibus.
1099 2324 1146 2389 cf.
1164 2346 1192 2390 c.
1208 2345 1235 2388 c.
1254 2325 1288 2397 4,
1305 2325 1358 2390 De
1372 2321 1452 2402 cons.
1464 2318 1545 2384 utill

409 2446 466 2533 (11,
482 2448 537 2533 30)
550 2450 582 2511 et
599 2446 649 2527 16,
667 2446 716 2511 De
731 2447 787 2532 fid.
802 2446 878 2513 inst.
893 2482 935 2495 -
950 2447 1084 2533 Semper
1097 2449 1129 2510 in
1143 2446 1256 2511 valore
1269 2446 1460 2512 aestimando
1471 2449 1545 2507 instra·

408 2579 593 2637 mentorum
617 2572 735 2637 debent
757 2574 838 2638 istae
861 2572 1034 2637 divisiones
1056 2593 1136 2658 prae
1156 2573 1260 2637 oculis
1285 2572 1409 2638 baberi.
1424 2571 1485 2655 quia
1501 2587 1546 2650 qua·
1584 2583 1586 2673 p

408 2696 481 2762 litas
506 2698 688 2783 scripturae
711 2696 841 2779 ponitur
864 2695 904 2759 ad
928 2696 1149 2780 probationem
1174 2696 1373 2761 taciendam.
1584 2711 1586 2808 p

503 2820 580 2887 512.
608 2821 825 2885 Instrumenta
858 2821 985 2906 publica
1008 2821 1136 2905 plenam
1167 2820 1395 2907 probationem
1416 2821 1512 2884 faciunt
1527 2819 1544 2876 n
1584 2813 1585 2844 l

409 2942 547 3018 iudicio;
571 2963 630 3029 pro
654 2943 716 3007 illis
740 2946 824 3009 enim
849 2949 913 3009 stat
934 2946 1160 3030 praesumptio,

500 3068 535 3155 α)
560 3089 603 3134 ex
627 3068 730 3133 officio
762 3069 890 3155 publico
913 3072 1029 3136 notarii
1052 3071 1104 3135 vel
1136 3071 1274 3135 alterius
1299 3069 1441 3136 officialis
1459 3068 1499 3151 qni
1515 3064 1545 3121 a

1584 2851 1586 2974 Ι

415 3198 547 3279 putatur
569 3193 610 3258 ad
633 3194 792 3279 publicam
816 3184 909 3262 fidem
934 3196 1126 3277 faciendam,
1144 3201 1241 3279 atque

501 3300 532 3399 1))
557 3335 599 3379 ex
623 3316 877 3383 solemnitatibus
902 3317 1090 3383 observatis.
1114 3318 1311 3383 -Tamen
1335 3316 1545 3396 contrariisp·
1584 3305 1585 3314 ’

415 3442 598 3509 bationibus
623 3448 754 3529 possunt
777 3444 968 3529 impugnari,
988 3446 1057 3508 sive
1073 3446 1197 3509 ratione
1221 3444 1362 3517 formae,
1386 3443 1545 3509 siveram

411 3570 574 3642 materiae
590 3569 622 3633 in
640 3586 733 3651 quam
750 3568 831 3639 dolo,
849 3567 901 3632 vel
918 3567 1033 3631 fraude
1048 3566 1193 3634 delectus
1207 3570 1415 3653 irrepserint.
1429 3569 1486 3632 sive
1497 3582 1544 3626 ten·

408 3710 490 3776 pore
511 3692 723 3759 confectionis
734 3694 803 3757 sive
815 3699 935 3778 postea,
949 3693 990 3757 cl.
1004 3713 1031 3759 o.
1045 3712 1071 3758 c.
1089 3691 1122 3768 3,
1136 3692 1192 3765 10,
1206 3693 1259 3774 16,
1274 3696 1332 3768 15,
1344 3695 1394 3761 De
1405 3682 1546 3780 fimivotl

409 3811 471 3897 (Il,
489 3815 546 3896 22)
562 3822 594 3881 et
608 3816 634 3880 2
650 3816 700 3881 De
717 3818 772 3900 off.
789 3816 862 3882 ord.
881 3816 919 3881 ia
935 3816 958 3880 6
971 3816 1010 3900 (1,
1030 3816 1093 3903 16).
1107 3816 1217 3891 Quare
1231 3818 1335 3903 plene
1350 3818 1475 3904 probant
1483 3818 1507 3878 in
1517 3817 1544 3875 in·

407 3939 494 4005 dicio
526 3940 745 4005 ecclesiastico
771 3942 985 4005 instrumenta
1007 3961 1028 4005 a
1050 3941 1177 4027 publico
1200 3947 1337 4009 notario
1359 3946 1486 4029 legitime
1501 3958 1545 4001 ru-

406 4066 540 4149 scripta,
565 4072 638 4129 acta
663 4070 695 4129 et
719 4065 852 4130 decreta
875 4064 1046 4145 iudicialis,
1070 4064 1143 4129 libri
1168 4066 1378 4150 publicorum
1401 4062 1537 4133 officialiuu

405 4190 506 4255 voluti
531 4190 604 4255 libri
629 4188 841 4274 parochiales,
859 4190 901 4254 cf.
929 4190 1027 4256 Coae.
1051 4190 1157 4259 aaa,
1177 4208 1257 4258 sess.
1278 4192 1343 4275 24,
1360 4213 1430 4277 cup.
1444 4192 1467 4270 1,
1479 4188 1504 4259 2,
1517 4184 1544 4246 [a

404 4317 469 4399 res.
495 4321 575 4381 rarat.
597 4352 640 4362 —
658 4316 729 4381 Hac
746 4317 784 4381 de
802 4318 928 4382 ratione
953 4318 1168 4382 iustrumenta
1191 4318 1327 4405 publica
1342 4322 1479 4387 dicuntur
1491 4330 1544 4395 prr

405 4441 495 4507 balio
508 4440 667 4526 probola,
686 4447 717 4505 et
734 4438 828 4505 fidem
846 4441 969 4506 faciunt
984 4440 1140 4507 adversus
1160 4461 1286 4525 omnes,
1304 4443 1409 4511 donec
1422 4448 1544 4509 contar}
