3350 5117
339 284 405 350 344
862 303 947 352 ruas
970 305 992 352 1.

338 430 515 512 poneretur
545 425 728 510 imperium
759 426 882 492 iudicis.
906 427 989 492 Nam
1018 430 1045 493 si
1075 448 1152 515 pars
1182 428 1322 495 adversa
1345 429 1514 496 fraudibus

339 553 372 613 et
395 549 650 616 cavillationibus
672 551 880 618 nihilominus
903 552 1106 620 dilationibus
1130 552 1331 620 iudicialibus
1353 552 1513 625 abutatur,

338 676 401 742 duo
425 676 567 744 remedia
589 679 741 764 specialia
764 679 948 745 introducta
971 679 1113 752 fuerunt.
1135 701 1196 745 usu
1217 681 1350 756 forensi,
1374 679 1415 746 ad
1438 699 1516 766 per-

338 801 541 889 fringendam
563 804 703 870 eiusdem
728 806 957 892 pervicaciam.

427 927 586 994 Primum
610 933 659 994 est
682 935 716 994 ut
739 929 845 1002 iudex,
866 935 1033 1015 postquam
1057 950 1122 996 uua
1147 950 1225 1016 pars
1251 931 1341 996 litem
1364 929 1517 1016 prosequi

338 1051 433 1116 nimis
455 1051 608 1137 negligat,
633 1055 825 1138 pronunciet
855 1055 943 1120 litem
975 1054 1144 1121 desertam
1167 1074 1247 1128 csse,
1267 1075 1332 1140 qua
1353 1057 1517 1124 sententia

339 1175 508 1258 perimitur
524 1177 676 1242 instantia
692 1182 725 1242 et
739 1195 816 1263 pars
831 1177 1001 1264 negligens
1019 1178 1084 1243 doli
1107 1183 1140 1243 et
1162 1179 1285 1244 fraudis
1305 1180 1518 1246 vehementer

340 1295 485 1362 redditur
507 1305 655 1386 suspecta
678 1305 711 1364 et
734 1300 969 1366 condemnatur
990 1301 1032 1366 ad
1056 1320 1226 1388 expensas.

428 1423 623 1493 Sectam
646 1427 821 1494 remedium
851 1429 947 1493 etiam
979 1429 1127 1494 innititur
1148 1429 1263 1494 iudicis
1285 1430 1429 1516 imperio,
1451 1449 1515 1514 quo

339 1554 410 1636 post
431 1549 624 1618 decennium
646 1553 738 1618 alite
761 1555 919 1640 incoepta,
944 1554 971 1620 si
994 1553 1123 1620 indubie
1146 1560 1272 1622 constet
1286 1554 1326 1620 de
1341 1553 1425 1619 malo
1446 1556 1520 1620 iure

340 1676 408 1740 eius
431 1675 484 1760 qui
507 1676 596 1742 litem
621 1677 765 1758 instituit,
782 1697 821 1742 eo
845 1678 1056 1744 condemnato
1080 1679 1113 1743 in
1132 1697 1303 1764 expensas,
1323 1680 1518 1764 pronunciat

241 1781 248 1794 ⁹
340 1799 519 1866 iudicialem
543 1801 728 1868 instantiam
757 1807 958 1888 peremptam
990 1802 1099 1867 fuisse.
1131 1803 1191 1868 His
1221 1802 1371 1868 remediis
1394 1801 1522 1888 pluries

340 1943 398 1989 usa
421 1929 470 1990 est
492 1926 524 1992 S.
550 1927 634 1992 Rota
658 1927 769 2000 Rom.;
795 1926 836 1991 of.
863 1925 988 1993 Giraldi
1012 1928 1032 1992 l.
1057 1946 1096 2000 c..
1120 1932 1196 1993 sect.
1220 1925 1298 1993 223
1320 1927 1377 2013 (l).

429 2047 504 2115 315.
530 2049 696 2114 Hactenus
712 2048 752 2115 de
775 2052 880 2116 causis
904 2052 937 2114 in
961 2051 1066 2136 prima
1088 2051 1250 2118 instantia.
1268 2051 1379 2126 Quoad
1402 2057 1543 2117 secun-⁴

340 2170 412 2237 dam
428 2174 611 2242 instantiam
627 2194 707 2241 vero
723 2195 780 2241 seu
795 2175 1054 2261 appellationem,
1068 2195 1111 2240 ex
1126 2195 1201 2260 cap.
1218 2176 1252 2250 5,
1269 2175 1319 2241 De
1333 2177 1473 2260 appell„
1486 2175 1521 2240 X

340 2293 397 2379 (ll,
421 2295 477 2384 28)
501 2295 535 2365 et
556 2297 656 2365 Clam.
681 2299 714 2380 3,
739 2299 795 2366 De'
812 2301 937 2383 appell.
963 2299 1021 2380 (ll,
1047 2297 1523 2384 recommendamus

341 2418 474 2486 iusmodi
506 2421 622 2486 iudicia
651 2421 901 2490 absolverentur
923 2425 1010 2490 intra
1032 2441 1166 2498 annum;
1198 2427 1231 2490 et
1254 2420 1462 2495 solummodo,
1495 2421 1521 2485 si

341 2546 468 2612 adesset
490 2548 681 2632 gravissima
704 2567 810 2628 causa,
828 2547 915 2614 intra
942 2547 1115 2622 biennium,
1147 2547 1393 2634 computandum
1417 2567 1438 2612 a
1469 2545 1522 2611 die

341 2673 549 2759 interpositae
576 2673 810 2759 appellationis.

430 2798 635 2884 Quapropter
666 2800 714 2864 ius
744 2819 815 2863 can.
840 2795 938 2862 efficit
961 2803 998 2866 ut
1020 2799 1053 2864 in
1075 2797 1201 2863 iudiciis
1231 2793 1391 2882 agitandis
1414 2815 1454 2859 aa
1476 2793 1518 2858 li-

342 2921 450 2988 bertas
479 2921 623 3008 partibus
655 2921 906 3006 relinqueretur,
931 2905 995 3005 qua
1017 2922 1045 2986 si
1068 2926 1178 3008 partes
1204 2938 1349 3004 congrue
1373 2923 1518 2990 utantur,

341 3052 475 3132 possunt
498 3053 530 3113 et
553 3049 721 3116 instantias
745 3049 837 3114 citius
861 3046 1031 3113 absolvere
1054 3051 1110 3110 aut
1133 3045 1268 3112 ulterius
1282 3042 1465 3128 producere
1488 3043 1521 3106 in

342 3168 521 3236 faciliorem
545 3190 676 3236 suorum
699 3171 816 3235 iurium
839 3169 1019 3236 tuitionem.

431 3296 505 3362 316.
525 3297 667 3381 Denique
679 3297 831 3362 instantia
847 3297 1031 3382 perimitur,
1044 3296 1071 3359 si
1088 3314 1171 3360 unus
1186 3314 1229 3358 ex
1251 3291 1453 3378 litigantibus
1469 3291 1523 3358 vel

343 3424 479 3504 uterque
502 3419 673 3486 renunciet
701 3419 749 3486 liti
777 3439 816 3484 ea
839 3419 1031 3499 intentione,
1051 3423 1087 3486 ut
1109 3418 1199 3482 salvo
1230 3420 1420 3483 remanente
1451 3417 1523 3480 iure

342 3545 486 3616 actionis,
511 3545 640 3609 interim
663 3551 767 3612 cesset
790 3549 823 3611 et
847 3549 962 3628 pereat
984 3541 1143 3608 iudicialis
1165 3540 1346 3630 instantia„
1363 3559 1447 3625 quae
1475 3545 1525 3605 est

342 3669 448 3735 denuo
469 3670 673 3753 instituenda,
699 3671 724 3736 si
748 3673 832 3736 actio
859 3671 978 3736 iterum
1002 3667 1082 3735 velit
1111 3667 1227 3734 iudicio
1249 3666 1437 3752 promoveri
1463 3663 1521 3751 (2).

344 3791 391 3858 ef.
416 3811 490 3877 cap.
515 3793 547 3868 4,
572 3793 623 3859 De
644 3813 741 3878 proc.
766 3794 802 3858 in
826 3794 850 3858 6
873 3791 913 3876 (I,
941 3790 1006 3874 19).

432 4005 471 4077 (l)
490 4005 558 4059 Pars
576 4022 648 4076 quae
667 4006 707 4059 uti
731 4005 801 4061 velit
819 4005 954 4060 facultate
973 4003 1027 4058 sibi
1053 4019 1184 4058 concessa
1202 4020 1219 4056 a
1238 4003 1298 4057 iure
1317 4001 1392 4055 Trid.
1416 4000 1445 4054 in
1464 4016 1521 4068 cap.

343 4109 399 4176 cit,
417 4107 526 4180 quando
553 4111 659 4166 biennii
684 4115 793 4180 tempus
815 4111 995 4180 expiraverit,
1012 4109 1156 4178 porrigere
1174 4105 1258 4162 debet
1276 4106 1361 4160 iudici
1386 4104 1521 4168 libellum,

342 4231 396 4285 quo
415 4219 492 4285 petat
505 4219 568 4270 acta
587 4217 738 4271 transmitti
753 4216 787 4272 ad
806 4215 927 4270 iudicem
945 4214 1116 4284 superiorem
1135 4214 1169 4267 ad
1189 4230 1314 4269 normam
1332 4214 1439 4268 decreti
1458 4227 1521 4266 con·

344 4325 457 4380 ciliaris.

406 4407 410 4416 ¹
430 4431 470 4503 (2)
489 4432 551 4487 lure
577 4447 691 4486 romano
715 4447 781 4485 saue
806 4432 861 4484 fnit
879 4430 1024 4498 incognita
1048 4429 1222 4484 renunciatio
1240 4427 1309 4489 litis,
1319 4443 1392 4496 quae
1411 4441 1517 4482 secum·
