3350 5117
510 370 555 416 1>ss
579 368 719 416 lumbus
743 367 1008 415 Ecetastnsrlcls
1301 348 1341 414 81

170 490 290 557 iudicia
312 492 353 557 ob
377 492 535 578 duplicem
566 492 751 576 qualitatem
782 494 903 558 actoris
933 494 1046 565 circi,
1071 498 1289 559 concurrente
1312 496 1346 560 in

172 635 361 701 unoquoque
382 616 531 701 litigante
554 615 640 681 dicta
661 620 737 681 sunt
759 614 911 699 duplicia
918 634 933 698 ;
956 621 989 680 et
1010 619 1139 681 cautum
1162 621 1212 681 est
1233 636 1347 683 «eum

171 740 281 807 videri
303 745 453 807 nmmo
476 742 536 827 qui
558 742 605 807 act
628 739 792 807 iudicium
810 745 1030 823 prouocasset
1053 761 1071 801 ›
1096 738 1151 825 (ex
1175 742 1197 806 t.
1221 740 1273 813 13,
1299 740 1348 808 De

172 864 274 931 indic.
289 863 356 949 ff.);
374 886 391 927 ‹
408 866 467 931 sect
483 885 589 950 wem
605 864 705 932 ambo
728 866 776 931 ad
798 864 964 931 iudicium
975 870 1173 947 provocant,
1189 870 1279 932 sorte
1292 886 1349 933 reu

77 1062 81 1069 ,
173 988 311 1054 decerna¹
333 990 416 1055 solet
439 1011 456 1050 ›
483 990 539 1069 (ex
563 989 583 1053 t.
608 989 660 1061 14,
685 988 790 1053 ciusd
816 988 862 1053 tit.
885 986 946 1075 ff).
962 986 1044 1054 Item
1060 989 1187 1073 qnando
1209 998 1302 1055 actor
1317 997 1350 1056 et

175 1134 250 1179 reus
270 1118 416 1180 statuant
438 1114 613 1200 appellare,
637 1114 732 1199 «qui
754 1116 905 1197 appellat
923 1114 1035 1198 prior,
1056 1116 1128 1201 opit
1142 1138 1161 1177 a
1179 1114 1235 1200 (ex
1250 1117 1272 1181 l.
1288 1116 1348 1188 29,
1438 1093 1442 1099 ⁵

175 1236 280 1303 eiuod.
306 1238 353 1302 tit.
376 1236 427 1325 ff.)
450 1258 508 1304 sou
531 1246 623 1304 actor
646 1244 764 1305 est-
789 1240 828 1303 ln
851 1240 956 1304 causis
975 1239 1263 1306 matrimonialibus
1285 1260 1350 1305 nou

175 1382 253 1427 raro
277 1364 396 1429 accidit
422 1366 533 1449 utqui
557 1365 653 1429 alium
678 1366 831 1431 convenit
863 1366 896 1428 in
922 1364 1083 1437 iudicium,
1107 1385 1165 1431 seu
1187 1370 1292 1439 octor,
1319 1371 1353 1431 et

174 1488 243 1572 ipse
266 1508 287 1551 a
312 1496 472 1555 convento
489 1510 546 1555 seu
568 1509 588 1554 a
610 1510 669 1557 reo
692 1478 833 1555 vicissim
857 1491 1117 1555 reconveniatur:
1142 1490 1184 1555 cf.
1209 1490 1352 1572 Schulte‚

174 1612 329 1681 Ρνοοθεε.
353 1614 437 1681 Mat.
459 1617 482 1698 ἓ
504 1616 557 1681 21.

267 1738 321 1803 59.
348 1738 401 1805 Uti
424 1740 544 1805 actoris
568 1738 772 1826 probationes
788 1743 833 1805 ita
856 1742 904 1805 rei
926 1738 1130 1806 defensiones
1142 1739 1275 1823 factum
1297 1761 1355 1805 ne-

178 1861 323 1925 cessario
348 1868 380 1927 et
403 1862 625 1949 principaliter
648 1864 813 1948 respicere
836 1862 969 1937 debent;
989 1870 1098 1927 tamen
1129 1882 1194 1927 non
1225 1863 1357 1927 interdi-

179 1987 266 2053 citur
288 1988 392 2053 actori
412 1992 444 2053 et
467 2008 524 2052 reo
547 1988 691 2073 allegare
708 1988 791 2074 lepis
805 1988 977 2053 articulum
993 1988 1218 2074 respicientem
1234 1986 1356 2052 tactum

183 2112 436 2191 controversiae,
461 2109 514 2174 vel
538 2108 694 2196 indagare
717 2110 797 2175 iuris
820 2110 1017 2175 voluntatem
1033 2108 1137 2193 quoad
1160 2128 1271 2173 casum
1286 2127 1359 2194 par·

182 2235 355 2301 ticularem
380 2240 412 2303 et
434 2256 478 2300 ex
500 2235 757 2321 generalioribus
780 2236 860 2301 iuris
890 2235 1056 2321 principiis
1079 2233 1239 2299 deducere
1263 2234 1359 2319 parti·

182 2360 331 2426 cularem
355 2360 436 2446 legis
459 2361 716 2446 applicationem,
732 2362 865 2444 eiusque
886 2361 1090 2443 aequitatem.
1107 2357 1197 2433 Quae
1219 2356 1359 2421 animad-

182 2486 352 2551 versiones
376 2486 471 2553 iudici
495 2486 676 2573 suppositae
700 2487 769 2551 eius
792 2484 990 2553 intellectum
1012 2483 1180 2583 illustrant
1206 2481 1360 2564 illumque

181 2609 217 2674 in
241 2610 402 2677 sententia
425 2608 622 2695 proterenda
645 2609 799 2674 adiuvare
823 2607 1006 2680 intendunt;
1030 2604 1087 2669 sed
1108 2602 1149 2669 ab
1172 2622 1211 2668 eo
1234 2601 1361 2689 postha-

182 2736 255 2801 beri
281 2737 412 2801 omnino
435 2740 577 2821 possunt,
591 2738 617 2801 si
640 2736 745 2801 minus
767 2740 878 2800 rectae
894 2736 928 2799 et
950 2734 1011 2797 iuri
1035 2751 1099 2797 nnn
1120 2730 1303 2797 conformes
1317 2730 1362 2792 vi·

182 2859 323 2925 deantur
345 2858 400 2945 (1).

278 2982 332 3047 60.
358 2983 410 3047 Ex
432 2982 552 3047 tradita
574 2982 694 3047 actoris
717 2986 750 3045 et
772 2982 821 3045 rei
845 2979 976 3043 notione
1002 2975 1104 3063 probe
1134 2974 1271 3059 intelligi
1294 2993 1361 3059 pos·

183 3111 260 3172 sunt
283 3107 366 3172 haec
389 3108 560 3194 principia:

282 3232 312 3318 l)
332 3256 349 3295 ‹
366 3232 488 3300 Actora
504 3230 764 3315 comprobante,
781 3230 841 3313 qui
856 3228 1055 3296 contenitur
1072 3224 1172 3311 (rens)
1196 3224 1257 3290 etsi
1279 3221 1364 3287 nibil

185 3360 260 3442 ipse
268 3357 487 3442 praestiterit,
505 3356 695 3424 obtinebit»
714 3376 755 3420 ex
772 3372 848 3438 cap.
869 3352 955 3418 Cum
969 3353 1129 3424 Ecclesia,
1146 3350 1178 3423 3,
1194 3350 1245 3415 De
1260 3367 1366 3415 causa

184 3500 279 3564 poss.
304 3486 336 3546 et
355 3481 521 3563 proprtet.
539 3480 572 3545 X
586 3478 717 3565 (ll-l2);
741 3478 813 3543 aliis
835 3477 955 3550 verbis,
972 3480 1086 3542 actore
1108 3494 1178 3539 noo
1198 3471 1366 3556 probante

281 3746 323 3818 (1)
345 3746 414 3801 Sunt
439 3744 562 3801 celebria
586 3746 615 3799 in
640 3744 817 3814 legislatione
843 3760 903 3796 can.
929 3740 1032 3795 iudicia
1055 3738 1163 3807 agitata
1187 3754 1221 3791 ex
1246 3736 1367 3791 remedio

194 3858 214 3911 l.
233 3858 381 3929 diffamari
399 3854 463 3909 Ceut.
478 3854 519 3909 De
533 3856 661 3923 inponatis
679 3852 865 3906 tuouumtssis.
885 3850 965 3903 Dicta
983 3852 1048 3901 sunt
1061 3847 1145 3902 etiam
1159 3862 1177 3899 a
1189 3843 1369 3915 pragmaticis

192 3964 294 4018 iudicia
314 3965 500 4017 iactationem.
521 3962 561 4015 Eo
580 3960 742 4014 ordinantur
757 3962 787 4012 ut
801 3959 822 4010 si
837 3957 899 4029 quis
912 3956 1042 4010 adversus
1059 3952 1146 4008 alium
1159 3951 1246 4006 iactet
1258 3950 1369 4020 aliquod

193 4074 247 4140 ius,
259 4074 361 4141 utputa
374 4086 403 4125 so
417 4086 476 4125 esse
489 4086 585 4123 uerum
599 4068 739 4121 dominum
753 4064 829 4119 fundi
844 4079 926 4134 quem
946 4061 1018 4114 alius
1037 4059 1171 4129 possidet;
1190 4055 1235 4110 vel
1248 4055 1369 4124 aliquem

194 4178 320 4231 diffamet
338 4174 426 4230 veluti
446 4172 614 4242 divulgando
633 4189 695 4226 enm
719 4174 813 4223 uatum
833 4184 894 4223 esse
907 4183 941 4221 ex
960 4164 1105 4228 adulteri03
1124 4162 1169 4215 hic
1187 4162 1307 4214 iactator
1325 4158 1369 4211 vel

200 4284 358 4338 diffamatur
381 4286 497 4337 uocetur
527 4281 555 4333 in
585 4280 686 4334 iudicio
714 4282 745 4332 ut
773 4278 871 4347 probet
899 4292 950 4329 sua
982 4276 1096 4327 asserta.
1115 4299 1149 4311 —
1168 4270 1296 4323 Inmrero
1324 4266 1370 4317 diu

201 4392 357 4461 quaesitum
376 4393 419 4443 est
438 4392 466 4443 et
479 4385 568 4441 adhuc
581 4385 616 4438 lis
635 4387 685 4438 sub
708 4383 797 4437 iudice
817 4386 873 4446 est,
892 4381 1018 4450 quisnam
1036 4388 1114 4431 octor
1132 4374 1274 4429 habendos
1292 4372 1329 4423 sit
1343 4370 1369 4422 in

199 4495 356 4550 huiusmodi
376 4492 491 4558 iudiciis,
506 4510 541 4545 an
557 4490 712 4544 diffamator
731 4489 778 4559 qui
797 4488 825 4541 in
851 4485 953 4539 iudicio
978 4487 1144 4554 provocator
1162 4483 1193 4533 ut
1212 4479 1324 4547 probet;
1344 4476 1373 4525 et

342 4604 403 4657 Sne.
422 4604 508 4673 Lupa.
1248 4586 1266 4639 6
