3350 5117
864 306 948 355 PARS
973 308 994 354 1.

801 573 982 641 TITULUS
1014 574 1057 638 ll.

442 766 487 813 DE
511 767 618 816 noms
642 769 687 816 An
710 770 928 817 SENTENTIAM
953 770 1204 819 IMPUGNANDAM
1231 771 1416 819 Lnol'msss.

618 893 670 934 linc
685 891 793 935 reserant.
808 894 845 935 111.
860 892 895 947 28,
911 893 945 947 etl,
961 892 987 936 L.
1006 894 1026 936 ll
1042 900 1065 935 et
1081 894 1115 949 11,
1131 894 1157 937 L.
1173 894 1192 947 1,
1207 894 1238 937 X.

337 1060 555 1122 Summarlum.
572 1095 610 1107 -
626 1068 688 1121 614.
708 1067 854 1123 Sententia
873 1084 927 1121 non
947 1074 990 1123 est
1009 1072 1089 1123 lirina
1108 1075 1138 1125 et
1162 1067 1354 1124 irrevocabilis
1379 1084 1528 1140 quousque

424 1189 480 1227 non
500 1175 695 1244 pertransierit
712 1175 741 1229 in
760 1192 819 1231 rem
833 1176 992 1231 iudicatam.
1009 1207 1042 1219 -
1056 1178 1118 1232 615.
1132 1178 1291 1233 Revocatur
1309 1194 1356 1232 seu
1371 1178 1528 1247 corrigitur

424 1280 566 1335 sententia
584 1279 753 1337 iudicialiter
771 1282 901 1352 impetita
920 1284 1009 1338 modis
1030 1287 1184 1339 ordinariis
1206 1290 1256 1339 aiut
1274 1286 1522 1340 extraordinariis.

422 1414 460 1428 -
477 1387 539 1441 616.
559 1387 601 1441 Ex
619 1387 736 1443 adverso
754 1392 923 1459 perutilem
943 1392 1181 1463 confirmationem
1201 1391 1291 1461 magis
1311 1392 1464 1445 roboratur
1482 1391 1528 1445 vis

423 1499 578 1553 sententiae
597 1502 647 1552 aut
665 1501 710 1553 rei
727 1501 874 1555 iudicatae.

421 1675 497 1740 614.
525 1675 691 1743 Sententia
714 1697 733 1742 a
756 1678 861 1744 iudice
886 1680 1011 1766 prolata
1040 1682 1185 1763 quamvis
1213 1682 1319 1746 statim
1349 1682 1399 1745 ius
1422 1679 1528 1747 iaciat

334 1797 422 1862 inter
437 1802 557 1883 partes,
580 1804 688 1863 11111611
704 1798 832 1865 firmum
853 1809 885 1868 et
901 1802 1119 1868 irrevocabile
1134 1822 1199 1868 non
1215 1803 1389 1884 constituit,
1407 1822 1522 1887 quam·

332 1919 388 1986 diu
410 1921 554 2008 legitime
577 1924 719 1990 iudiciali
746 1926 901 1991 instantia
933 1928 1070 1994 ulterius
1100 1930 1208 2013 impeti
1237 1928 1340 2000 valet.
1365 1946 1423 1993 seu
1447 1948 1527 2013 quo·

332 2064 434 2129 usque
457 2049 618 2113 sententia
640 2068 705 2112 non
728 2053 956 2135 pertransierit
982 2053 1015 2115 in
1038 2072 1113 2119 rem
1141 2051 1338 2129 iudicatam.

423 2172 499 2238 615.
524 2172 611 2238 Modi
635 2172 891 2239 adsentantium
916 2175 1168 2261 impugnandam
1191 2175 1341 2259 ordinati,
1366 2176 1421 2241 alii
1446 2181 1521 2241 sunt

332 2296 513 2372 ordinarii,
537 2299 593 2363 alii
615 2299 898 2367 eatraordiaarii.

423 2418 455 2507 1)
472 2421 560 2486 Medi
576 2422 747 2489 ordinarii
763 2423 973 2487 continentur
988 2422 1020 2485 in
1041 2421 1269 2505 appellatione
1281 2422 1347 2487 late
1362 2428 1522 2505 accepta·

332 2549 490 2625 quatenus
513 2544 595 2610 haec
618 2546 825 2628 amplectitur
849 2545 1097 2631 appellationem

423 2665 456 2751 a)
482 2666 678 2733 iudicialem
686 2686 700 2749 ‚·
723 2673 755 2733 61

420 2788 451 2872 b)
477 2790 783 2857 eatraiudiciatem.
801 2828 845 2840 -
862 2792 900 2855 lu
917 2792 1060 2857 iudiciali
1085 2793 1174 2858 tertii
1190 2791 1357 2875 oppositio
1373 2812 1522 2877 compre

329 2913 491 2988 henditur,
513 2935 556 2981 ea
574 2936 690 3002 nempe
714 2935 808 3000 quam
830 2918 947 2982 tertius
971 2922 1149 2982 extraneus
1173 2916 1290 2981 iudicio
1316 2918 1440 3003 primae
1468 2919 1518 2982 in-

328 3041 477 3113 stantiae.
503 3041 559 3106 sed
582 3046 736 3127 gravatus
759 3042 921 3106 sententia
944 3041 1095 3115 iudiciali,
1113 3046 1249 3107 exercet
1274 3061 1386 3107 coram
1410 3040 1523 3106 iudice

327 3165 456 3230 altioris
472 3165 600 3251 gratim,
616 3164 657 3230 ad
675 3165 820 3230 eamdem
845 3167 1039 3231 sententiam
1057 3165 1111 3231 vel
1131 3165 1378 3232 rescindendam
1396 3162 1442 3247 (l)
1464 3166 1523 3231 vel

327 3292 571 3377 corrigendam.

420 3417 454 3502 2)
479 3416 567 3482 Modi
591 3416 864 3483 extraordinarii
887 3420 969 3497 sunt,

419 3538 454 3623 a)
479 3539 612 3623 querela
635 3539 801 3617 nuditatis,

419 3662 451 3749 b)
478 3663 655 3728 remedium
678 3663 889 3728 restitutionis
914 3663 947 3727 in
972 3663 1153 3746 integrum;

417 3786 449 3872 c)
473 3807 626 3854 recursus
649 3786 690 3852 ad
713 3788 911 3874 principem;

419 3909 455 3994 cl)
478 3909 669 3976 beneficium
691 3929 802 3977 novae
831 3910 1027 3977 audientiae
1060 3909 1276 3975 invocandum
1303 3928 1414 3975 coram
1438 3908 1518 3975 iudi-

327 4035 428 4118 cibus,
453 4037 506 4120 qui
530 4036 678 4102 altiorem
701 4034 841 4101 iudicem
866 4056 930 4100 non
956 4039 1204 4121 recognoscunt.

416 4212 456 4282 (l)
477 4212 537 4265 Hac
549 4214 658 4267 ratione
675 4214 728 4267 iste
741 4212 838 4265 titulus
858 4212 886 4263 in
901 4210 1096 4266 Decretalibus
1115 4228 1171 4266 noa
1188 4211 1351 4265 inscribitur
1366 4212 1401 4267 de
1415 4211 1516 4282 appat-

329 4317 441 4381 maone,
454 4315 503 4371 sed
514 4318 550 4371 de
563 4317 806 4387 appellationibus.
818 4316 922 4372 Verum
936 4316 964 4370 in
978 4316 1090 4384 odiosis,
1103 4320 1171 4386 puta
1185 4315 1386 4379 criminalibus,
1400 4316 1516 4371 nomina

325 4421 525 4493 appellationis
543 4422 713 4494 intelligitur
732 4428 841 4478 tantum
860 4424 1015 4493 appellatio
1034 4424 1185 4477 iudicialis.
