3350 5117
722 334 923 382 PROOEMIUM

413 600 436 681 ἓ
459 598 491 663 3.
515 597 565 664 De
586 596 736 681 sontibus
759 597 846 663 iuris
872 598 1043 665 iudicialis
1065 598 1231 665 canonici.

318 829 392 895 luri
415 830 582 903 canonice
606 831 701 895 etiam
725 848 804 915 prae
828 828 1049 893 Rornanorum
1072 830 1154 901 iure,
1170 828 1241 894 laus
1261 828 1408 901 debetur,

224 953 349 1038 qnippe
371 952 524 1038 optimam
548 959 581 1018 et
603 973 684 1038 pene
708 952 887 1039 perfectam
916 953 1108 1018 instauravit
1139 952 1329 1018 iudiciorum
1352 973 1408 1018 or·

225 1078 441 1154 dinationem3
465 1077 550 1163 quod
572 1078 648 1143 sassi
673 1086 747 1144 sunt
777 1100 842 1144 non
864 1085 989 1144 tanturn
1014 1082 1180 1162 utriusque
1209 1080 1288 1145 iuris
1319 1080 1409 1145 Gom-

224 1206 437 1273 mentatores,
462 1202 519 1267 sed
544 1200 793 1269 luculentissime
816 1204 1037 1289 comprobavit
1059 1206 1170 1288 praxis
1186 1203 1407 1272 'tribunalium

227 1325 390 1399 Ciuilium,
415 1346 498 1411 quae
521 1328 704 1393 methodum
727 1329 875 1394 canonici
897 1349 1068 1414 processus
1091 1329 1177 1393 ultro
1202 1337 1407 1415 receperunt,

229 1454 328 1532 prout
358 1454 496 1515 tuetur
525 1450 637 1515 nevos
661 1450 755 1536 (rest.
784 1452 866 1517 can.
891 1450 963 1517 nu.
988 1451 1055 1527 nr,
1087 1452 1150 1517 ru.
1175 1453 1196 1518 r
1219 1473 1253 1517 a.
1278 1453 1349 1538 ae),
1375 1437 1428 1519 ρι’

228 1572 382 1637 Mescbat
405 1570 499 1657 (lust.
527 1574 608 1640 Can.
625 1612 641 1623 -
656 1575 907 1661 Proteqomcua
930 1577 1023 1643 luris
1050 1574 1146 1661 Can.)

320 1694 510 1761 Huiusmodi
542 1698 717 1763 canonicae
744 1698 956 1783 legislationis
985 1718 1079 1783 pars,
1106 1703 1189 1764 teste
1216 1700 1343 1767 Abbate
1373 1703 1405 1766 in

229 1820 396 1902 prooemio
418 1818 486 1885 Lib.
512 1822 555 1893 11,
580 1826 628 1885 est
651 1820 850 1906 difficillima
873 1826 905 1887 et
927 1823 1082 1888 muctme
1102 1823 1205 1889 utitis.

320 1942 417 2008 Sana·
437 1943 646 2027 difficillima,
670 1944 710 2009 ob
741 1946 885 2011 intimam
917 1966 1012 2029 qnam
1044 1946 1141 2011 habet
1171 1948 1406 2012 connexionem

231 2088 306 2133 cum
330 2069 483 2136 institutis
505 2072 585 2136 iuris
607 2071 711 2137 civilis
735 2073 968 2148 Romanorum
992 2071 1201 2157 quamobrem
1229 2074 1320 2139 iuxta
1342 2092 1407 2137 ma-

229 2194 336 2259 teriae
360 2193 622 2270 distributionem,
647 2215 711 2280 qua
732 2197 854 2261 utimur
875 2198 909 2261 in
932 2197 1052 2262 nostris
1075 2196 1203 2269 scholis,
1221 2216 1286 2261 non
1301 2202 1407 2282 potest

230 2320 445 2403 praetermitti
468 2321 619 2385 tractatio
643 2321 685 2385 dc
707 2319 914 2394 notionibus,
930 2320 1076 2406 pluribus
1092 2322 1221 2406 quidem
1244 2322 1406 2405 quaestio-

232 2440 328 2507 nibus
350 2447 384 2508 et
405 2444 661 2527 inquisitionibus
683 2444 857 2529 implicata.

323 2566 385 2632 Sed
405 2566 503 2652 plane
517 2567 625 2635 utitis:
640 2568 796 2653 siquidem
821 2569 1042 2653 quodcumque
1058 2567 1267 2653 legislationis
1288 2587 1407 2653 corpus

229 2688 351 2773 absque
373 2690 498 2776 legibus
519 2708 690 2787 propassus
712 2690 880 2773 iudicialis,
903 2696 1012 2776 posset
1034 2690 1199 2755 commode
1223 2692 1405 2776 comparari

229 2971 249 3007 a
269 2954 332 3007 loro
351 2955 431 3008 nesti
441 2970 467 3010 a.
488 2952 544 3007 Alii
562 2954 671 3009 codices
689 2970 758 3025 qnos
776 2953 893 3009 condere
913 2958 1094 3023 proposuerat
1109 2954 1247 3019 Pontifex,
1264 2953 1332 3007 editi
1350 2969 1406 3007 non

228 3063 310 3121 eunt;
323 3058 371 3113 sed
389 3074 439 3128 per
457 3057 539 3128 plura
550 3059 661 3113 decreta
680 3058 786 3112 iustitia
804 3058 1027 3112 administrativa
1043 3062 1071 3111 et
1089 3056 1228 3111 iudicialis
1244 3056 1344 3111 melius
1361 3073 1406 3110 or-

229 3166 325 3221 dinata
348 3167 410 3221 tuit
430 3167 580 3236 Gregorius
599 3166 674 3233 XVl,
690 3183 817 3236 premens
842 3168 962 3236 vestigia
986 3167 1077 3221 Edicti
1102 3169 1158 3221 diei
1184 3168 1205 3220 6
1224 3166 1296 3220 Iulii
1315 3166 1403 3235 1816,

227 3286 302 3325 anno
324 3270 388 3325 1831
410 3270 555 3340 evulgavit
575 3272 702 3326 Codicum
722 3272 903 3326 Proceduroe
926 3272 1074 3338 Poenatr'sp
1099 3277 1128 3327 et
1152 3272 1309 3343 insequenti
1332 3288 1407 3325 anno

229 3377 316 3431 alium
328 3378 461 3442 codicem,
475 3378 652 3448 inscriptum:
664 3380 867 3451 cholamcnto
886 3381 931 3433 sui
949 3380 1041 3433 delicti
1059 3396 1075 3434 c
1092 3380 1169 3433 salte
1183 3396 1266 3449 pene.
1287 3378 1355 3432 Dein
1374 3378 1404 3433 in

227 3488 309 3541 Moru
325 3489 444 3557 proprio
464 3489 521 3541 diei
532 3488 574 3539 20
585 3487 656 3540 Nou.
671 3488 750 3539 1834
771 3486 873 3555 prodiit
884 3486 978 3540 Codex
990 3485 1088 3539 Civilis
1106 3486 1233 3555 idemque
1253 3484 1403 3551 ludicialiS,

226 3592 276 3646 ubi
296 3592 378 3661 plura
390 3593 614 3647 reformabantur
626 3592 659 3647 de
676 3608 803 3662 processu
818 3591 950 3657 iudiciali,
963 3597 1070 3647 statuta
1082 3610 1099 3646 a
1110 3592 1210 3645 Codice
1224 3592 1271 3644 cit.
1285 3590 1328 3643 Pii
1342 3589 1404 3652 vu3

227 3703 257 3754 et
269 3700 446 3753 inscribitur:
460 3700 659 3770 Repetamcnto
679 3700 849 3771 Lepistatieo
869 3717 883 3752 e
906 3701 1065 3755 Giadiziote
1080 3718 1136 3770 per
1154 3700 1197 3770 qli
1215 3701 1300 3769 affari
1319 3698 1403 3751 civiti.

227 3808 257 3862 ln
276 3809 340 3864 iure
365 3808 477 3879 publico
496 3810 592 3864 Status
613 3810 752 3863 Pontificii
776 3810 872 3879 magni
896 3810 1029 3863 momenti
1053 3810 1108 3863 tuit
1127 3808 1283 3873 Decretum,
1300 3807 1405 3863 editum

225 3935 303 3973 anno
324 3918 402 3985 1842,
415 3918 460 3973 cui
479 3917 586 3972 titulus:
605 3918 807 3988 Reqolumento
832 3918 862 3971 di
886 3919 1018 3987 qiusttzia
1042 3919 1197 3985 criminale,
1218 3935 1233 3972 c
1255 3917 1405 3987 disciplina

224 4026 362 4091 militare,
380 4039 437 4095 quo
456 4022 635 4078 vehementer
658 4023 858 4077 condemnatur
881 4028 910 4077 et
934 4022 1098 4093 prohibetur
1121 4024 1318 4077 commercium
1344 4040 1404 4076 ecr-

223 4145 324 4185 vorum
336 4127 432 4197 vulgo:
445 4136 530 4181 tracta
554 4127 601 4181 dei
621 4128 691 4181 neit.
711 4126 754 4181 Ad
772 4126 825 4180 boc
850 4131 1015 4182 revocantur
1035 4128 1215 4182 Decessorum
1234 4128 1402 4181 Pontificum

223 4233 354 4288 Constitu
360 4233 451 4287 donea
468 4236 498 4286 et
514 4232 693 4301 ampliantur.
707 4260 743 4274 -
752 4232 878 4298 Domum,
890 4248 941 4303 pro
954 4248 985 4287 re
997 4236 1101 4297 nostra,
1112 4232 1257 4286 advertere
1270 4237 1404 4301 praestat,

222 4340 362 4412 peculiari
379 4356 450 4393 cura
467 4354 485 4393 a
502 4338 684 4393 Pontificibus
702 4338 848 4394 materiam
867 4337 1026 4394 iudicialem
1045 4344 1245 4411 pertractatam
1264 4341 1349 4395 tuisse
1367 4341 1404 4394 ob

221 4449 289 4517 eina,
301 4448 485 4520 gravitatem.
