3350 5117
298 270 366 337 220
823 289 908 337 rans
932 290 955 336 1.

298 414 355 474 aut
377 410 576 474 contrariam
604 410 742 474 formam
773 407 955 490 inducendi,
983 408 1068 475 unde
1098 411 1168 493 quis
1199 429 1257 474 sua
1288 428 1326 473 re
1355 409 1414 484 uti,
1443 413 1476 474 et

298 533 394 601 abuti
415 539 530 619 potest,
547 536 638 599 iuxta
660 535 681 599 t.
696 533 756 607 28,
779 534 801 616 ἓ
829 531 1012 600 Consuluit.
1031 535 1067 618 ffl
1086 570 1104 582 -
1120 534 1171 599 De
1191 534 1283 617 petit.
1302 534 1417 600 hored.
1433 569 1481 582 --

298 659 402 726 Abuti
424 680 504 725 vero
520 660 575 724 hic
589 657 751 745 significat
765 661 1039 744 consumptionem
1056 677 1113 724 seu
1133 659 1394 734 destructionem,
1410 679 1477 725 non

298 787 348 850 rei
371 790 497 869 turpem
520 784 654 850 abusum
678 785 804 851 domino
828 787 981 871 permitti3

388 907 421 994 3)
445 909 572 981 utendi,
596 929 654 974 seu
677 911 821 975 insuam
849 910 1020 976 utilitatem
1050 909 1261 976 convertendi
1292 910 1418 975 fructus
1442 913 1475 974 et

298 1030 521 1115 quodcumque
551 1031 637 1096 aliud
668 1031 868 1097 commodum
892 1051 912 1096 a
935 1051 972 1096 re
1003 1029 1175 1116 profluens,
1208 1037 1263 1098 aut
1291 1031 1395 1098 eidem
1425 1051 1477 1096 ac·

300 1157 427 1222 cedens.
453 1158 519 1222 Res
542 1158 627 1222 euim
650 1162 802 1223 censetur
825 1157 953 1222 domino
981 1155 1113 1222 subesse
1136 1177 1209 1223 cum
1240 1158 1386 1224 omnibus
1409 1159 1477 1223 suis

298 1285 547 1360 accessionibus

388 1408 421 1492 4)
441 1428 508 1491 pro
532 1408 633 1480 libito.
657 1409 824 1492 siquidem,
853 1428 871 1472 <
902 1409 1138 1494 Unusquisque
1160 1415 1211 1475 est
1232 1409 1285 1475 rei
1306 1427 1390 1474 suae
1404 1427 1478 1476 mo-

298 1533 439 1598 derator
461 1537 493 1597 et
515 1531 643 1598 arbiter
665 1554 684 1595 s
710 1531 744 1616 (t.
768 1532 821 1613 21,
849 1532 929 1598 Cod.
953 1532 1135 1616 Mandat).
1152 1532 1314 1598 Videlicet
1337 1533 1477 1619 disposi-

298 1654 419 1718 tionem
442 1653 494 1718 vel
518 1674 608 1718 usum
641 1674 718 1720 suae
748 1656 797 1720 rei
821 1656 890 1740 ipse
913 1654 1059 1720 dominus
1085 1674 1144 1740 pro
1168 1675 1225 1721 suo
1249 1655 1383 1721 arbitrio
1407 1675 1477 1720 ruo-

299 1776 433 1841 deratur
456 1781 489 1842 et
512 1775 715 1849 determinat,
740 1796 805 1841 uon
827 1776 884 1841 lex
907 1776 1043 1861 publica,
1067 1795 1161 1842 secus
1184 1776 1410 1845 destrueretur
1426 1779 1476 1843 ius

298 1900 501 1966 dominorum
526 1904 559 1965 et
581 1899 758 1965 haberetur
779 1900 991 1967 socialirmus
1013 1906 1069 1966 aut
1092 1901 1370 1968 communiamus.
1390 1937 1407 1949 -
1432 1903 1478 1966 At

300 2029 362 2092 hoc
385 2048 449 2092 non
473 2027 624 2114 prohibet
638 2030 806 2112 quominus
821 2027 1011 2092 exercitium
1028 2029 1107 2093 iuris
1122 2026 1253 2092 dominii
1270 2028 1471 2105 cohibeatur;

388 2152 422 2238 a)
446 2173 469 2218 u
491 2152 582 2220 ciuili
604 2152 780 2223 coruortio,
798 2151 881 2234 quod
907 2151 993 2218 iubet
1015 2151 1177 2216 dominum
1200 2153 1246 2216 ita
1269 2171 1388 2218 suere
1416 2154 1473 2234 uti,

300 2282 422 2342 utnon
446 2275 554 2340 laedat
575 2275 709 2340 alterius
737 2276 817 2339 civis
839 2276 889 2339 ius
912 2273 1059 2339 naturale
1082 2275 1151 2339 sive
1173 2274 1278 2348 civile,
1296 2293 1412 2359 nempe
1429 2276 1479 2340 ius

299 2421 321 2464 a
343 2401 430 2466 civili
452 2400 526 2485 lege
553 2398 717 2465 inductum
740 2403 796 2464 aut
818 2400 932 2463 saltem
963 2399 1166 2484 recognitum
1192 2406 1226 2467 et
1255 2397 1434 2465 defensum.
1459 2436 1478 2449 -

301 2525 435 2608 inquam
453 2559 471 2572 -
494 2523 550 2590 ius
575 2559 592 2572 ·
609 2543 682 2587 nam
699 2524 769 2607 quis
785 2522 926 2588 obiicere
942 2541 1007 2587 non
1023 2527 1131 2609 posset
1144 2543 1246 2590 suum
1261 2524 1479 2590 commodum

301 2657 337 2716 ut
358 2671 409 2714 me
431 2649 621 2735 prohiberet
642 2648 683 2713 ab
705 2647 904 2715 aedificando
928 2650 961 2714 in
984 2668 1055 2714 meo
1078 2649 1187 2723 fundo,
1209 2648 1294 2716 uude
1318 2652 1347 2716 ei
1370 2670 1479 2716 amoe-

301 2795 360 2840 nus
382 2774 539 2838 minuitur
562 2778 760 2859 prospectum

389 2898 422 2983 b)
445 2919 467 2964 a
491 2902 662 2966 uoluntate
683 2898 823 2974 domiui,
849 2899 902 2981 qui
925 2897 1021 2962 alteri
1052 2897 1085 2961 iu
1116 2917 1174 2962 sua
1204 2917 1240 2962 re
1265 2898 1314 2968 ius
1345 2917 1479 2964 conces-

299 3025 388 3098 serit,
413 3031 490 3110 puta
512 3025 757 3099 usumfructum,
783 3031 815 3090 et
837 3026 901 3089 alia
924 3022 1119 3099 huiusmodi3

389 3149 420 3234 c)
443 3169 465 3214 u
488 3149 735 3243 lepepositiuu,
760 3169 843 3233 quae
866 3169 926 3235 pro
949 3148 1033 3214 bono
1057 3148 1185 3235 publico
1209 3149 1333 3216 civibus
1356 3150 1476 3234 aliquid

300 3278 390 3339 vetat
412 3274 533 3348 facere,
558 3294 610 3339 ex.
642 3294 692 3359 gr.
723 3273 833 3338 domos
865 3274 961 3339 altius
990 3273 1107 3339 tollere
1136 3274 1189 3338 vel
1219 3274 1340 3358 aliquid
1366 3274 1478 3339 facere

300 3398 467 3484 praecipit,
491 3398 590 3462 veluti
622 3402 712 3462 certo
735 3395 829 3461 modo
856 3417 953 3482 agros
984 3396 1146 3470 excolere,
1170 3396 1223 3462 vel
1254 3397 1350 3462 etiam
1376 3394 1475 3471 iubet,

299 3523 400 3590 cortis
422 3522 481 3587 sub
502 3520 745 3597 conditionibus,
770 3520 916 3587 dominos
938 3542 1008 3588 rem
1039 3541 1129 3587 suam
1153 3522 1372 3586 communitati
1395 3521 1476 3586 alie·

300 3666 390 3719 nare,
415 3646 493 3731 ipsis
514 3649 622 3710 tamen
643 3644 765 3710 tributa
787 3664 933 3732 congrua
956 3645 1164 3710 indemnitate
1189 3644 1246 3732 (1).

389 3877 429 3949 (i)
448 3877 513 3932 Inde
531 3876 651 3933 babetur
669 3878 698 3930 in
719 3877 793 3930 bona
816 3878 920 3930 civium
945 3878 1099 3932 daramium
1124 3881 1248 3932 eminens
1273 3875 1416 3932 societatis
1434 3875 1477 3930 ci-

300 3981 372 4048 vilis,
391 3982 464 4053 quod
482 3999 580 4051 reapse
598 3999 654 4036 nou
673 3987 716 4036 est
738 3982 855 4036 dominii
879 3985 932 4048 tus,
951 3981 997 4035 sed
1022 3982 1175 4035 auotoritas
1194 3981 1306 4036 socialis
1328 3998 1384 4053 qua
1401 3982 1477 4035 bona

301 4083 411 4153 privata
428 4100 491 4138 cum
508 4085 583 4138 bono
601 4082 712 4153 publico
730 4089 941 4153 componuntur.
961 4082 1003 4136 ita
1020 4083 1175 4138 domuuum
1185 4085 1335 4155 politicum
1347 4084 1376 4137 in
1395 4083 1479 4138 terri-

300 4191 403 4245 torium
421 4194 451 4245 et
468 4190 575 4245 incolas
593 4195 636 4245 est
653 4196 777 4261 potestas
794 4191 1008 4256 iurisdictionis3
1029 4190 1070 4244 uti
1089 4192 1244 4244 dominium
1263 4193 1316 4246 Dei
1334 4191 1363 4245 in
1383 4207 1427 4245 res
1445 4194 1477 4245 et

301 4311 433 4365 personas
450 4304 494 4353 est
512 4299 579 4353 Eius
596 4316 726 4369 suprema
744 4304 867 4369 potestas
885 4299 979 4354 omnis
992 4301 1022 4355 et
1040 4315 1135 4354 omnes
1148 4299 1201 4353 sibi
1215 4299 1334 4354 subdens
1346 4299 1377 4353 in
1388 4299 1478 4352 omni-

299 4405 359 4458 bus
378 4401 432 4485 Sed
450 4403 520 4459 haec
537 4405 599 4458 iura
616 4404 809 4475 discrepante
828 4405 888 4460 iure
907 4406 1085 4477 proprietatis
1104 4423 1121 4460 a
1139 4394 1219 4460 nobis
1239 4403 1387 4474 explicato.
