3350 5117
372 223 438 288 110
896 241 981 288 ress
1005 241 1026 288 1.

371 361 405 421 et
426 361 549 425 tentum
566 360 660 440 cavit,
677 363 713 424 ut
728 361 930 426 eniterentur
952 359 1131 425 sententiae
1154 363 1244 424 certe
1263 358 1443 424 abnormes.
1459 359 1528 424 Hinc

373 487 444 550 lun.
461 487 509 551 XI
527 487 614 551 hanc
635 485 800 551 damnavit
821 487 1086 573 propositionem:
1111 485 1375 553 ‹Probabiiiter
1398 486 1530 554 cristino

371 613 519 679 indicem
538 632 640 696 posse
660 613 816 680 indicare
834 613 934 680 inesto
950 614 1146 696 opinionem
1169 613 1271 679 eliam
1293 613 1411 680 minus
1429 613 1532 696 probo·

373 735 472 802 bitem
487 756 518 798 a.
536 735 634 802 Cuius
657 737 882 821 propositionis
905 737 1065 800 sententia
1089 735 1239 799 damnata
1255 734 1314 798 luit
1330 735 1445 820 quippe
1459 743 1533 799 certe

372 860 467 925 nimis
489 860 564 942 lata,
589 861 788 946 amplectens
810 881 1043 945 quemcumque
1066 859 1202 946 gradum
1220 861 1279 925 etsi
1296 861 1460 925 minimum
1474 881 1535 946 pro·

372 983 560 1060 habilitare
584 985 639 1052 sed
663 987 803 1050 maxime
826 984 1007 1050 damnanda
1030 986 1100 1059 fuit,
1118 987 1162 1050 uti
1180 985 1262 1050 bene
1285 984 1426 1050 advertit
1448 983 1538 1052 D’ln·

373 1112 481 1178 nibale
503 1109 565 1198 (ll.
582 1131 616 1176 n.
633 1111 709 1176 590
730 1112 768 1176 in
788 1115 857 1177 not.
874 1109 949 1194 32),
965 1131 1003 1178 eo
1028 1111 1120 1196 qnod
1143 1115 1192 1176 est
1212 1110 1304 1194 falsa
1327 1110 1442 1194 quoad
1463 1116 1540 1177 ano-

290 1280 293 1284 *
373 1254 457 1300 rein.
473 1235 602 1299 Etenim
626 1233 805 1298 iudicialem
822 1233 968 1298 ordinem
992 1233 1075 1316 quod
1098 1238 1230 1318 spectat,
1248 1252 1294 1298 en
1309 1251 1380 1318 rep.
1398 1235 1434 1297 11
1457 1234 1538 1298 Iuris

373 1357 412 1421 in
435 1357 473 1420 6:
499 1353 618 1420 ‹Oum
643 1359 722 1421 sunt
746 1353 903 1437 portium
929 1354 1009 1420 iura
1033 1354 1186 1426 obscura,
1210 1372 1269 1419 reo
1291 1353 1478 1437 favendum
1502 1359 1543 1419 est

372 1481 487 1563 potins
509 1499 614 1564 qnam
638 1480 747 1545 actori
760 1501 778 1540 »
793 1498 800 1554 ;
817 1483 851 1543 et
865 1498 911 1544 eer
925 1499 996 1566 rep.
1014 1479 1062 1545 65
1077 1479 1183 1544 eiusd.
1201 1479 1247 1544 tit.
1264 1479 1301 1542 in
1318 1478 1357 1543 6:
1377 1479 1451 1544 ‹In
1470 1479 1544 1561 pori

375 1605 494 1671 delicto
511 1606 562 1670 oet
578 1623 683 1670 cansa
693 1604 810 1686 potior
825 1609 873 1670 est
889 1605 1035 1670 conditio
1053 1603 1258 1686 possidentis
1274 1624 1305 1667 a.
1330 1605 1472 1688 Namque
1489 1605 1544 1668 iam

375 1729 536 1794 innuimus
559 1727 642 1811 quod
666 1748 742 1794 reus
765 1730 798 1792 in
821 1727 937 1793 iudicio
955 1735 1062 1813 partes
1086 1730 1278 1813 possessoris
1295 1729 1371 1814 egit,
1390 1733 1484 1812 alque
1506 1733 1547 1794 uti

376 1850 475 1917 hebet
496 1849 687 1916 Alexander
710 1849 759 1914 lll
785 1851 817 1913 in
842 1869 917 1932 cop.
941 1850 964 1914 6
987 1851 1036 1916 De
1055 1850 1258 1934 praescript.
1280 1849 1547 1935 (11,26).‹....

376 1977 518 2043 deicere
540 1976 655 2044 divino
679 1983 711 2042 et
735 1977 884 2042 hermano
910 1978 1029 2043 melior
1059 1984 1107 2044 est
1135 1979 1281 2046 conditio
1302 1979 1548 2060 possidentis».

468 2099 535 2164 lem
559 2103 647 2184 patet
669 2097 752 2182 quod
776 2118 834 2162 nos
859 2100 944 2163 inter
969 2097 1192 2184 probabilislas
1209 2107 1241 2166 et
1263 2100 1452 2180 tutioristas,
1473 2097 1552 2164 arbi·

378 2227 505 2286 tramur
527 2222 666 2287 mediam
688 2223 773 2286 viem
789 2222 961 2286 tenendam
978 2241 1048 2287 esse
1065 2243 1123 2307 per
1149 2222 1293 2307 regulam
1317 2241 1412 2306 quem
1437 2225 1552 2286 vocent

377 2349 421 2414 de
439 2350 658 2431 possessione,
675 2351 766 2414 cuius
781 2351 960 2414 acerrimus
983 2351 1104 2415 vindex
1128 2351 1160 2414 in
1185 2350 1357 2414 remorati
1380 2350 1440 2415 luit
1456 2350 1555 2414 Divus
1638 2379 1640 2401 1

379 2472 563 2557 Alphonsus
576 2471 630 2556 (cf.
645 2473 675 2537 S.
685 2472 842 2556 Alpheus.
859 2471 1228 2558 redebuissent.
1246 2493 1340 2556 quam
1359 2473 1504 2560 regulam
1522 2475 1554 2538 in
1641 2476 1643 2532 ζ

379 2615 416 2659 re
439 2594 579 2660 iudiciali
604 2594 729 2659 facilius
752 2594 923 2660 admittunt
946 2595 1005 2679 ipsi
1029 2596 1209 2660 tutioristae
1234 2595 1288 2674 (oi.
1308 2593 1511 2661 D'Annibnle
1530 2597 1558 2664 l.

378 2740 413 2784 n.
429 2718 526 2801 268),
543 2738 701 2802 quamque
721 2739 780 2783 nos
794 2739 837 2784 ex
854 2718 958 2783 allatis
974 2713 1140 2804 principiis
1157 2725 1247 2785 certe
1268 2719 1463 2804 sequendam
1487 2739 1560 2785 esse

379 2862 548 2908 censemus
569 2843 605 2906 in
621 2862 661 2908 re
675 2843 829 2908 iudiciali
844 2847 877 2907 et
892 2843 1010 2908 exinde
1025 2845 1122 2908 etiem
1139 2845 1175 2908 in
1190 2863 1228 2908 re
1243 2843 1379 2910 niornli.
1398 2843 1478 2909 Nam
1503 2845 1562 2910 lex

379 2970 474 3036 dubia
504 2990 568 3034 non
599 2968 729 3054 obligat,
754 2971 871 3053 quippe
898 2989 961 3033 non
990 2977 1039 3036 est
1062 2970 1131 3045 lex;
1162 2975 1195 3034 et
1225 2989 1268 3034 ex
1298 2969 1436 3035 adverso
1468 2972 1565 3035 iuxta

381 3095 529 3181 tepeant>
551 3095 603 3159 Uti
621 3094 816 3176 possidetis:
839 3115 857 3156 ‹
938 3094 1195 3178 qualiscumque
1215 3113 1393 3176 possessor
1409 3093 1470 3161 boc
1488 3094 1565 3176 ipso

380 3217 474 3301 qnod
492 3215 652 3298 possidet,
666 3216 747 3297 plns
771 3215 858 3279 iuris
882 3213 980 3280 babet
1002 3233 1105 3299 qnam
1122 3214 1178 3280 ille
1193 3214 1252 3298 qni
1275 3234 1345 3280 non
1362 3215 1565 3296 possidet».

382 3341 424 3406 Et
438 3342 471 3404 in
489 3341 662 3405 moralibus
684 3340 824 3425 possidet
849 3339 1003 3422 liberles;
1020 3341 1052 3403 in
1069 3339 1268 3404 iudicialibus
1289 3338 1429 3423 possidet.
1453 3341 1479 3403 is
1504 3337 1569 3423 qui

382 3464 580 3531 convenitur
602 3464 635 3528 in
662 3463 814 3529 iudicium
845 3462 885 3527 ob
916 3464 1100 3547 petitionem
1129 3463 1257 3527 actoris.
1283 3462 1374 3536 Quae
1402 3464 1570 3548 principia

381 3587 476 3653 firma
504 3586 653 3653 habenda
682 3607 754 3653 esse
784 3589 962 3672 opinamur,
986 3588 1055 3651 sive
1086 3588 1270 3652 contrariae
1301 3588 1468 3672 opiniones
1502 3589 1573 3652 sint

381 3731 484 3797 aeque
510 3710 701 3798 probabiles,
729 3717 784 3776 aut
807 3731 873 3776 una
899 3711 1002 3776 altera
1030 3710 1225 3794 probabilior
1250 3707 1306 3795 (l).
1332 3710 1496 3777 -Unde
1525 3719 1574 3775 ex

472 3925 511 3997 (l)
520 3926 595 3980 llaec
605 3923 746 3979 tnmelara
754 3928 857 3978 suntut
867 3923 1025 3978 tutioristae
1035 3928 1064 3979 et
1076 3923 1275 3993 probabilistns
1285 3923 1357 3977 banc
1368 3925 1501 3994 regulam
1513 3939 1574 3978 non

384 4035 524 4098 respuant,
537 4031 593 4084 imo
606 4030 634 4082 iu
648 4047 725 4083 suam
739 4038 847 4099 partem
861 4027 1030 4098 pertrahere,
1045 4045 1094 4098 pro
1107 4027 1221 4094 viribus,
1234 4033 1385 4092 conentur3
1400 4027 1448 4083 sed
1462 4029 1491 4082 in
1507 4028 1576 4082 eius

383 4134 570 4204 applicatione
585 4136 615 4189 in
627 4134 779 4190 moralibus
792 4150 846 4188 non
861 4134 1039 4200 conveniunt,
1052 4133 1213 4190 inducentes
1228 4135 1298 4203 lepis
1313 4151 1369 4189 non
1382 4145 1490 4188 certam
1506 4147 1577 4202 pos·

281 4283 283 4287 .
383 4244 542 4309 sessionem,
555 4243 602 4297 sed
615 4247 724 4296 tentum
735 4243 910 4311 probabilem
923 4246 972 4294 aut
987 4242 1208 4311 probabiliorem
1222 4257 1270 4296 seu
1285 4241 1425 4295 tenderem.
1441 4269 1476 4282 -
1492 4239 1576 4292 Sane

384 4350 466 4404 huius
484 4349 599 4420 regulae
617 4349 769 4420 applicatio
786 4348 896 4402 facilior
910 4354 952 4403 est
966 4350 994 4404 in
1013 4366 1043 4404 re
1062 4349 1195 4411 iudiciali,
1209 4350 1300 4419 prouti
1315 4363 1413 4404 ornnes
1426 4349 1573 4403 fetentur.
