3350 5117
340 280 408 345 402
865 300 950 346 ears
974 298 997 345 1.

340 423 416 488 latio
440 444 496 489 seu
526 424 680 510 temporis
704 424 922 504 intervallum,
943 443 1006 508 quo
1029 423 1159 509 procedi
1184 422 1300 488 debeat
1322 422 1364 486 ad
1393 428 1510 487 certum

339 553 455 629 actum,
472 554 504 613 et
524 553 602 613 tunc
625 548 794 615 dilationes
817 548 971 613 dicuutur
992 549 1136 633 tapetem
1159 549 1206 613 sic
1222 522 1512 629 concedunturper

337 670 428 755 leges
450 670 564 737 decem
588 671 660 737 dies
683 671 723 735 ad
746 670 978 756 appellandum
1000 691 1020 735 a
1042 670 1204 734 sententia
1219 668 1295 743 lata,
1307 688 1350 732 ne
1373 672 1513 732 transeat

338 796 371 858 in
396 814 464 859 rem
489 795 670 867 iudicatam.
695 814 737 859 ex
761 788 977 877 cap.15,'De
999 800 1131 860 scatet
1152 814 1192 860 re
1214 794 1296 859 iad..
1316 792 1353 854 X
1370 793 1427 877 (ll,
1448 790 1513 877 27).

338 920 432 984 Aliae
454 925 529 987 sunt
550 920 736 1001 iudiciales,
751 941 830 1007 quas
847 942 967 1005 nempe
990 922 1087 985 iudex
1102 920 1156 985 vel
1175 919 1320 1006 partibus
1342 921 1377 981 in
1399 916 1514 982 indicio

337 1044 500 1109 constituit
520 1046 572 1109 vel
589 1045 647 1110 sibi
672 1047 739 1130 ipse
763 1046 915 1111 concedit
939 1044 979 1109 ad
1004 1046 1065 1111 rite
1088 1042 1306 1129 expediendos
1329 1048 1423 1107 actus
1446 1060 1516 1126 pro·

297 1198 299 1203 ·
337 1166 508 1231 cessuales.
525 1166 634 1241 Quare
650 1168 754 1233 solent
778 1166 876 1232 dividi
898 1170 989 1232 iuxta
1011 1166 1157 1231 diversas
1179 1167 1371 1251 praecipuas
1394 1169 1514 1249 partes,

336 1288 450 1373 quibus
473 1296 598 1356 constat
622 1294 749 1378 integer
772 1312 954 1377 processus.

426 1412 510 1478 Hinc
528 1412 695 1479 dilationes
719 1414 802 1479 aliae
819 1419 894 1479 sunt
910 1414 1086 1481 citatoriae
1101 1420 1134 1479 et
1148 1412 1420 1493 deliberatoriae,
1433 1430 1515 1494 quae

335 1514 454 1603 dantur
480 1559 538 1603 reo
561 1548 730 1612 sarmento,
752 1543 787 1604 ut
818 1539 979 1605 deliberet
1004 1538 1160 1626 quomodo
1188 1536 1449 1623 respondendum
1476 1537 1517 1599 sit

336 1664 503 1730 intentioni
522 1662 646 1733 'actoris
670 1670 703 1732 in
726 1668 882 1735 citatione
898 1666 1107 1754 significatae.
1121 1668 1214 1731 Nunc
1236 1669 1322 1730 enim
1346 1668 1379 1731 in
1396 1668 1467 1751 ipso
1482 1666 1517 1730 li·

335 1787 419 1852 bello
443 1791 604 1855 citationis
630 1794 814 1878 assignatur
840 1812 897 1856 reo
922 1812 1101 1878 congruum
1123 1798 1249 1876 tempus
1270 1790 1311 1854 ad
1336 1789 1515 1855 deliberan-

333 1911 417 1992 dum,
442 1932 484 1977 an
508 1915 658 2000 expediat
681 1917 770 1981 litem
794 1917 961 1982 inchoare.

422 2034 515 2101 Aliae
534 2039 766 2121 probatoriae,
788 2059 871 2125 quae
895 2040 1095 2125 litigantibus
1118 2039 1341 2105 conceduntur
1364 2038 1406 2103 ad
1429 2060 1513 2105 com-

332 2160 492 2242 parandas
516 2169 549 2227 et
572 2164 781 2249 exponendas
805 2164 1022 2249 probationes.

421 2284 638 2371 Defiailorias
666 2288 846 2357 dilationes
871 2290 969 2355 iudex
997 2289 1056 2357 sibi
1079 2311 1246 2356 assumere
1273 2289 1356 2355 solet
1377 2288 1419 2353 ad
1446 2289 1514 2354 inti-

1639 581 1641 670 l

1639 689 1640 764 l

1639 1025 1641 1070 l

1639 1133 1640 1196 l

1639 1311 1641 1378 l

1639 1659 1641 1760 l

1639 1799 1641 1870 l

331 2405 414 2469 mins
430 2407 644 2475 examinanda
659 2418 736 2477 acta
759 2416 792 2476 et
803 2412 964 2496 probata.
982 2448 1026 2462 -
1050 2412 1184 2477 Demum
1201 2412 1418 2477 caecatoriae
1437 2430 1513 2497 par·
1639 2489 1640 2504 χ

330 2527 414 2593 tibus
438 2533 659 2599 conceduntur
682 2540 753 2620 post
777 2538 970 2602 sententiam
993 2535 1091 2601 latam
1114 2534 1155 2601 ad
1178 2534 1323 2599 eamdem
1339 2554 1511 2617 exequen-

331 2649 413 2733 dam,
438 2654 489 2717 vel
513 2655 771 2742 impugnandam.
992 2630 997 2636 ὁ

422 2778 700 2848 Coaoealioaales
727 2783 898 2849 dilationes
919 2789 1114 2865 statuuntur,
1131 2802 1228 2867 quum
1259 2786 1370 2867 partes
1399 2785 1512 2849 mutuo

330 2920 489 2966 consensu
511 2904 564 2967 vel
588 2906 786 2969 conveniunt
800 2904 841 2969 ad
865 2905 1143 2970 determinandum
1166 2911 1292 2989 tempus
1316 2906 1404 2968 intra
1426 2902 1512 2988 quod

329 3028 420 3091 actus
432 3028 646 3111 processualis
658 3032 733 3115 poni
746 3029 871 3111 debeat,
885 3030 937 3095 rel
950 3036 1076 3114 tempus
1092 3031 1155 3093 iam
1167 3048 1187 3093 a
1200 3027 1304 3093 iudice
1319 3047 1510 3092 concessum

329 3158 516 3237 prorogant.
543 3155 666 3220 Verum
691 3158 830 3242 partium
849 3159 1020 3222 consensui
1043 3156 1178 3222 accedat
1192 3162 1319 3241 oportet
1341 3158 1444 3221 tacita
1458 3157 1510 3221 vel
1639 3135 1640 3162 ³

329 3295 486 3362 expressa
500 3280 611 3345 iudicis
627 3281 825 3367 approbatio,
844 3284 914 3347 sine
926 3302 989 3366 qua
1000 3283 1140 3368 partium
1155 3280 1345 3346 deliberatio
1361 3282 1427 3344 vim
1446 3300 1510 3344 non
1639 3265 1640 3298 ³

329 3397 449 3464 obtinet
473 3402 659 3479 iuridicam;
691 3424 760 3490 arg.
786 3423 862 3488 cap.
888 3405 924 3478 4,·
945 3404 996 3470 De
1019 3406 1142 3487 appell.
1166 3404 1204 3468 ia
1231 3404 1333 3470 Clam.
1358 3402 1417 3487 (ll,
1445 3402 1508 3486 12).

418 3528 493 3593 368.
519 3528 737 3595 Communiter
763 3532 826 3596 DD.
847 3536 1008 3597 testantur
1031 3533 1064 3595 in
1088 3530 1160 3595 loro
1183 3531 1404 3595 ecclesiastico
1428 3530 1509 3594 dila·
1639 3551 1641 3624 i

328 3651 431 3716 tiones
453 3651 638 3733 iudiciales,
655 3653 760 3738 quoad
784 3656 940 3739 temporis
962 3655 1178 3736 limitationes
1196 3675 1267 3720 esse
1289 3652 1506 3723 arbitrariae,

328 3800 406 3864 quas
429 3780 579 3845 nimirum
602 3781 700 3847 iudex
722 3802 782 3867 pro
805 3781 891 3848 bono
915 3788 948 3848 et
979 3803 1091 3867 aequo,
1108 3782 1255 3849 omnibus
1271 3782 1449 3867 perpensis,
1467 3780 1507 3845 ad

328 3908 452 3966 certum
475 3908 600 3989 tempus
622 3904 763 3970 limitare
787 3904 894 3972 debet.
913 3908 955 3972 Et
978 3907 1040 3972 hoc
1063 3905 1177 3972 iudicis
1192 3904 1363 3970 arbitrium
1378 3909 1508 3989 proten·

327 4026 414 4093 ditur
435 4032 502 4093 tum
519 4028 559 4095 ad
576 4031 798 4116 prorogandas
823 4031 997 4099 dilationes
1012 4052 1069 4097 seu
1084 4032 1124 4096 ad
1144 4052 1199 4098 eas
1221 4030 1361 4096 nondum
1379 4032 1506 4115 elapsas

327 4154 557 4237 extendendas,
571 4160 637 4220 tum
662 4156 701 4221 ad
725 4157 784 4223 has
809 4178 870 4243 pro
894 4157 1046 4234 secunda,
1070 4159 1167 4225 tertia
1190 4159 1262 4224 vice
1286 4162 1320 4223 et
1343 4159 1439 4223 etiam
1454 4157 1504 4221 nl·

326 4279 427 4344 terius
450 4280 690 4359 concedendam
715 4283 770 4348 sed
795 4284 955 4350 etiamad
978 4284 1192 4351 revocandam
1217 4304 1405 4351 concessam
1421 4283 1502 4349 dila-

326 4401 456 4481 tionem,
480 4406 628 4467 cessante
651 4402 794 4469 eiusdem
826 4409 970 4483 ratione;
1001 4426 1071 4491 arg.
1095 4425 1170 4490 cap.
1194 4406 1253 4488 24,
1279 4407 1329 4472 De
1352 4408 1407 4490 off.
1430 4406 1500 4472 iud.
