3350 5117
322 306 388 371 634
849 326 932 373 rens
957 326 979 372 ι.

321 466 401 533 gere
435 449 467 511 in
503 468 593 513 suam
623 450 832 523 sententiam;
864 448 927 513 hoc
962 454 1071 513 amen
1107 448 1246 523 obtinet,
1271 448 1396 534 quando
1430 469 1502 514 seu-

320 575 421 639 tentia
451 580 500 639 est
526 575 641 640 valida.
674 575 707 641 Si
731 576 817 641 enirn
849 574 940 639 nulla
969 581 1018 640 est
1048 575 1226 655 sententia,
1259 574 1342 659 quod
1365 576 1502 640 nultum

320 701 368 759 est
390 696 525 763 nuliam
547 696 696 783 producit
718 699 890 781 effectum,
915 702 948 761 et
970 698 1064 783 paria
1087 702 1164 765 sunt
1185 715 1256 763 noa
1279 715 1350 763 esse
1372 702 1404 761 et
1426 715 1501 761 esse

318 821 462 895 nattum,
480 824 571 887 iuxta
586 819 684 888 effata
698 823 902 897 iuristarum;
927 822 1134 913 quamobrem
1160 822 1266 895 iudex,
1291 822 1408 907 prioris
1425 841 1501 886 sen-

319 949 439 1012 tentiae
473 948 640 1013 declarata
672 948 835 1031 nullitate,
861 954 938 1014 tunc
958 948 1075 1032 ptimo
1100 948 1294 1034 pronunciat
1320 947 1500 1033 paraliam

317 1070 455 1136 validam
479 1074 682 1139 seutentiam.
708 1074 842 1157 inquam
867 1108 883 1121 -
908 1072 1006 1139 iudex
1033 1071 1234 1141 ordinarius
1256 1108 1275 1121 -
1298 1092 1373 1139 nam
1400 1071 1500 1139 iudex

317 1199 491 1286 detepatas
513 1197 554 1265 ad
577 1201 775 1286 peculiarem
809 1220 960 1282 causam,
985 1198 1071 1266 edita
1097 1200 1265 1266 sententia
1295 1200 1365 1264 sive
1391 1198 1501 1263 valida

316 1324 385 1386 sive
407 1322 558 1402 invalida,
576 1322 827 1389 iurisdictionem
852 1342 982 1389 omnem
1006 1323 1132 1394 amittit,
1149 1322 1233 1388 uude
1248 1342 1311 1388 nec
1333 1340 1412 1387 suae
1427 1340 1500 1387 sen·

316 1446 436 1510 tentiae
458 1450 564 1531 potest
594 1443 764 1511 declarare
787 1446 945 1512 valorem.
975 1445 1023 1513 of.
1049 1442 1144 1513 Reiff.
1168 1445 1219 1513 De
1240 1446 1353 1530 appel.
1377 1466 1411 1511 a.
1436 1444 1498 1517 28,

316 1576 349 1635 et
371 1570 569 1656 Sohmalzgr.
594 1570 645 1637 De
667 1571 832 1636 sententia
853 1576 885 1637 et
906 1590 945 1636 re
963 1572 1035 1637 iad.
1059 1592 1093 1636 η.
1111 1570 1167 1643 78,
1186 1570 1243 1637 79.

294 1740 299 1747 ·
404 1692 479 1775 653.
504 1693 630 1761 Verum
642 1692 779 1757 ulterius
795 1692 1017 1778 quaerendum
1034 1700 1092 1766 set,
1105 1713 1147 1759 an
1163 1694 1303 1779 querela
1325 1693 1492 1760 nullitatis

314 1816 452 1900 proponi
483 1818 582 1901 possit
609 1817 705 1881 etiam
737 1815 820 1902 apud
845 1815 982 1882 iudicem
1011 1818 1221 1901 superiorem.
1246 1817 1290 1882 Et
1312 1820 1492 1883 communis

315 1936 381 2000 DD.
406 1939 566 2003 sententia
589 1938 652 2004 hoc
681 1935 752 2003 fieri
783 1956 879 2023 posse
907 1936 1031 2022 probat.
1067 1936 1171 2003 Huius
1199 1938 1379 2003 canonicae
1400 1957 1497 2023 prae-

315 2062 499 2147 scriptionis
523 2064 605 2128 ratio
630 2066 673 2129 ita
695 2062 927 2149 perpendenda
951 2070 1009 2128 est.

403 2188 481 2253 Iuro
496 2206 629 2251 romano
652 2186 692 2252 de
706 2188 839 2273 speciali
864 2187 1006 2253 remedio
1022 2187 1176 2272 querelae
1199 2186 1355 2253 nullitatis
1375 2189 1497 2252 mentio

314 2330 380 2375 uon
403 2311 557 2387 habetur;
581 2312 639 2378 sed
661 2315 694 2378 iu
717 2332 841 2399 genere
872 2314 1064 2399 principium
1092 2313 1294 2394 enunciatur,
1318 2331 1384 2376 non
1415 2332 1497 2397 opus

312 2456 382 2502 esse
398 2438 614 2524 appellatione
629 2444 743 2505 contra
765 2442 959 2505 sententiam
974 2447 1088 2525 aperte
1103 2460 1160 2506 sau
1176 2440 1345 2507 evidenter
1361 2440 1495 2517 nullam

311 2560 356 2624 ita
379 2561 400 2626 t.
418 2560 461 2626 12
484 2566 514 2628 et
537 2562 581 2628 19
601 2564 637 2646 ff.
661 2562 712 2629 De
734 2564 859 2646 appell.
876 2568 907 2629 et
929 2562 977 2627 tit.
997 2563 1078 2647 9‚ff.
1099 2562 1191 2635 Quae
1212 2563 1398 2631 sententiae
1420 2564 1496 2630 rim

309 2686 538 2769 appellatione
559 2687 809 2755 rescindantur.
834 2688 878 2754 Et
901 2690 983 2755 ratio
1007 2693 1066 2763 est,
1090 2690 1165 2773 quia
1188 2690 1221 2753 in
1244 2690 1380 2757 notoriis
1403 2689 1494 2755 nulle

310 2810 495 2875 necessaria
524 2816 574 2875 est
603 2810 749 2896 probatio
764 2796 836 2877 Μ
856 2809 1028 2887 ·defensi0;
1052 2812 1216 2895 quocirca,
1244 2812 1321 2895 quin
1350 2810 1493 2877 obstaret

310 2937 397 3003 edita
419 2939 589 3012 sententia,
614 2940 730 3005 iterum
761 2938 845 3024 apud
877 2938 1023 3005 eumdem
1055 2936 1194 3003 iudicem
1226 2936 1493 3023 expostulabatur

310 3064 551 3129 controversiae
575 3061 734 3138 definitio;
759 3061 843 3146 quod
878 3062 904 3127 si
935 3061 1142 3128 adversarius
1168 3062 1290 3147 prioris
1312 3062 1492 3127 sententiae
1550 3066 1552 3071 '

308 3186 490 3273 postulabat
513 3189 746 3259 executionem,
772 3186 880 3251 statim
906 3183 1117 3252 succurrebat
1147 3191 1309 3251 convento
1336 3186 1492 3270 acceptia

306 3309 483 3376 nullitatis.

396 3431 521 3496 Verum
530 3432 643 3516 praxis
654 3430 718 3494 lori
727 3429 940 3494 ecclesiastici
953 3427 1120 3494 eoimbuta
1131 3429 1300 3515 principio:
1316 3430 1490 3517 ‹lurpaa-

308 3553 392 3618 tiam
404 3554 650 3621 controuersiae
663 3551 765 3620 ceteri
775 3553 941 3620 scatentia
953 3552 1139 3619 minare
1150 3558 1182 3619 et
1193 3553 1357 3638 aequitati
1368 3573 1489 3621 coava-

305 3679 356 3745 ait
371 3684 402 3745 et
417 3680 557 3765 ripert»
576 3699 651 3763 cap.
667 3680 703 3761 2,
717 3681 768 3746 De
783 3684 866 3746 seat.
883 3685 915 3745 et
930 3698 970 3745 re
983 3678 1054 3745 iud.
1068 3678 1109 3760 X,
1126 3678 1282 3746 adhibere
1294 3682 1400 3767 coepit
1411 3700 1491 3767 que·

305 3805 415 3871 ratam
430 3803 596 3869 nullitatia
610 3822 670 3888 pro
686 3804 812 3868 casibus
825 3800 939 3887 quibus
955 3800 1085 3888 probari
1099 3802 1282 3887 contigeret
1296 3806 1488 3871 seutentiam

305 3931 426 3996 nullam
443 3950 522 4003 esse,
537 3928 597 3994 etsi
611 3928 675 3993 hoc
690 3948 754 3993 non
772 3935 857 3997 esset
873 3932 1043 3997 notorium.
1062 3933 1113 3997 Ita
1128 3932 1250 3998 iactum
1267 3936 1327 4013 est,
1340 3939 1375 3997 ut
1390 3932 1489 3996 mino·

305 4055 394 4120 ribus
410 4055 561 4142 expensis
576 4060 609 4118 et
619 4052 763 4119 breviori
779 4058 926 4139 tempore
943 4054 1026 4119 idern
1043 4054 1140 4122 iudex
1155 4057 1209 4140 qui
1225 4054 1420 4121 sententiam
1435 4052 1488 4121 de·

305 4180 359 4255 dit,
375 4181 511 4268 probata
525 4178 631 4245 editae
646 4180 826 4245 sententiae
843 4180 1002 4261 nullitate,
1014 4181 1111 4246 aliam
1128 4182 1362 4268 pronunciaret
1375 4200 1488 4247 sccun-

304 4303 378 4367 dum
402 4303 564 4369 iustitiam.
597 4298 660 4365 Sed
684 4318 778 4366 nemo
802 4320 866 4365 nou
890 4300 994 4377 videt,
1019 4302 1185 4385 querelam
1216 4302 1374 4370 nullitutis
1396 4302 1486 4369 adhi-

303 4426 401 4493 bitam
423 4428 520 4493 etiarn
543 4423 649 4511 quoad
671 4430 763 4492 actus
787 4422 882 4490 dubie
906 4425 1021 4501 nullos,
1047 4421 1180 4492 differre
1203 4425 1243 4492 ab
1267 4426 1486 4513 appellatione
