3350 5117
292 262 336 329 98
819 284 904 331 raas
928 286 951 331 1.

292 416 371 476 nent
393 409 594 495 privatorum
617 410 795 485 hominum;
812 410 924 477 nobile
945 430 1025 476 vero
1048 412 1081 475 in
1106 410 1169 475 illis
1193 412 1307 485 causis,
1325 432 1407 496 quae
1430 412 1472 477 ad

291 534 453 619 publicum
476 534 593 599 bonum
617 534 787 607 intersunt,
813 534 866 599 vel
882 534 922 600 ad
942 535 1137 619 aequitatem
1162 537 1248 601 inter
1272 537 1359 602 cives
1381 541 1472 601 tuen·

291 658 374 722 dam.
399 659 646 743 Magistratuum
669 660 753 722 enim
777 662 835 731 est,
860 677 906 723 ao
927 658 1046 743 officie,
1072 658 1249 724 defendere
1271 659 1356 725 bona
1383 681 1469 725 com-

290 781 409 851 munia,
434 785 466 843 et
488 798 549 845 saco
572 780 716 862 imperto
741 800 858 845 curare
882 800 1017 865 aequam
1038 781 1155 845 iuriam
1170 782 1418 867 applicationem
1438 789 1471 847 et

291 905 524 971 executionem.

379 1025 594 1100 Quamobrem
618 1026 738 1113 duplex
754 1026 866 1092 iudicis
881 1024 1020 1093 officium
1045 1027 1219 1112 respondet
1242 1027 1390 1093 diversae
1415 1050 1471 1094 ne·

290 1149 450 1234 gotiorum
474 1153 619 1213 naturae.
644 1150 692 1213 Ea
714 1151 799 1215 enim
823 1152 953 1235 negotia
981 1171 1063 1234 quae
1091 1154 1232 1238 partium
1263 1157 1387 1216 tantum
1419 1154 1469 1216 in-

289 1278 426 1353 tersunt,
451 1291 596 1356 quaeque
625 1274 884 1357 complectuntur
907 1275 1064 1341 interesse
1096 1275 1262 1340 exclusive
1293 1278 1468 1361 privatum,

289 1416 353 1460 non
377 1405 556 1482 provocant
578 1398 691 1465 iudicis
719 1401 954 1482 auctoritatem,
979 1403 1041 1467 nisi
1071 1402 1226 1466 instantia
1253 1404 1469 1486 praecesserit

289 1523 428 1607 partium
445 1523 601 1589 interesse
616 1522 818 1600 habentium;
836 1544 918 1610 quae
934 1526 961 1589 si
977 1544 1043 1589 non
1058 1530 1171 1611 petant
1186 1524 1300 1590 iudicis
1317 1523 1468 1606 officium,

288 1652 539 1732 praesumuntur
561 1648 613 1713 rel
637 1650 833 1713 renunciare
857 1650 1010 1722 imisue,
1034 1649 1087 1713 vel
1115 1650 1242 1734 privata
1272 1651 1468 1715 auctoritate

288 1775 361 1839 iura
391 1794 450 1839 sua
477 1794 671 1860 componere
697 1775 803 1839 malle.
832 1775 920 1840 Hinc
943 1781 1027 1840 esset
1050 1775 1221 1841 ridiculum
1245 1775 1327 1859 quod
1351 1775 1467 1858 iudex,

288 1916 353 1961 non
377 1899 504 1981 petitae,
528 1898 654 1981 obviam
673 1900 736 1963 iret
752 1899 1019 1964 contendentibus
1042 1897 1129 1965 inter
1152 1919 1196 1971 se,
1221 1903 1308 1984 puta,
1333 1897 1373 1964 de
1396 1900 1469 1963 iure

221 2072 224 2083 .
289 2016 425 2097 quodam
448 2018 682 2085 haereditario:
707 2040 815 2084 nonne
838 2026 965 2105 partes,
990 2021 1125 2085 iudicem
1149 2021 1235 2086 ultro
1259 2013 1467 2111 dimittentes⁹

289 2146 436 2227 possent,
462 2144 677 2239 subridentes,
702 2146 749 2210 illi
771 2149 804 2209 in
828 2149 1017 2211 memoriam
1041 2167 1208 2228 revocare,
1233 2147 1316 2232 quod
1340 2146 1379 2211 de
1403 2150 1469 2212 suis

288 2270 410 2337 iuribus
439 2281 487 2337 est
517 2274 613 2358 plane
644 2274 805 2357 integrum
837 2276 1027 2357 cuicumque
1061 2276 1174 2358 quavis
1204 2275 1330 2339 ratione
1360 2274 1468 2358 dispo-

288 2388 387 2456 neret
403 2428 447 2439 -
469 2393 656 2458 Huiusmodi
675 2396 802 2479 negotia
826 2400 909 2464 sunt,
927 2415 1009 2478 quae
1032 2397 1196 2481 pertinent
1218 2394 1259 2459 ad
1283 2415 1397 2461 causas
1420 2395 1467 2459 ci-

287 2518 378 2583 viles.
396 2518 438 2585 Et
454 2540 512 2603 pro
536 2520 625 2584 hisce
649 2522 753 2585 causis
776 2527 809 2585 el.
831 2522 971 2606 negotiis
994 2520 1205 2607 intelligenda
1228 2525 1303 2586 sunt
1326 2539 1365 2584 ea
1388 2520 1468 2583 iuris
1557 2586 1562 2598 ,

287 2646 449 2709 axiomata
463 2665 480 2707 a
498 2646 611 2711 ludeo
625 2664 695 2711 non
711 2646 910 2727 irnpurtilur
923 2665 1025 2711 suam
1041 2646 1191 2731 officium
1206 2646 1274 2711 nisi
1293 2644 1420 2711 uolenti
1434 2665 1465 2713 r.

285 2785 413 2830 necnon
440 2767 605 2833 «Fatuus
628 2773 676 2833 est
697 2768 803 2833 indae
826 2767 887 2851 qni
909 2769 1002 2833 ultro
1028 2768 1135 2850 petito
1166 2767 1296 2833 iudicat
1311 2786 1342 2830 ».
1366 2765 1464 2829 Falsa

285 2896 371 2960 enim
388 2894 564 2959 evaderent
586 2896 669 2959 haec
692 2896 861 2980 principia,
878 2895 905 2958 si
921 2894 961 2959 da
975 2893 1081 2960 nobili
1097 2892 1202 2957 officie
1218 2894 1465 2957 invocarentur.

374 3019 428 3083 76.
453 3021 533 3083 Dein
557 3019 760 3104 dispiciamus
783 3019 822 3082 de
847 3019 918 3083 aliis
941 3019 1077 3103 negotiis
1101 3036 1183 3100 quae
1211 3015 1325 3081 iudicis
1353 3018 1466 3099 exqui-

285 3154 362 3212 runt
384 3146 524 3213 officium
547 3146 665 3213 nobile.
692 3184 735 3195 -
760 3148 864 3211 Huius
887 3146 1035 3229 generis,
1060 3166 1133 3210 cum
1166 3146 1295 3230 primis,
1321 3166 1360 3210 ea
1390 3153 1467 3211 sunt

286 3290 367 3353 quae
390 3290 434 3335 ex
457 3271 658 3355 praescripto
681 3270 760 3333 iuris
784 3268 960 3333 communis
983 3272 1163 3353 provocant
1187 3267 1300 3332 iudicis
1323 3270 1466 3335 auctori-

285 3396 626 3478 taten1‚etsipartium
649 3392 739 3460 nulla
761 3398 879 3477 urgeat
900 3393 1022 3477 petitio.
1047 3392 1142 3457 Tales
1166 3397 1241 3457 sunt
1264 3412 1382 3457 causae
1406 3392 1467 3456 cri-

286 3518 420 3583 minales
443 3516 655 3582 criminaliter
678 3520 779 3596 actae,
801 3516 834 3580 in
859 3516 972 3599 quibus
995 3515 1035 3579 de
1058 3514 1141 3579 bono
1165 3516 1337 3579 universae
1362 3516 1466 3599 reipu-

286 3641 388 3705 blicae
412 3642 528 3726 agitur.
554 3677 598 3689 —
622 3640 730 3714 Quare
754 3639 819 3705 huc
843 3659 969 3724 quoque
992 3645 1139 3725 spectant
1169 3658 1280 3703 omnes
1304 3638 1386 3702 aliae
1410 3658 1466 3701 or·

285 3765 465 3830 dinationes
495 3787 515 3828 a
545 3764 649 3830 iudice
681 3764 804 3829 dandae
835 3766 868 3828 in
899 3784 1051 3849 processu
1084 3765 1179 3827 etiam
1210 3763 1316 3843 cirili,
1345 3768 1380 3828 ut
1408 3762 1466 3827 lex

285 3891 462 3956 communis
487 3892 549 3955 rite
571 3889 785 3955 demandetur
808 3890 992 3955 executioni
1020 3891 1053 3953 in
1082 3889 1313 3953 controversiis
1336 3887 1466 3952 iudicia·

284 4014 376 4079 libus.
402 4014 504 4080 Iudex
527 4014 622 4086 enim,
640 4034 681 4079 ex
697 4034 754 4078 suo
778 4011 894 4093 officie,
919 4019 969 4078 est
991 4018 1098 4078 custos
1123 4018 1155 4077 et
1176 4010 1299 4077 vindex
1323 4011 1465 4075 omnium

284 4140 585 4224 praescriptionum,
608 4156 689 4221 quae
713 4136 906 4202 ordinantur
928 4136 970 4200 ad
991 4135 1166 4222 legitimam
1191 4136 1293 4201 litium
1315 4136 1465 4220 agitatio-

284 4284 359 4329 nem
390 4268 422 4329 et
451 4260 677 4328 definitionem.
703 4298 746 4311 -
771 4264 808 4327 In
836 4262 930 4326 titulo
952 4262 1003 4327 De
1025 4260 1134 4345 officio
1157 4258 1280 4325 indicis
1303 4258 1339 4323 X
1360 4253 1463 4343 (1-32)

284 4385 319 4448 in
343 4403 370 4449 c.
395 4404 422 4449 c.
446 4384 464 4447 1
486 4382 565 4448 era
593 4382 654 4449 duo
678 4388 902 4468 proponuntur
925 4381 1077 4467 exempla
1103 4387 1231 4446 actuum
1256 4377 1464 4459 iudicialium,
1551 4367 1553 4372 ’
