3350 5117
542 350 586 396 nn
610 349 749 398 morans
773 348 1038 397 neonasmsrmrs
1317 333 1385 401 469

292 472 325 559 2)
350 474 574 558 responsiones
590 470 708 536 debent
723 468 827 557 redigi
851 472 883 535 in
904 473 1068 558 scriptisa
1088 474 1299 548 cancellario,
1317 494 1384 540 una

196 614 276 661 cum
300 595 618 681 interrogationibus.

290 721 324 807 3)
350 720 433 783 Pars
457 717 762 804 interrogationibus
785 718 976 785 satisfacere
999 720 1094 787 debet
1121 726 1288 794 oretenus,
1303 722 1383 805 quin

197 847 348 933 perlegat
371 846 524 930 scriptam
542 844 731 909 relationem
747 843 918 909 factorum.
935 845 1167 911 Tantummodo
1184 847 1304 930 poterit
1328 866 1383 911 re·

195 992 339 1038 currere
361 972 401 1037 ad
426 972 580 1056 scriptum
603 969 838 1045 documentum,
864 973 891 1035 si
911 976 1027 1056 agatur
1050 991 1102 1036 ex.
1124 991 1152 1035 c.
1171 968 1211 1035 de
1235 970 1382 1037 referen-

195 1096 249 1161 dis
264 1096 394 1161 summis
417 1095 590 1183 pecunIae;
615 1099 648 1158 et
671 1095 715 1158 ita
739 1113 850 1179 porro

290 1219 323 1303 4)
347 1218 453 1285 Finito
476 1218 558 1282 orali
574 1218 734 1299 examine,
752 1215 922 1281 admodum
937 1223 1152 1303 opportunum
1168 1222 1226 1290 est,
1243 1237 1382 1303 respon·

136 1352 138 1357 ’
194 1348 307 1411 siones
336 1345 449 1431 legere
475 1346 569 1430 parti,
594 1362 676 1428 quae
706 1312 944 1409 animadvertat
973 1349 1082 1408 utrum
1112 1343 1228 1409 debeat
1257 1343 1378 1427 aliquid

99 1489 110 1512 ·-
194 1469 379 1554 corrigere,
402 1468 455 1532 vel
478 1466 608 1531 addere.

289 1590 323 1670 5)
349 1588 452 1654 ludex
475 1608 533 1653 sua
556 1586 728 1673 prudentia
751 1586 978 1651 determinabit
1000 1593 1107 1652 utrum
1131 1607 1218 1673 pars,
1236 1588 1379 1654 interro·

193 1716 359 1800 gastorium
384 1735 576 1801 proponens,
593 1713 855 1801 responsionibus
878 1713 1035 1780 adsistere
1050 1715 1158 1800 possit,
1177 1714 1261 1798 quod
1283 1716 1379 1781 etiam

196 1839 373 1923 prohibere
396 1846 503 1925 posset
525 1841 619 1925 gravi
642 1841 682 1905 de
705 1860 811 1911 causa,
832 1842 1025 1926 praesertim
1049 1839 1176 1923 quando
1200 1860 1246 1905 em
1268 1840 1379 1926 officio

193 1986 218 2031 a
241 1966 345 2031 iudice
370 1966 487 2032 debent
509 1964 582 2031 addi
613 1967 885 2051 interrogationes
912 1965 952 2030 ad
976 1965 1054 2031 facti
1085 1967 1257 2033 veritatem
1288 1966 1377 2032 dete-

193 2092 345 2179 gandam,
371 2091 483 2177 quibus
513 2098 624 2177 postea
648 2096 680 2157 et
703 2110 779 2175 pars
803 2094 1011 2176 interrogans
1043 2091 1241 2176 respondere
1271 2090 1377 2157 debet.

194 2216 246 2283 Cf.
273 2217 411 2303 Pirhing
443 2215 474 2280 h.
499 2222 521 2281 t.
544 2236 578 2281 rt.
603 2214 660 2297 36,
693 2222 725 2281 et
756 2216 915 2283 Sobmalz.
947 2216 979 2282 lt.
1004 2222 1025 2281 t.
1057 2237 1091 2281 n.
1115 2216 1237 2302 1110).
1266 2216 1377 2291 Quare

194 2340 281 2404 baec
300 2338 415 2424 regula
430 2341 526 2405 statui
542 2342 655 2424 potest.
673 2338 808 2413 Quando
825 2338 924 2405 iudex
939 2339 1121 2424 interrogat
1139 2358 1237 2403 noum
1254 2357 1298 2403 ex
1313 2336 1375 2402 liti-
1490 2401 1496 2414 ,

192 2461 347 2547 gentibus
369 2460 409 2525 ad
432 2460 654 2545 inquirendam
681 2460 859 2540 veritatem,
876 2460 913 2526 in
928 2460 1040 2527 causis
1056 2460 1151 2526 crim.
1169 2463 1200 2523 et
1214 2457 1375 2541 spirituo·

161 2656 166 2667 ,
193 2589 293 2661 tibus,
306 2595 383 2654 tunc
395 2590 477 2654 alius
489 2587 794 2673 interrogationibus
807 2588 920 2653 adesse
933 2607 996 2652 non
1009 2586 1113 2653 debet:
1129 2586 1171 2652 cf.
1187 2588 1267 2652 lost.
1278 2586 1375 2653 Aust.

192 2712 249 2777 cit.
267 2710 379 2793 5146.
396 2710 561 2785 -Quum
586 2729 604 2773 e
628 2715 743 2776 contra
766 2710 1051 2794 interrogatorium
1075 2707 1111 2774 fit
1134 2686 1302 2774 exclusive
1328 2708 1377 2775 ad

198 2836 396 2903 tractantiam
417 2836 529 2918 portis
545 2854 601 2899 seu
621 2836 656 2905 in
680 2833 842 2915 civilibus,
860 2840 937 2900 tuno
959 2836 1041 2900 haec
1065 2835 1229 2899 ordinario
1251 2832 1375 2900 admitti

191 2960 327 3025 debete
346 2958 450 3024 iudice
473 2958 512 3023 ad
538 2960 763 3043 responsiones
787 2959 972 3025 audiendas.
997 2994 1041 3008 —
1065 2960 1200 3031 Verum,
1225 2959 1285 3023 etsi
1308 2977 1374 3023 non

190 3086 279 3174 adsit
302 3086 452 3159 examini,
469 3085 533 3149 alia
549 3106 624 3170 pars
641 3105 770 3170 semper
786 3086 835 3150 ius
851 3084 989 3158 babebit,
1007 3082 1222 3169 cognoscendi
1238 3102 1375 3168 respon-

191 3210 302 3273 siones
319 3214 353 3274 ut
368 3226 403 3271 se
419 3206 593 3271 defendere
609 3207 725 3279 valeat,
744 3208 770 3271 si
788 3226 881 3272 casus
904 3207 1000 3272 ferat.
1026 3205 1087 3272 Sed
1111 3225 1153 3269 ao
1177 3204 1370 3279 immediate,

192 3330 284 3397 finito
309 3334 468 3411 examine,
490 3331 715 3415 responsiones
740 3330 955 3416 publicentur,
978 3349 1020 3394 an
1044 3336 1212 3416 postquam
1234 3330 1374 3395 adversa

192 3476 271 3542 pars
294 3455 393 3521 luerit
416 3456 627 3539 interrogata,
652 3458 685 3518 et
708 3454 791 3518 aliae
815 3452 1020 3539 probationes
1044 3459 1200 3538 exceptae
1223 3454 1297 3535 sint,
1314 3454 1374 3519 de·

190 3586 310 3649 cernet
331 3580 429 3647 iudex
452 3580 542 3647 iuxta
565 3582 835 3666 opportunitatem
860 3581 1082 3647 instructionis
1104 3600 1232 3646 causae.

283 3704 317 3793 6)
342 3682 448 3770 Etiam
469 3724 529 3789 per
553 3708 781 3789 procuratores
798 3704 938 3770 munitos
954 3702 1124 3769 sufficienti
1148 3703 1297 3770 mandato
1320 3724 1374 3791 po

190 3835 256 3897 test
279 3827 427 3897 satisfieri
450 3828 708 3913 interrogatoriis
731 3826 788 3913 (2).
813 3826 862 3893 Ol.
888 3827 1046 3893 Sobmalz.
1072 3828 1104 3892 lt.
1129 3834 1149 3893 t.
1174 3849 1208 3894 tt.
1233 3828 1283 3894 42
1297 3811 1371 3913 seq.

282 4038 322 4111 (1)
341 4038 403 4093 lure
422 4054 498 4105 rom,
517 4054 577 4107 ary.
599 4037 617 4089 l.
633 4036 662 4101 6,
681 4038 698 4100 g
717 4036 747 4101 3,
765 4038 795 4106 ff.
810 4036 852 4091 De
871 4040 1013 4109 confessis,
1027 4037 1163 4092 confessio
1181 4052 1237 4090 non
1258 4036 1371 4092 valebat

190 4147 247 4201 nisi
264 4146 440 4203 adversarius
458 4146 518 4201 eius
537 4144 686 4215 prolationi
706 4162 837 4215 praesens
856 4148 964 4201 fuisset.
984 4146 1043 4200 Hoc
1068 4146 1189 4200 edictum
1213 4146 1276 4215 fuit,
1292 4162 1374 4217 prae·

188 4253 273 4322 cipue
292 4252 357 4324 quia
376 4257 442 4307 tunc
461 4269 515 4305 non
534 4252 720 4307 adhibebatur
738 4252 876 4321 scriptura
894 4251 923 4305 in
943 4267 1073 4321 processu
1093 4252 1273 4307 conficiendo.

281 4361 320 4429 (2)
340 4360 370 4412 ln
389 4358 446 4413 cod.
466 4357 549 4429 Greg.
569 4375 603 4414 ex
622 4364 674 4429 art.
694 4360 744 4412 741
769 4374 822 4413 non
841 4358 1000 4412 admittitur
1018 4365 1182 4429 procurator
1199 4360 1371 4414 constitutos

189 4482 242 4536 pro
261 4468 484 4538 responsionibus
496 4468 637 4535 faciendis,
651 4469 679 4525 in
693 4484 758 4523 casu
773 4483 837 4523 vere
848 4466 967 4537 legitimi
981 4467 1170 4537 impedimenti
1180 4479 1280 4524 exart.
1295 4468 1367 4524 742:
