3350 5117
556 332 600 379 us
624 332 763 381 runicus
786 334 1051 383 accuasmsrrcrs
1345 314 1390 380 27

213 450 458 519 discriminat-im
478 462 686 543 usurpantur.
704 458 860 526 Secundo
878 458 990 532 modo,
1007 459 1184 523 transactio
1194 458 1340 542 proprie
1358 462 1393 523 et

212 575 328 641 stricto
349 578 495 659 sumitur,
518 580 625 681 Qffi
649 584 698 647 est
718 598 783 663 per
804 600 841 649 sc
866 586 987 647 certas.
1001 584 1194 647 contractus
1216 600 1391 662 annosus,

214 677 329 766 idibus
351 694 511 786 finiendis
532 706 721 771 ordinatus.

288 825 373 929 §.⁰⁸ss
400 826 439 891 de
467 830 695 909 transactione,
715 829 860 915 proprie
896 829 983 894 dicta
1012 829 1154 915 agimus,
1186 849 1268 914 quae
1298 850 1390 895 suum

212 948 312 1015 babet
342 948 499 1015 obiectum
529 954 560 1015 in
586 972 623 1017 re
646 922 742 1018 (lubia
772 960 805 1019 et
832 952 982 1038 litigiosa.
1008 952 1115 1027 Unde,
1140 954 1215 1037 quia
1237 953 1392 1021 subtilita-

212 1072 299 1139 tibus
322 1073 552 1159 indulgendum
568 1096 633 1145 non
658 1082 715 1151 est,
732 1078 997 1161 quotiescumque
1020 1080 1191 1145 conventio
1214 1079 1304 1145 circa
1319 1098 1390 1144 rem

213 1196 343 1262 dubiam
366 1204 398 1263 et
420 1194 593 1285 litigiosam
617 1219 681 1265 non
704 1206 866 1283 versatur,
891 1206 924 1266 et
947 1200 1176 1267 contrahentes
1202 1220 1268 1265 non
1291 1202 1392 1265 inten-

214 1319 294 1388 dunt
315 1319 411 1387 finem
435 1323 601 1407 imponere
622 1323 681 1405 liti,
697 1326 761 1389 iam
785 1330 931 1405 exortae,
951 1330 1007 1389 aut
1029 1326 1229 1389 exoriturum
1253 1343 1390 1409 praeve·

212 1445 296 1524 nire,
312 1444 368 1510 sed
388 1465 442 1510 res
459 1451 567 1513 certas
581 1447 668 1513 inter
689 1468 724 1513 se
740 1454 940 1512 commutare
962 1454 1018 1513 aut
1040 1448 1136 1513 alteri
1159 1447 1297 1522 donare;
1313 1451 1391 1511 tuuc

211 1588 279 1633 non
293 1568 335 1635 de
356 1572 585 1645 transactione,
601 1570 658 1637 sed
677 1571 716 1637 de
739 1571 913 1636 donatione
928 1577 983 1636 aut
998 1570 1038 1637 de
1054 1572 1118 1636 alio
1134 1575 1306 1636 contractu
1326 1570 1392 1656 agi·
1416 1638 1429 1684 t
1480 1632 1484 1642 ,

211 1700 269 1761 tur
281 1692 336 1783 (l).
354 1696 479 1763 Verum
498 1699 567 1783 ipsa
580 1698 768 1780 transactio,
785 1699 853 1764 tate
871 1704 1006 1783 sumpta,
1024 1717 1121 1781 quum
1137 1701 1287 1761 versetur
1301 1696 1392 1761 circa
1417 1690 1427 1729 ⁴
1436 1694 1447 1714 ¹'

212 1841 284 1887 rem
300 1821 407 1889 iudicii
424 1824 515 1887 aleae
527 1822 708 1897 obnoxiam,
722 1820 830 1889 differt
846 1843 866 1888 a
881 1828 1049 1889 contractu
1062 1823 1250 1894 donationis,
1263 1823 1391 1909 quando
1473 1803 1479 1822 ⁸

212 1947 411 2013 renuncians
425 1948 474 2013 liti
490 1953 523 2015 et
538 1948 586 2013 rei
602 1948 760 2033 litigiosae
784 1954 958 2013 censeatur
980 1968 1050 2013 rem
1076 1949 1123 2015 ita
1143 1949 1340 2021 aestimasse,
1357 1952 1392 2011 ut

304 2208 344 2281 (l)
360 2208 490 2264 Doctores
502 2210 654 2265 admittunt
667 2212 883 2266 transactionem
897 2227 957 2279 esse
969 2212 1089 2281 speciem
1103 2213 1186 2282 pacti,
1196 2212 1243 2267 sed
1256 2229 1310 2266 non
1324 2228 1391 2267 con·

212 2313 331 2369 veniunt
350 2314 378 2367 in
397 2315 564 2383 assignanda
580 2316 639 2369 eius
658 2313 814 2371 differentia
833 2318 970 2387 specifica.
983 2314 1025 2369 Cf.
1039 2316 1136 2371 Devoti
1151 2318 1211 2383 (lus
1227 2316 1291 2371 Can.
1312 2319 1390 2371 Unio.

212 2423 240 2474 h.
261 2430 278 2473 t.
296 2439 323 2473 n.
344 2422 378 2488 1),
397 2419 542 2493 Cujacium
566 2421 612 2489 (ln
639 2422 703 2477 Cod.
729 2422 788 2477 Lib.
808 2424 837 2489 2,
868 2424 920 2476 ru.
939 2424 970 2488 4,
995 2440 1056 2494 opp.
1079 2433 1142 2477 tons
1164 2424 1207 2489 10,
1227 2425 1279 2478 col.
1300 2423 1390 2492 832),

212 2525 463 2595 Schmalzgrueber
481 2524 555 2596 (Ius.
574 2528 682 2581 Erotes.
701 2528 725 2597 b.
740 2538 758 2579 t.
778 2532 796 2591 ἓ
815 2530 854 2595 2).
874 2528 1018 2589 Quaerunt
1035 2530 1109 2583 enim
1128 2546 1163 2583 an
1182 2529 1334 2583 transactio
1352 2530 1390 2583 sit

213 2636 327 2699 pactum
344 2630 510 2697 donationis,
528 2649 563 2686 an
582 2640 611 2687 et
629 2632 765 2705 quomodo
784 2635 819 2688 ab
832 2632 885 2687 hac
903 2633 1021 2688 differat.
1037 2632 1105 2687 Rem
1124 2634 1233 2688 videtur
1253 2635 1389 2687 conticere

214 2736 354 2807 Ulpianus
367 2736 412 2808 (ia
426 2740 444 2791 t.
460 2740 482 2805 1,
494 2742 524 2811 ff.
538 2740 579 2795 De
592 2743 736 2809 transeat.)
750 2740 839 2793 aiens:
852 2754 870 2793 a
885 2740 938 2799 Oai
955 2741 1093 2810 traasipit‚
1106 2742 1185 2811 quasi
1200 2742 1235 2795 ate
1254 2758 1287 2794 rc
1305 2741 1391 2793 dubia

213 2854 241 2898 et
263 2844 312 2898 lite
329 2846 436 2899 incerta
453 2863 542 2917 acque
559 2848 638 2917 finita
656 2847 800 2916 transipit;
813 2848 862 2917 qui
874 2863 942 2902 vero
953 2848 1114 2917 paciscitur,
1127 2847 1283 2900 donationis
1297 2862 1390 2913 caasa,

212 2972 277 3009 rem
296 2966 400 3009 emam
419 2966 445 3010 et
463 2956 645 3010 indubitatam
670 2956 840 3011 liberalitate
858 2959 974 3011 remittit
993 2974 1017 3009 a.
1037 2955 1129 3017 Quare
1151 2961 1233 3025 pacta
1250 2956 1325 3009 circa
1346 2972 1392 3011 res

212 3062 313 3116 dubias
330 3066 359 3116 et
380 3062 650 3131 litigiosas-habent
672 3067 800 3117 naturam
823 3063 1033 3125 transactionis.
1052 3064 1118 3133 quia
1137 3081 1182 3117 res
1203 3063 1286 3117 dubia
1304 3062 1390 3117 efficit

211 3174 313 3223 utnon
326 3172 430 3239 pateat,
441 3185 477 3222 an
487 3173 515 3223 et
532 3170 599 3239 quid
607 3168 695 3223 detur.
712 3169 817 3239 -lpse
834 3186 901 3223 vero
913 3186 1037 3225 recessus
1047 3171 1083 3224 ab
1093 3169 1156 3225 alea
1168 3169 1263 3223 iudicii
1283 3173 1326 3224 est
1336 3170 1391 3223 iam

211 3279 317 3331 bonum
341 3278 431 3346 pretio
457 3276 638 3343 aestimabile,
663 3278 742 3331 iuxta
765 3277 882 3347 vulgare
908 3278 1031 3344 effatum,
1049 3280 1152 3333 metior
1174 3290 1214 3334 est
1237 3283 1387 3334 transactio

213 3402 320 3450 mama,
333 3401 416 3455 quam
433 3387 569 3440 sententia
584 3388 705 3456 pinquis.
726 3386 835 3440 Pluries
855 3386 881 3439 S.
895 3386 924 3440 O.
938 3384 1043 3441 Concil.
1062 3387 1172 3442 cerrenit
1190 3389 1280 3458 ipsum
1299 3406 1390 3444 reces-

211 3510 275 3546 sum
294 3509 311 3545 a
328 3492 378 3547 lite
397 3508 459 3547 esse
477 3492 614 3548 sufficiens
632 3493 767 3547 motivum
788 3510 837 3563 pro
856 3494 1033 3563 adprobanda
1059 3494 1247 3549 transactione
1267 3495 1309 3549 vel
1329 3497 1387 3549 fore

211 3597 346 3666 gratuita
359 3596 400 3650 Ci.
414 3596 560 3651 Pallottini
580 3597 729 3663 (Collectio
750 3598 880 3652 Omnium
895 3598 1021 3652 Coactus.
1037 3608 1063 3653 et
1075 3598 1169 3653 Resol.
1184 3609 1233 3653 etc.
1253 3601 1328 3652 Yam.
1342 3599 1390 3665 17,

209 3722 278 3775 pap.
289 3703 315 3770 9,
324 3706 342 3771 ἕ
352 3704 394 3756 32
406 3706 484 3774 seq).
496 3732 530 3744 -
543 3702 643 3769 Quare,
654 3720 704 3773 pro
717 3706 803 3774 praxi,
815 3704 867 3758 hoc
879 3704 1017 3759 habeatur
1029 3706 1181 3772 criterium,
1191 3706 1322 3759 nimirum
1335 3721 1390 3759 non

211 3811 248 3866 de
266 3812 454 3865 transactione
473 3811 521 3867 sed
538 3811 572 3865 de
590 3811 739 3865 donatione
757 3813 813 3880 agi,
825 3811 935 3882 quando
955 3813 1017 3882 quis
1035 3828 1090 3865 non
1110 3816 1140 3865 ut
1159 3812 1212 3865 sibi
1231 3810 1389 3865 consuleret

211 3919 261 3973 sed
282 3922 312 3973 ut
330 3919 359 3972 in
378 3918 497 3973 alterum
514 3920 653 3974 conferret
671 3918 880 3986 liberalitatem,
899 3923 1074 3973 contractum
1093 3919 1165 3973 iniit.
1178 3948 1215 3960 -
1230 3918 1271 3973 De
1286 3935 1391 3973 renuat·

211 4025 331 4079 ciatione
357 4024 417 4077 litis
442 4024 470 4077 in
489 4024 580 4079 causis
598 4024 851 4078 matrimonialibus
876 4030 957 4079 cavet
975 4024 1125 4078 Instructio
1148 4021 1227 4078 card.
1248 4020 1391 4077 Rauscber

210 4128 240 4181 in
267 4130 304 4192 §5
323 4128 385 4193 207,
404 4128 466 4193 211,
488 4127 546 4182 133.
563 4156 599 4170 -
617 4127 752 4183 Nonnulli
776 4134 920 4190 auctores,
943 4134 974 4183 ut
999 4129 1177 4199 Sanguinotti
1203 4129 1291 4195 (luris
1311 4128 1389 4183 Eccl.

213 4236 283 4289 last.
295 4254 322 4289 a.
337 4236 381 4289 65
387 4236 417 4303 7)
430 4238 459 4290 et
472 4233 568 4305 loseph
581 4235 690 4291 Ferrari
705 4238 831 4304 (Summa
848 4237 915 4292 lact.
932 4236 998 4291 Can.
1011 4256 1037 4290 rr.
1056 4238 1130 4305 664)
1144 4237 1176 4292 de
1196 4237 1392 4292 donationibus

211 4350 243 4399 et
259 4344 494 4399 transactionibus
510 4342 592 4398 simui
605 4350 701 4414 agunt,
714 4346 792 4416 quasi
804 4347 971 4401 conveniant
984 4346 1012 4400 in
1026 4346 1121 4401 eodem
1135 4362 1238 4415 genere
1250 4347 1390 4416 proximo,

213 4447 286 4519 quod
308 4449 401 4503 forsan
421 4446 642 4519 aequivocationi
661 4465 756 4501 ansam
776 4450 899 4517 praebet.
