3350 5117
486 348 529 394 nu
553 344 692 395 ionicus
716 344 982 393 nccnnsinsricis
1257 326 1322 393 581

141 469 196 537 De
217 471 309 538 verb.
332 471 469 559 sionifi:
494 471 571 536 <Et
590 471 665 555 quia
683 469 869 554 positiones
883 468 924 535 ad
947 469 1128 535 faciliorem
1151 468 1329 555 expeditio·

146 613 220 660 nem
242 597 355 677 litium,
380 600 514 682 propter
536 596 675 682 partium
699 594 935 670 confessiones
953 598 987 659 et
1008 593 1172 661 articulos
1193 593 1235 660 ad
1259 596 1327 661 cla·

146 720 266 783 riorem
295 719 517 804 probationem
541 739 617 784 usus
646 718 824 805 longaevus
847 717 986 800 admisit,
1009 737 1069 784 nos
1099 738 1190 783 usum
1214 718 1327 785 huius-

142 842 230 908 modi
255 842 424 908 observari
440 842 595 917 volentes,
612 842 789 915 statuimus.
806 846 868 907 etc.
886 864 905 907 a
921 842 1075 907 Pontifex
1091 862 1169 907 vero
1191 841 1255 908 hoc
1277 843 1326 908 in-

145 967 260 1042 culcat,
277 969 353 1053 quia
374 970 566 1053 positionum
583 968 669 1033 datio
691 966 732 1033 ad
752 965 974 1053 provocandos
990 968 1272 1053 interrogationes,
1290 973 1324 1035 et

141 1090 231 1158 datio
254 1094 463 1159 articulorum
480 1092 520 1159 ad
536 1092 815 1159 determinandum
831 1090 989 1157 obiectum
1014 1092 1237 1177 probationum
1253 1112 1326 1177 sup

145 1218 235 1303 pient
257 1218 418 1285 defectum
442 1220 509 1285 titis
532 1218 782 1286 contestationis
795 1216 833 1283 in
848 1216 1066 1300 summariis5
1080 1216 1237 1301 siquidem
1260 1216 1326 1282 hac

145 1343 270 1407 ratione
293 1344 500 1428 assignantur
522 1342 766 1409 controversiae
782 1339 916 1416 limites;
940 1341 985 1405 ait
1005 1340 1177 1405 Pontifex:
1197 1361 1216 1403 c
1293 1344 1328 1405 et
1370 1368 1374 1375 ·

140 1462 185 1529 ad
208 1464 428 1531 exhibendum
458 1465 565 1529 omnia
594 1468 667 1529 acta
696 1467 728 1528 et
759 1463 966 1543 munimenta,
990 1462 1103 1546 quibus
1135 1466 1246 1548 partes
1274 1463 1322 1529 uti

143 1586 258 1651 volunt
279 1587 313 1650 in
335 1604 442 1666 causa,
462 1589 543 1669 post
563 1584 788 1650 articulorum
812 1584 986 1651 dationem
1009 1583 1092 1649 diem
1116 1589 1323 1649 certum...

142 1710 252 1777 valeat
274 1712 443 1796 assignare
468 1728 498 1786 »;

233 1836 266 1922 3)
290 1835 426 1903 iudicem
452 1837 520 1901 sive
542 1834 583 1900 ad
604 1832 743 1921 partium
768 1836 963 1908 instantiam,
980 1836 1049 1901 sive
1076 1855 1118 1901 ex
1140 1832 1247 1901 officio
1271 1841 1323 1904 ul·

140 1980 280 2045 cumque
303 1960 367 2026 boc
390 1962 535 2045 aequitas
559 1960 714 2042 suadebit,
732 1960 895 2046 litigantes
917 1962 1122 2046 interrogare
1146 1958 1277 2036 debere;

233 2084 266 2171 4)
291 2086 366 2151 item
397 2085 603 2171 probationes
633 2088 833 2152 necessarias
865 2096 898 2151 et
927 2085 1130 2152 defensiones
1158 2086 1319 2172 legitimas

139 2204 356 2273 admittendas
379 2227 458 2272 esse.
485 2206 556 2272 Hoc
579 2208 763 2292 perclarum
787 2211 846 2288 est,
862 2206 919 2272 scd
935 2212 1031 2272 antea
1055 2206 1210 2273 Pontifex
1234 2207 1322 2273 dixe·

141 2335 211 2395 rat:
230 2322 250 2393 'c
266 2332 489 2415 exceptiones
505 2332 751 2417 appellationes
771 2331 950 2398 dilatorias
965 2338 997 2398 et
1017 2331 1261 2415 fnestrotorias
1274 2352 1327 2400 re·

135 2455 298 2539 pellendo
315 2474 346 2530 >3
371 2460 403 2520 et
425 2454 488 2521 hoc
511 2456 649 2539 aliquam
678 2452 898 2522 difficultatem
917 2454 1057 2529 facessit,
1082 2476 1155 2521 cum
1183 2456 1215 2521 id
1245 2476 1327 2523 sem·

139 2598 202 2663 per
225 2579 402 2645 curandum
426 2580 475 2645 sit.
489 2615 534 2629 -
553 2578 672 2647 Gtossa
687 2580 724 2643 in
740 2580 802 2647 boc
817 2584 929 2663 capnt,
946 2580 987 2645 ad
1010 2580 1145 2646 verbum
1169 2586 1325 2665 amputet

140 2704 257 2771 habet:
284 2726 303 2768 c
326 2705 388 2771 Sed
413 2712 516 2791 potest
538 2706 601 2772 dici
625 2706 765 2791 speciale
789 2705 873 2791 quod
897 2708 929 2772 in
953 2707 1004 2772 bis
1027 2707 1142 2771 fortius
1166 2726 1261 2791 quam
1290 2710 1325 2773 in

138 2830 213 2895 aliis
228 2830 326 2896 iudex
341 2830 403 2896 hoc
420 2830 746 2916 potentaticum
762 2830 961 2903 adveniatur,
976 2832 1150 2916 praecipue
1165 2851 1225 2915 per
1240 2831 1324 2897 haec

135 2954 242 3019 verba
264 2953 401 3019 iudicem
426 2952 565 3035 edoceri,
583 2959 617 3019 ut
639 2953 792 3019 excludat
811 2974 939 3019 omnem
963 2957 1187 3039 exceptionem
1209 2953 1323 3021 dilato·

135 3080 223 3145 riam
246 3099 311 3144 non
334 3080 549 3145 necessariam
582 3077 758 3144 definitioni
784 3098 909 3150 causae,
935 3081 979 3145 ita
1006 3100 1133 3145 omnem
1158 3082 1322 3166 quaestio·

132 3220 214 3265 nem
231 3203 305 3267 ¹sive
328 3202 522 3268 incidentem
538 3204 607 3269 sive
623 3223 806 3269 connexam
822 3223 897 3269 cum
911 3205 1093 3291 principali,
1110 3204 1238 3288 quando
1261 3208 1325 3272 ista

131 3328 209 3392 sine
224 3327 421 3413 praeiudicio
444 3333 555 3414 postea
578 3327 706 3395 definiri
721 3330 830 3415 possit,
849 3350 911 3395 nec
933 3349 997 3394 non
1013 3349 1141 3395 omnem
1157 3330 1321 3396 cumulum

131 3451 311 3517 actionum.
324 3452 368 3518 Et
390 3452 453 3516 hoc
469 3456 517 3517 est
532 3452 672 3537 speciale
688 3454 862 3518 summario
878 3451 1008 3529 iudicio;
1033 3452 1075 3518 ci.
1093 3451 1317 3537 Reiffenstuel,

133 3572 190 3637 Dc
212 3578 351 3657 encept..
376 3574 398 3655 ἓ
420 3574 481 3639 ntt.
508 3572 565 3660 (1).

226 3693 303 3759 598.
335 3694 480 3780 Denique
511 3695 724 3762 advertantur
755 3697 838 3762 haec
868 3697 969 3763 verba
993 3695 1176 3765 ‹Pontificis
1203 3699 1238 3763 in
1267 3698 1322 3766 cit.

210 3923 250 3997 (l)
268 3923 359 3986 Quare
379 3924 408 3979 ia
432 3940 562 3995 processu
585 3928 738 3981 summano
757 3926 849 3997 quoad
873 3942 974 3982 cauma
992 3930 1203 3983 instructionem
1224 3931 1320 3984 omnia

129 4034 324 4087 observantur
342 4048 430 4105 aeque
449 4050 481 4088 ao
500 4033 529 4088 in
548 4036 703 4101 ordinario,
717 4034 766 4089 sed
781 4038 893 4091 tentum
905 4037 1057 4091 curandum
1071 4040 1122 4105 est,
1142 4043 1174 4092 ut
1186 4038 1324 4093 terminus

130 4143 314 4213 probatorius
336 4143 374 4197 sit
398 4144 518 4209 brevior,
537 4124 628 4213 necue
647 4142 807 4211 implicetur
830 4145 1041 4215 quaestionibus
1067 4145 1255 4201 incidentibus
1272 4150 1323 4201 aut

126 4240 309 4307 accessoriis.
328 4250 471 4313 Quomodo
496 4251 525 4305 in
550 4252 628 4305 curia
649 4265 716 4305 rom.
736 4268 881 4322 processus
904 4255 1076 4309 summarius
1094 4252 1153 4308 late
1177 4252 1320 4307 adbibitus

127 4359 179 4427 sit,
200 4362 231 4414 et
253 4358 319 4414 hinc
343 4360 479 4431 quomodo
504 4359 684 4416 determinati
702 4362 760 4417 sint
779 4362 904 4417 taxative
922 4360 951 4416 hi
977 4364 1099 4431 termini,
1118 4363 1205 4417 tradit
1223 4362 1319 4419 Pelle·

128 4470 221 4541 grint,
242 4469 261 4523 t.
279 4486 346 4526 an
364 4470 401 4524 31
419 4488 459 4543 sq.
