3350 5117
513 331 556 377 ou
581 330 719 379 runicus
743 328 1008 377 nccnssrnsrrcrs
1285 308 1353 377 163

169 452 348 539 legitimam
372 452 477 519 standi
500 452 533 517 in
557 451 673 517 iudicio
703 471 763 539 per
791 471 884 517 suum
911 452 1093 537 praelatum
1116 471 1173 516 seu
1196 469 1353 536 procura·

170 580 278 641 torem
300 576 342 641 ad
365 576 448 641 lites.
472 612 515 625 -
538 575 682 642 Proinde
704 578 737 640 in
761 574 815 641 lib.
841 577 868 647 l,
885 577 927 649 X.
944 575 1060 641 titulus
1083 574 1133 641 39
1158 573 1349 639 inscribitur

171 700 224 766 De
245 701 386 787 syndico
410 721 468 766 seu
490 700 533 767 de
548 706 775 784 procuratore
789 700 952 788 omenti,
969 701 1111 764 maxime
1126 699 1169 766 ed
1183 699 1257 766 lites
1273 718 1349 764 oon·

167 828 283 893 stiiuto
307 846 326 891 a
350 827 574 913 religiosorum
589 828 828 909 communitate,
846 830 930 911 quia,
946 832 983 892 ut
1003 826 1146 912 loquitur
1165 845 1240 911 cup.
1255 826 1350 894 unic.

167 950 226 1016 cit.
239 951 287 1036 fit.
299 951 350 1016 Dc
363 950 514 1037 syndico,
528 970 545 1014 ‹
563 950 745 1034 ennodii...
758 970 780 1015 α
794 950 938 1033 strepitu
953 968 1140 1016 comarum
1155 970 1270 1018 amoos
1285 950 1349 1015 Dei

167 1096 246 1143 esse
267 1078 397 1162 quietos
413 1097 443 1140 u.
464 1076 536 1141 Hoc
558 1076 730 1163 supposito,
748 1076 925 1161 quaestioni
950 1076 1129 1161 Gregorius
1147 1076 1198 1142 IX
1218 1077 1347 1161 reponit

170 1204 207 1267 in
218 1203 274 1269 cit.
287 1220 362 1287 cap.
374 1204 432 1269 ult.
443 1201 496 1268 De
503 1208 692 1287 procurat,
704 1222 820 1288 nempe
832 1200 879 1287 (1)
890 1203 1075 1268 mandatum
1088 1205 1348 1287 procuratorium

169 1328 297 1411 valere,
310 1328 480 1395 dummodo
492 1330 759 1394 excommunicati
774 1328 896 1394 nullam
911 1327 1086 1394 habuerint
1097 1334 1222 1414 partem
1234 1330 1268 1394 in
1280 1330 1351 1395 eius

169 1456 401 1521 concessione:
425 1454 456 1520 id
473 1462 531 1528 est,
547 1457 656 1521 necin
672 1454 822 1521 mandato
838 1454 1048 1519 nominentur
1063 1473 1169 1538 neque
1182 1456 1350 1539 proprium

168 1577 324 1644 dederint
346 1584 455 1644 votum
478 1578 519 1643 ad
541 1584 787 1664 procuratorem
811 1577 1077 1643 constituendum.

266 1700 340 1767 130.
365 1700 502 1775 Quinem
524 1720 604 1766 vero
627 1707 855 1786 procuratores
878 1701 1030 1766 constitui
1050 1699 1203 1785 possuntt
1219 1736 1265 1748 -
1279 1700 1343 1765 Re-

169 1825 311 1911 spondet
334 1824 438 1890 Bonii.
456 1826 550 1905 Vlll,
567 1844 643 1908 cup.
660 1823 740 1892 Non
762 1824 943 1892 indiscrete
958 1827 985 1901 1,
1006 1825 1057 1894 De
1075 1830 1252 1909 procurat.
1269 1826 1308 1891 iu
1326 1826 1350 1890 6

171 1949 213 2037 (1,
240 1951 307 2037 19):
333 1952 456 2018 ‹Oum
478 1951 684 2038 reputuriter
706 1950 766 2036 qui
788 1970 859 2017 non
885 1950 1088 2034 prohibetur
1110 1970 1281 2034 expresse,
1305 1951 1354 2016 ud

170 2074 408 2141 eucrcenwrn
443 2074 697 2158 procurationis
730 2074 878 2159 officium
912 2075 1057 2140 utonem
1090 2074 1209 2141 debon
1243 2092 1352 2158 repu-

172 2199 245 2263 tari
261 2196 309 2284 (2)
325 2219 357 2262 a.

269 2322 301 2410 l)
324 2327 401 2390 Iure
425 2345 506 2397 can,
520 2326 626 2411 prouti
648 2324 788 2390 advertit
807 2326 875 2411 ipse
892 2326 1047 2391 Pontifex
1063 2326 1096 2389 in
1113 2326 1165 2392 cit.
1183 2346 1270 2410 cap,
1287 2347 1353 2391 non

173 2446 392 2533 prohibentur
414 2448 498 2530 laici,
514 2450 589 2533 quia
607 2467 748 2513 canones
771 2449 830 2514 hos
850 2468 915 2514 nou
931 2448 1108 2514 excludunt
1125 2468 1229 2532 neque
1246 2448 1351 2533 quoad

173 2590 292 2637 causas
314 2572 508 2657 spirituales.
532 2608 577 2623 -·
598 2573 743 2657 Namque
761 2572 901 2638 officium
924 2576 1184 2658 procuratorium
1209 2594 1274 2638 nou
1298 2594 1354 2637 ex·

175 2701 281 2786 poscit
304 2701 494 2766 exercitium
518 2700 755 2773 iurisdictionis,
770 2702 859 2765 cuius
882 2700 955 2763 laici
980 2699 1152 2784 incapaces
1178 2704 1271 2775 sunt,
1295 2698 1352 2764 sed

173 2819 298 2885 nudum
326 2822 538 2888 ministerium
561 2822 599 2886 in
624 2820 849 2889 iudicialibus.
875 2821 955 2887 Item
979 2822 1011 2884 in
1035 2820 1341 2893 extraiudioielibus,

173 2942 349 3009 dummodo
372 2944 474 3009 laicus
496 2948 571 3029 agat
599 2962 661 3028 qua
691 2932 848 3008 executor
876 2945 1079 3008 necessarius
1110 2942 1251 3010 mandati
1276 2942 1355 3008 alte

176 3068 263 3140 rius¹
288 3086 354 3131 non
377 3069 422 3131 uti
446 3066 591 3132 dominus
614 3067 818 3151 principalis;
836 3068 882 3131 uti
904 3065 997 3131 docet
1014 3062 1224 3132 Reiffenstuel
1241 3066 1287 3131 tit.
1303 3066 1355 3132 De

173 3195 353 3275 procurat.
376 3211 412 3255 n.
437 3190 493 3264 45,
518 3193 749 3275 interpretetus
772 3196 874 3274 caput
897 3190 954 3263 56,
979 3190 1030 3255 De
1052 3192 1142 3257 elect.
1167 3191 1202 3255 X
1223 3189 1262 3277 (l,
1287 3191 1332 3277 6).

267 3382 309 3455 (l)
328 3384 419 3446 Quare
438 3386 461 3438 si
480 3385 557 3440 tituli
577 3384 682 3441 indoles
701 3386 896 3456 perpendatur,
915 3384 1071 3438 huiusmodi
1091 3391 1255 3454 procurator
1274 3402 1359 3454 gene-

176 3491 257 3557 ralis,
275 3492 335 3545 sive
355 3492 499 3561 syndicus,
518 3492 669 3547 saecularis
690 3493 733 3547 vir
750 3509 810 3547 esse
825 3490 918 3556 debet,
933 3508 982 3545 seu
1008 3507 1062 3545 nou
1086 3491 1193 3546 electus
1212 3508 1228 3547 e
1246 3492 1355 3560 gremio

178 3596 382 3665 religiosorum.
403 3596 507 3651 Verum
532 3598 592 3651 iure
616 3595 749 3651 hodierno
774 3613 830 3668 quo
854 3597 958 3650 utimur
982 3594 1054 3664 apud
1076 3596 1182 3649 curiam
1200 3612 1355 3662 romanam,

176 3700 253 3755 solet
271 3701 415 3773 quaelibet
434 3700 627 3771 religiosorum
646 3702 813 3756 universitas
826 3718 907 3755 suum
919 3700 1023 3755 habere
1038 3711 1255 3770 procuratorem
1270 3718 1356 3773 pene·

177 3808 280 3863 rulern.
300 3807 436 3869 Quocirca
453 3807 544 3877 quoad
561 3808 652 3860 iorum
671 3805 739 3861 eccl.
757 3823 812 3860 non
831 3804 950 3875 amplius
974 3808 1103 3859 servetur
1125 3804 1270 3874 dispositio
1289 3806 1359 3859 iuris

179 3918 375 3975 Decretalium.
393 3918 469 3973 Haec
488 3918 571 3988 plane
589 3918 724 3973 servanda
736 3921 817 3982 emet,
827 3917 851 3970 si
864 3920 997 3987 ageretur
1008 3933 1093 3971 carisa
1105 3918 1270 3973 monasterii
1285 3918 1359 3987 apud

177 4023 301 4081 iudicem
320 4024 437 4079 laicum:
455 4026 490 4079 oi.
509 4024 606 4089 Bouix,
627 4026 669 4079 De
686 4024 744 4078 iud.
759 4042 789 4094 p.
808 4023 879 4076 224.

268 4130 309 4201 (2)
329 4129 497 4183 Procurator
515 4128 598 4185 debet
620 4128 754 4184 constitui
779 4140 886 4196 cuttu,
912 4128 981 4183 adeo
1000 4133 1032 4183 ut
1053 4116 1207 4199 deputatio
1224 4146 1360 4200 personae

178 4234 306 4290 incertae
325 4250 380 4289 non
399 4234 502 4291 valeat.
515 4232 596 4289 Unde
609 4234 632 4288 si
645 4233 707 4306 quis
719 4234 873 4289 constituat
885 4240 1093 4304 procuratorem
1106 4235 1214 4301 Caium,
1230 4239 1260 4291 et
1271 4236 1361 4307 ipsius

176 4340 238 4395 Caii
258 4340 403 4405 haeredes,
421 4339 512 4411 quoad
537 4338 587 4393 hos
605 4338 765 4394 mandatum
788 4339 894 4395 nullius
912 4344 955 4395 est
973 4340 1091 4395 valoris:
1111 4343 1144 4395 cf.
1167 4342 1362 4405 Reiffoustuel,

177 4448 207 4501 u.
225 4458 244 4503 t.
263 4464 292 4501 u.
313 4448 365 4501 56.
