3350 5117
535 356 579 403 ns
603 354 742 402 ruamus
766 352 1030 402 accusarasrmm
1323 333 1369 399 59

188 476 379 560 simplicem
395 478 449 543 vel
468 476 716 549 disiuuclivam
734 478 779 541 uti
795 477 1046 563 explicavimus3
1062 453 1231 540 dummodo
1247 478 1365 559 partes,

188 604 370 667 iuramento
395 604 593 689 interposito.
619 600 706 667 aliud
730 620 794 666 non
819 600 1003 677 intendaut;
1026 606 1059 666 ot
1080 600 1212 687 planum
1234 605 1292 665 est.
1318 598 1365 666 Gi.

190 723 392 811 Scbmalzgr.
417 726 448 791 b.
475 731 494 791 t.
518 728 540 809 ἓ
562 726 621 792 24.

213 878 240 911 Α
278 848 332 911 31.
358 848 494 923 Quando
517 848 717 935 simpliciter
739 855 787 915 est
810 850 1085 935 compromissum,
1101 868 1159 913 seu
1174 845 1295 931 absquo
1309 865 1367 931 ap-

188 974 347 1058 positione
371 948 506 1061 poenae'
521 944 816 1067 compromittentes
839 976 1046 1062 reculariler
1072 974 1256 1065 obligantur
1278 976 1368 1039 stare

188 1100 370 1163 sententiae
394 1098 511 1164 arbitri
535 1100 605 1165 sive
628 1118 733 1185 aequa
756 1102 824 1165 siue
847 1101 953 1166 minus
968 1119 1071 1185 aequa
1093 1100 1143 1170 sit,
1160 1119 1203 1163 ex
1225 1097 1246 1162 l.
1263 1097 1364 1175 diem,

187 1198 292 1307 ἓᾞη.
322 1225 358 1307 ff.
381 1210 413 1288 b.
439 1230 458 1288 l.
484 1226 618 1309 lnquam
633 1246 650 1287 «
664 1225 871 1311 requenter
886 1246 904 1289 a
922 1226 998 1309 quia
1019 1222 1136 1291 adsunt
1158 1240 1275 1287 causae
1298 1221 1366 1284 exi·

186 1351 316 1412 mentes
339 1366 359 1411 a
381 1348 467 1413 laudi
491 1348 695 1435 obligatione.
721 1348 808 1413 Hinc
831 1354 867 1414 ut
885 1354 997 1435 partes
1018 1348 1085 1413 suis
1106 1344 1366 1411 iuribus-consu·

186 1471 268 1546 lant
281 1478 434 1539 statutum
450 1478 499 1538 est
513 1478 638 1559 tempus
654 1474 770 1541 decem
782 1472 917 1539 dietum
930 1472 1043 1557 quibus
1055 1470 1237 1537 deliberare
1249 1466 1367 1533 debent

188 1602 298 1662 utrum
313 1596 482 1663 arbitrium
501 1599 660 1684 recipiant
675 1618 736 1663 nec
752 1619 802 1663 ne.
821 1598 1059 1683 Praeterlapsis
1074 1596 1185 1661 decem
1201 1591 1321 1665 diebus,
1339 1592 1366 1656 si

186 1724 299 1806 partes
317 1720 474 1804 explicite
489 1721 542 1785 vel
559 1721 800 1807 acquipollenti
823 1720 917 1785 modo
932 1740 989 1785 seu
1005 1721 1102 1786 laede
1124 1721 1187 1784 hoc
1211 1737 1275 1783 nou
1295 1715 1366 1780 roii·

187 1846 285 1917 ciant,
310 1852 560 1931 praesumuntur
588 1848 685 1913 tacite
708 1848 872 1931 recipere:
896 1845 1027 1910 laudum
1051 1851 1225 1928 receptum
1249 1842 1366 1907 dicitur

188 1964 462 2053 bomoloyalam5
477 1988 541 2032 non
557 1976 723 2055 receptum
738 1990 810 2037 uua
825 1970 1146 2055 hemicyclum·
1163 1967 1268 2041 Quum
1284 1963 1367 2029 adsit

186 2090 341 2177 obligatio
365 2092 469 2159 standi
492 2094 638 2177 arbitrio,
663 2098 690 2161 si
712 2118 788 2182 pars
811 2096 895 2161 nolit
917 2097 1034 2181 exequi
1063 2096 1194 2160 laudum
1217 2114 1274 2159 seu
1299 2111 1363 2155 non

187 2216 347 2301 recipere,
372 2220 469 2285 cailla
492 2220 641 2307 lecitima
664 2226 801 2287 actuale
824 2240 938 2303 causo,
962 2242 1039 2308 pars
1071 2223 1234 2288 reluctans
1258 2228 1361 2307 quoad

186 2340 285 2404 aliam
309 2346 434 2425 partem
458 2348 587 2409 tenetur
610 2344 650 2409 ad
673 2344 853 2428 iuteressc5
876 2365 950 2432 ary.
976 2348 1029 2413 eit.
1053 2367 1127 2431 cop.
1153 2349 1185 2425 9,
1203 2350 1234 2412 li.
1259 2356 1279 2414 t.
1296 2350 1367 2418 Per

186 2438 356 2537 iuteresse,
382 2470 417 2529 ut
440 2464 580 2532 advertit
603 2466 813 2533 Reiffeustuel
838 2466 869 2532 b.
895 2474 916 2533 i.
939 2489 973 2533 a.
999 2469 1055 2540 85,
1080 2470 1271 2556 intelligitur
1300 2492 1365 2537 non

186 2592 368 2657 aestimatio
391 2593 440 2657 rei
464 2594 582 2678 petitae
609 2592 665 2659 sed
688 2594 839 2659 damnum
863 2594 959 2658 alteri
982 2614 1154 2681 emergens
1177 2596 1217 2661 ob
1241 2618 1364 2682 expen-

187 2736 239 2781 sas
266 2722 300 2783 et
329 2716 402 2782 aliis
431 2716 470 2783 de
502 2718 623 2791 causis,
655 2709 789 2805 prdpter
819 2738 885 2782 non
915 2726 1058 2784 secutam
1090 2720 1216 2787 arbitrii
1245 2742 1364 2787 execu-

185 2836 317 2901 tionem.

276 2959 331 3025 32.
356 2962 477 3027 Causae
501 2962 541 3028 ab
564 2963 699 3059 arbitrio
722 2966 911 3049 exequendo
936 2968 1124 3039 eximentes,
1141 2967 1252 3053 plures
1274 2975 1359 3034 sunt.

279 3088 310 3171 l)
335 3088 367 3153 Si
392 3087 498 3155 forma
521 3094 741 3177 compromissi
770 3098 900 3159 seruata
928 3113 993 3157 non
1018 3095 1068 3167 sit,
1093 3093 1262 3159 arbitrium
1289 3096 1365 3179 ipso

185 3209 263 3309 iure
286 3184 461 3278 invalidum
486 3220 547 3280 est:
572 3235 615 3280 ex
638 3234 712 3298 cup.
737 3216 769 3291 6,
794 3216 826 3280 b.
851 3222 872 3281 t.

243 3332 246 3338 ’
276 3336 310 3422 2)
334 3336 516 3427 Arbitrium
546 3339 629 3424 quod
659 3340 851 3405 adversetur
881 3341 944 3404 iuri
975 3339 1101 3412 divino,
1133 3341 1275 3432 naturali
1309 3348 1365 3408 aut

187 3478 229 3522 ss.
255 3428 440 3542 canonibus,
465 3463 594 3526 omnino
618 3462 741 3527 nullum
765 3468 826 3529 est:
851 3462 892 3528 ci.
918 3483 945 3528 o.
970 3483 997 3529 c.
1021 3464 1108 3534 2-11,
1134 3464 1164 3527 b.
1190 3470 1210 3527 t.

203 3555 227 3571 Ἰ
276 3583 310 3666 3)
333 3582 369 3649 Si
393 3586 466 3651 dolo
489 3588 729 3653 circumventus
745 3586 798 3652 vel
822 3592 909 3652 metu
925 3594 1055 3653 coactus
1070 3587 1194 3653 arbiter
1218 3610 1359 3674 pronun-

189 3712 334 3783 ciaverit.
360 3712 529 3779 arbitrium
554 3732 619 3777 non
641 3718 739 3793 tenet,
755 3714 831 3798 quia
854 3733 931 3797 pars
945 3714 1034 3778 laesa
1049 3719 1164 3780 contra
1179 3716 1277 3779 aliam
1292 3737 1363 3801 par·

190 3840 254 3900 tem
277 3810 457 3902 sententiae
487 3838 711 3902 executionem
738 3842 911 3923 patentem,
935 3858 970 3905 se
994 3839 1138 3905 defendit
1167 3842 1365 3924 acceptione

189 3958 261 4025 doli
283 3958 338 4023 vel
360 3966 476 4035 melus,
502 3980 558 4025 seu
582 3960 675 4025 docet
698 3960 804 4026 dolum
828 3967 861 4026 et
887 3969 1006 4029 metum
1030 3963 1254 4046 intervenisse,
1278 3964 1364 4030 unde

190 4083 343 4149 iniustum
373 4088 466 4159 esset,
491 4084 659 4150 arbitrium
689 4084 882 4152 observare:
907 4086 948 4151 cf.
973 4089 993 4153 l.
1019 4086 1078 4162 32,
1103 4090 1125 4170 g
1148 4089 1199 4163 14,
1222 4091 1258 4173 17.
1284 4090 1315 4153 b.
1341 4096 1361 4154 t.

189 4212 221 4271 et
244 4208 265 4273 l.
290 4205 324 4279 3,
353 4208 433 4275 Cod.
457 4208 488 4273 h.
514 4213 534 4273 t.

276 4331 310 4414 4)
335 4330 604 4439 Quotiescumque
626 4332 755 4399 laudum
779 4336 1001 4400 enormissima
1023 4340 1149 4420 partem
1172 4338 1290 4412 laedat,
1311 4358 1362 4402 re-

192 4456 324 4541 pellitur
338 4458 379 4523 ab
394 4460 601 4535 executione;
618 4458 773 4543 siquidem
797 4461 1020 4525 enormissima
1033 4462 1133 4527 laesio
1149 4461 1256 4526 dolum
1272 4482 1364 4547 prae
