3350 5117
504 312 548 357 ns
572 310 713 359 runicus
737 311 1003 361 sccussmsmms
1042 274 1046 282 ⁴
1280 293 1346 359 399

168 433 200 495 et
224 430 330 496 facilis
353 432 479 497 occasio
510 431 693 507 fraudibus
725 435 771 497 ita
801 432 943 517 disponit
971 450 1047 515 cap.
1070 431 1130 504 24,
1161 432 1212 497 De
1234 433 1346 518 officio

165 557 281 644 deleo„
297 558 344 639 X,·
359 558 497 624 scilicet:
513 580 531 621 c
549 558 596 623 Ne
611 577 692 623 vero
708 558 863 625 iudicium
879 558 1133 623 ecclesiasticum
1151 565 1347 624 exerceatur

165 683 197 747 in
220 682 374 765 tenebris,
388 684 463 767 quia
485 686 576 749 iuxta
590 684 808 749 testimonium
833 684 991 757 veritatis,
1015 684 1068 768 qui
1088 684 1172 748 male
1195 685 1261 769 agit
1280 683 1347 751 odit

167 808 274 874 lucem
297 832 328 874 a.
353 808 462 883 Quare
492 809 590 875 iudex
619 829 684 874 uon
715 815 821 895 potest
843 817 954 895 partes
976 830 1094 895 cogere
1125 809 1166 873 ad
1182 809 1345 895 ponendos

165 938 257 997 actus
285 932 508 1019 processuales
539 931 630 996 horis
653 933 831 1009 nocturnis,
848 952 910 997 nec
932 952 953 997 a
974 931 1120 1017 partibus
1150 934 1347 1017 petitos'aut

166 1056 321 1123 admissos
344 1063 433 1123 ratos
454 1054 577 1121 habere
601 1055 696 1121 debet
713 1057 807 1121 «nisi
830 1057 1007 1122 necessitas
1023 1057 1176 1143 exigat»,
1188 1061 1224 1122 ut
1245 1056 1345 1140 loqui-

164 1184 218 1243 tur
249 1181 302 1246 cit.
327 1200 402 1265 cup.
428 1182 520 1246 Haec
547 1182 759 1265 praescriptio
792 1180 924 1247 inducta
947 1186 996 1246 est
1021 1182 1055 1245 in
1079 1200 1190 1245 omnes
1218 1179 1346 1246 codices

162 1304 337 1371 hodiernos
361 1303 416 1393 (l).
834 1386 837 1389 Ι

253 1431 330 1499 365.
355 1432 521 1497 Hactenus
543 1432 584 1497 de
609 1438 780 1515 tempor&
805 1430 898 1496 modo
922 1430 1055 1515 quidde
1077 1432 1149 1497 loco
1174 1430 1345 1497 dicendum

167 1560 225 1621 est.
251 1556 390 1623 Ratione
413 1556 477 1621 loci
508 1576 570 1640 quo
602 1557 761 1621 sententia
785 1556 868 1620 ferri
891 1554 985 1622 debet
1007 1561 1040 1620 et
1065 1556 1169 1640 ipsum
1192 1556 1344 1621 iudicium

163 1679 294 1751 instrui,
308 1681 456 1765 prolecta
468 1685 517 1745 est
529 1680 585 1745 illa
597 1679 757 1745 distinctio
771 1679 858 1745 inter
868 1684 959 1744 actus
974 1680 1196 1765 processuales
1208 1699 1227 1742 a
1239 1678 1345 1744 iudico

166 1804 288 1887 positos
311 1808 367 1868 aut
390 1807 543 1888 exceptos
573 1823 632 1888 pro
655 1802 810 1869 tribunali
836 1802 985 1885 sedenti5
1016 1808 1071 1867 aut
1094 1802 1136 1868 de
1154 1802 1262 1884 plano
1285 1799 1342 1888 (2).
1445 1878 1449 1885 ⁸

166 1921 335 2009 Significat
372 1926 456 1989 euim
486 1923 657 2009 aliquando
687 1924 812 2008 requiri
843 1944 903 2009 pro
931 1924 1134 1989 solemnitate
1161 1942 1342 2007 processus,

164 2054 289 2113 eertum
314 2048 445 2113 sedendi
468 2048 596 2113 modum
620 2050 653 2113 iu
669 2054 760 2115 certo
776 2049 858 2119 loco,
876 2054 987 2134 utputa
1006 2070 1065 2133 pro
1090 2049 1250 2113 sententia
1272 2068 1345 2132 pro-

162 2168 363 2245 nuncianda;
388 2170 558 2254 aliquando
581 2190 661 2235 vero
681 2168 830 2236 sufficere
861 2171 968 2236 locum
992 2169 1169 2234 observare
1194 2168 1342 2253 legalem,

163 2290 197 2354 in
222 2310 285 2374 quo
301 2290 399 2355 iudex
422 2312 513 2357 suam
537 2291 790 2358 iurisdictionem
806 2311 966 2357 exercere
982 2289 1085 2364 debet,
1103 2292 1178 2375 quin
1195 2291 1261 2356 ulla
1280 2290 1344 2355 alia
1429 2341 1431 2344 -

163 2425 315 2485 servetur
331 2420 527 2501 solemnitas,
544 2419 643 2484 veluti
667 2418 799 2483 sedendi
822 2421 856 2483 iu
879 2424 1033 2504 suggestu
1047 2418 1100 2483 vel
1116 2417 1231 2484 standi.
1244 2454 1288 2468 -
1304 2420 1342 2484 In

163 2564 288 2630 genere
310 2544 408 2610 iudex
431 2544 613 2611 ordinarius
636 2546 669 2609 iu
692 2550 759 2610 toto
779 2545 946 2609 territorio
970 2543 1030 2610 sibi
1053 2544 1196 2609 subiecto
1211 2566 1271 2631 pro
1287 2546 1344 2611 tri·

165 2670 286 2737 bunali
310 2676 343 2737 et
362 2671 401 2736 de
413 2671 521 2754 pluuo
537 2669 715 2757 procedere
731 2675 854 2756 potest;
874 2691 892 2733 ‹
908 2690 983 2735 narn
999 2669 1128 2734 dubium
1143 2690 1207 2735 non
1224 2670 1342 2753 existit,

165 2797 245 2879 quin
268 2796 302 2859 in
326 2793 467 2879 quolibet
488 2794 561 2859 loco
584 2795 683 2880 ipsius
706 2793 861 2859 dioecesis
887 2814 953 2858 uon
977 2800 1127 2878 exempto
1151 2814 1211 2879 per
1233 2814 1268 2859 se
1290 2795 1343 2860 vel

166 2939 228 3005 per
251 2920 348 2984 alium
364 2919 464 3003 possit
477 2938 537 3005 pro
553 2916 706 2984 tribunali
729 2916 845 2982 sedere
861 2937 892 2992 ›;
908 2918 954 2982 ita
969 2935 1044 3000 cap.
1062 2918 1094 2999 7,
1111 2917 1162 2983 De
1185 2920 1238 3003 off.
1257 2919 1341 2992 ord,

162 3042 201 3107 iu
225 3042 249 3107 6
272 3042 310 3127 (Ι,
339 3040 410 3128 16);
434 3042 476 3107 ci.
500 3063 526 3107 c.
552 3062 579 3107 c.
600 3042 631 3115 8,
650 3042 700 3107 De
725 3040 871 3114 testibus,
896 3042 931 3105 X
945 3040 999 3125 (ΙΙ,
1017 3039 1074 3124 20)
1098 3046 1131 3106 et
1153 3040 1188 3116 2,
1206 3041 1255 3107 De
1271 3041 1341 3107 iud.

163 3167 202 3232 in
225 3168 249 3233 6
272 3164 329 3249 (ΙΙ,
354 3167 398 3250 l).

253 3476 293 3549 (l)
314 3476 343 3531 ln
362 3478 410 3531 cit.
431 3476 488 3531 cod.
509 3476 590 3547 Grog.
605 3480 657 3530 art.
671 3476 724 3531 417
742 3475 916 3531 decernitur:
929 3490 945 3528 c
958 3474 1122 3541 citationes,
1140 3475 1342 3530 sententiarum

165 3582 404 3649 denunciationes,
424 3586 473 3635 aut
492 3582 540 3635 alii
559 3588 638 3636 actus
652 3581 796 3636 iudiciales
810 3581 871 3635 lieri
890 3597 945 3635 nou
958 3585 1090 3650 poterunt
1102 3585 1168 3635 ante
1186 3584 1279 3634 ortum
1293 3581 1342 3636 rel

163 3694 228 3757 post
246 3687 314 3743 solis
332 3704 469 3743 occasum.
488 3716 523 3729 -
542 3686 704 3741 Huiusmodi
731 3690 811 3740 actus
830 3690 897 3740 sunt
921 3685 1000 3752 nulli,
1019 3686 1043 3739 si
1067 3686 1097 3740 in
1115 3686 1211 3740 diebus
1232 3687 1341 3740 feriatis

163 3797 233 3848 fiant
252 3796 358 3866 absque
375 3794 458 3850 venia
476 3792 574 3849 eccles.
594 3794 770 3848 auctoritatis
789 3811 814 3845 a.

252 3903 292 3973 (2)
315 3902 447 3974 Antiquis
466 3902 636 3971 temporibus
651 3900 754 3954 Romae
774 3900 877 3954 iudicia
896 3901 1097 3955 exercebantur
1110 3899 1139 3951 iu
1152 3899 1273 3953 comitiis
1291 3917 1341 3954 seu

161 4008 233 4073 som,
248 4008 296 4061 ubi
310 4010 435 4062 erectum
448 4010 508 4061 erat
528 4004 650 4059 tribunal
670 4006 857 4075 (suggestum)
870 4022 932 4058 cum
951 4003 1022 4057 sella
1040 4003 1129 4062 curuli
1149 4004 1339 4072 magistratus.

162 4118 204 4172 Ex
223 4116 380 4173 huiusmodi
399 4122 531 4188 suggesto
550 4116 593 4170 ius
613 4116 723 4170 dicebat
742 4119 854 4184 praetor
879 4114 1059 4183 interponens
1083 4113 1281 4167 auctoritatem
1298 4113 1339 4166 iu·

161 4224 306 4291 dicialem;
326 4225 521 4297 quandovero
544 4224 712 4295 procedebat
735 4224 841 4294 absque
866 4222 1026 4292 cognitione
1050 4238 1116 4275 vere
1141 4217 1265 4273 iudiciali
1285 4236 1341 4273 non

162 4332 278 4387 sedebat
295 4333 324 4387 in
343 4342 473 4403 supporto
497 4333 547 4387 sed
565 4341 628 4386 ante
653 4330 847 4385 tribunatum
871 4333 901 4383 in
922 4331 1018 4399 pluteo.
1047 4328 1089 4386 Cf.
1115 4326 1245 4393 Walter,
1268 4326 1339 4380 Hist.

162 4444 219 4497 tur.
237 4460 308 4497 rom.
328 4448 346 4508 g
370 4442 426 4495 701
445 4458 501 4513 seq.
