3350 5117
539 369 583 415 ne
608 368 747 417 runicus
771 368 1037 415 nccnnsmsrrcrs
1063 418 1067 425 ,
1332 346 1375 415 57

196 490 343 557 ueralior
365 499 431 563 est;
455 496 490 557 at
519 512 579 578 per
610 488 896 576 compromissum
925 510 1091 567 concessa,
1116 496 1166 557 est
1194 492 1375 577 specialior,

198 620 363 683 coarctata
377 617 418 683 ad
435 639 532 685 unum
549 624 675 684 certum
692 637 818 695 casum;
835 619 912 684 hinc
929 617 1139 703 intelligenda
1151 619 1273 692 stricte,
1287 618 1378 685 iuxta

198 738 340 805 mandati
363 738 474 804 verbu.

286 864 341 930 28.
364 864 521 931 Doctores
544 864 598 930 hic
623 865 800 950 inquirunt,
824 822 953 930 cuinam
983 865 1103 950 speciei
1132 866 1298 951 potestatis
1321 884 1377 929 ac·

196 986 360 1051 censenda
381 990 423 1053 sit
444 988 527 1054 haec
550 987 747 1057 arbitrorum
771 989 956 1055 auctoritas.
975 990 1124 1053 iamvero
1147 986 1261 1053 arbitri
1286 1007 1377 1055 com-

192 1113 415 1197 promissarii
437 1122 528 1181 certe
545 1116 667 1201 pollent
682 1118 877 1181 auctoritate
892 1116 1019 1201 privata
1036 1134 1080 1181 ex
1096 1116 1287 1199 litigantium
1304 1134 1378 1180 con-

196 1240 351 1303 ventione
375 1239 559 1325 repetenda,
578 1258 660 1325 quae
677 1258 739 1305 nec
762 1240 929 1305 ordinaria
943 1258 1005 1305 nec
1019 1238 1168 1324 delegata
1190 1237 1376 1312 iurisdictio,

196 1360 236 1426 in
247 1381 349 1428 sensu
360 1362 457 1445 iuris,
469 1366 584 1429 vocari
599 1368 715 1451 potest.
733 1362 866 1429 Arbitri
879 1362 967 1428 iuris
983 1381 1055 1426 cum
1070 1360 1199 1446 publica
1213 1362 1379 1446 potiantur

197 1494 357 1573 potestate
373 1508 431 1575 pro
448 1488 504 1553 illo
527 1509 604 1555 casu
620 1488 753 1574 speciali
769 1487 809 1555 ad
826 1509 921 1572 quem
937 1507 984 1554 em
996 1488 1084 1555 iuris
1098 1486 1304 1572 dispositione
1318 1485 1377 1550 eli-

199 1624 330 1699 guntur,
355 1620 445 1681 certe
469 1633 533 1679 non
557 1614 756 1680 ordinariam
780 1614 835 1679 sed
860 1612 1041 1698 delegatam
1071 1618 1229 1677 exercent
1254 1609 1379 1677 iurisdi-

198 1737 354 1801 ctionem:
378 1735 420 1801 cf.
446 1732 657 1802 Reiffenstuel
681 1736 712 1801 b.
738 1742 759 1802 t.
784 1756 818 1801 n.
841 1735 884 1802 18
906 1754 974 1820 seq.
999 1731 1158 1800 Differunt
1180 1754 1200 1798 a
1222 1733 1378 1800 iudicibus

199 1858 365 1945 detegatis,
390 1860 464 1944 quia
487 1880 628 1947 persona
651 1859 764 1927 iudicis
788 1860 928 1945 delegati
955 1860 995 1925 ab
1018 1860 1082 1923 aiio
1113 1860 1301 1944 magistratu
1324 1857 1378 1923 rel

197 2000 220 2045 a
241 1984 388 2068 principe
410 1983 559 2067 eligitur:
585 2001 682 2066 quum
706 1982 822 2048 arbitri
848 2000 987 2068 persona
1009 1980 1310 2047 acontendentibus
1325 1980 1379 2047 de

199 2108 357 2193 signatur.
382 2107 431 2173 of.
455 2108 579 2188 Deroti,
603 2108 663 2173 Ius
690 2106 771 2173 Con.
796 2108 827 2171 h.
853 2111 873 2172 t.
897 2109 920 2189 g
942 2106 975 2171 4.

288 2232 342 2298 29.
368 2230 517 2299 Officium
540 2232 737 2298 arbitrorum
763 2237 826 2298 est:

292 2357 323 2442 l)
346 2358 526 2459 procedere
549 2357 724 2424 secundum
746 2364 895 2425 tenorem
925 2356 1066 2422 mandati
1096 2346 1187 2422 cuius
1209 2355 1327 2421 limites
1350 2354 1377 2419 si

200 2482 370 2555 excedant,
394 2482 476 2547 nihil
499 2458 677 2567 aguntsex
701 2498 775 2565 cop.
801 2481 832 2552 6,
851 2481 882 2545 b.
906 2486 928 2547 t.

289 2606 324 2692 2)
348 2605 497 2673 Officium
522 2606 621 2671 semel
644 2611 837 2692 susceptum,
854 2606 915 2671 etsi
929 2604 1033 2670 libere
1048 2608 1241 2690 susceptum,
1257 2605 1283 2668 si
1299 2622 1377 2689 aga·

202 2736 257 2798 tur
279 2730 321 2796 de
343 2730 473 2795 arbitris
489 2730 787 2815 compromissariiS‚
804 2728 845 2794 ad
868 2748 960 2794 suum
984 2724 1080 2791 finem
1102 2747 1162 2813 per
1184 2728 1378 2791 sententiam

202 2852 382 2939 producere
413 2852 530 2920 debent
560 2852 692 2930 arbitri;
717 2852 802 2940 quod
832 2854 860 2918 si
889 2857 1015 2917 temere
1047 2855 1212 2924 recusent,
1237 2848 1378 2914 iudiciali

201 2960 394 3041 auctoritate
417 2976 567 3062 compelli
591 2982 733 3062 possunt.
760 2976 871 3061 Neque
894 2974 989 3039 alteri
1012 2972 1151 3039 officium
1174 2993 1266 3037 suum
1290 2992 1377 3036 com-

197 3103 331 3167 mittere
361 3108 495 3187 possunt
522 3100 610 3189 (ary.
636 3120 710 3185 cop.
735 3100 788 3177 13,
813 3100 845 3165 b.
870 3099 916 3187 t),
940 3100 1112 3167 nisibeno
1141 3104 1331 3186 potestatem
1358 3118 1379 3163 a

201 3226 401 3313 litigantibus
430 3229 626 3312 acceperint.
652 3227 700 3293 cf.
724 3226 776 3293 cit.
801 3246 828 3292 c.
855 3246 882 3291 c.
906 3227 940 3297 5,
963 3225 1016 3298 21,
1040 3226 1091 3291 Dc
1116 3224 1177 3309 Off.
1202 3232 1234 3291 et
1258 3230 1330 3309 pot.
1353 3224 1376 3289 i.

201 3352 235 3416 d.
259 3352 293 3416 X
299 3372 313 3435 ;
337 3365 370 3419 et
393 3351 572 3436 Schmalzg.
598 3351 629 3413 h.
655 3356 675 3416 t.
699 3370 734 3415 n.
757 3350 816 3416 28.

291 3477 324 3563 3)
349 3475 529 3581 Qum
553 3477 770 3563 pronunciare
786 3474 903 3563 debent
919 3477 1006 3542 intra
1021 3482 1147 3561 tempus
1162 3474 1202 3539 de
1219 3495 1282 3559 quo
1299 3493 1377 3539 con·

201 3607 331 3666 ventum
356 3607 413 3667 est.
435 3602 467 3668 Si
490 3568 926 3695 tempusffi-eompromisso
950 3598 1114 3664 definitum
1138 3618 1202 3663 non
1227 3600 1278 3679 sit,
1294 3597 1378 3662 arbi·

200 3698 299 3788 trium
322 3696 696 3809 proferentem-citius
718 3722 789 3788 fieri
812 3728 966 3807 potestat
987 3718 1114 3795 adhoc,
1131 3741 1196 3786 una
1218 3726 1312 3805 parte
1328 3722 1377 3784 in-

202 3843 317 3932 stante,
340 3870 361 3915 a
384 3850 488 3916 iudice
516 3828 587 3937 cogi
615 3858 765 3937 possunt:
790 3850 831 3915 cf.
856 3851 878 3914 i.
904 3852 925 3917 t.
949 3848 1066 3929 1433,
1090 3846 1213 3920 32-38,
1240 3847 1271 3911 h.
1296 3846 1376 3930 tff.

202 4010 222 4023 ·
247 3974 328 4038 Item
351 3971 468 4038 arbitri
491 3973 669 4059 procedere
701 3973 817 4039 debent
847 3974 901 4038 die
928 3991 1000 4038 oon
1027 3971 1163 4059 semoto,
1189 3990 1231 4035 ex
1254 3988 1328 4053 cop.
1353 3968 1377 4035 5

202 4098 251 4165 De
271 4096 369 4181 feodis
393 4098 428 4163 X
448 4096 503 4183 (ΙΙ,
528 4098 571 4183 9),
596 4104 628 4163 et
650 4098 687 4164 ire
710 4100 791 4170 loeo,
817 4097 857 4162 de
881 4116 944 4183 quo
968 4102 1073 4162 actum
1098 4098 1203 4160 estin
1227 4114 1377 4181 compro·

201 4222 307 4287 misso.
332 4221 365 4287 Si
388 4220 480 4287 locus
502 4222 734 4288 determinatus
764 4242 829 4286 non
860 4221 971 4295 fuerit,
996 4220 1213 4306 praesumitur
1236 4220 1264 4284 is
1286 4218 1378 4283 locus

201 4344 340 4426 eiectus,
365 4346 398 4409 in
421 4363 484 4428 quo
511 4346 774 4430 compromissum
804 4345 920 4409 initum
943 4344 1017 4418 tute
1045 4342 1087 4407 cf.
1113 4344 1134 4407 t.
1167 4341 1377 4414 t.21-11,b.

201 4474 223 4533 t.
245 4469 297 4552 ff.;
319 4472 353 4533 et
377 4466 576 4553 Schmalzgr.
602 4462 633 4533 h.
659 4474 678 4533 t.
695 4489 729 4533 n.
746 4468 804 4534 28.
823 4504 842 4516 -
860 4469 994 4533 Demum
1010 4468 1171 4532 sententia
1192 4468 1226 4532 in
1249 4468 1378 4552 scriptis
