<?xml version="1.0" encoding="UTF-8"?>
<!DOCTYPE html PUBLIC "-//W3C//DTD XHTML 1.0 Transitional//EN"
    "http://www.w3.org/TR/xhtml1/DTD/xhtml1-transitional.dtd">
<html xmlns="http://www.w3.org/1999/xhtml" xml:lang="en" lang="en">
 <head>
  <title>
</title>
<meta http-equiv="Content-Type" content="text/html;charset=utf-8" />
  <meta name='ocr-system' content='tesseract 3.04.00' />
  <meta name='ocr-capabilities' content='ocr_page ocr_carea ocr_par ocr_line ocrx_word'/>
</head>
<body>
  <div class='ocr_page' id='page_1' title='image "./praelectionesin01legagoog_0391.png"; bbox 0 0 3350 5117; ppageno 0'>
   <div class='ocr_carea' id='block_1_1' title="bbox 511 339 1351 407">
    <p class='ocr_par' dir='ltr' id='par_1_1' title="bbox 511 339 1351 407">
     <span class='ocr_line' id='line_1_1' title="bbox 511 339 1351 407; baseline -0.001 -2"><span class='ocrx_word' id='word_1_1' title='bbox 511 359 555 406; x_wconf 81' lang='lat' dir='ltr'>na</span> <span class='ocrx_word' id='word_1_2' title='bbox 580 359 719 407; x_wconf 87' lang='lat' dir='ltr'>ruurcus</span> <span class='ocrx_word' id='word_1_3' title='bbox 742 357 1008 406; x_wconf 79' lang='lat' dir='ltr'>uccnnsrnsrrcrs</span> <span class='ocrx_word' id='word_1_4' title='bbox 1283 339 1351 404; x_wconf 86' lang='lat'>389</span> 
     </span>
    </p>
   </div>
   <div class='ocr_carea' id='block_1_2' title="bbox 167 480 1351 940">
    <p class='ocr_par' dir='ltr' id='par_1_2' title="bbox 167 480 1351 940">
     <span class='ocr_line' id='line_1_2' title="bbox 168 480 1351 568; baseline -0.001 -22"><span class='ocrx_word' id='word_1_5' title='bbox 168 483 294 568; x_wconf 84' lang='lat' dir='ltr'>impari,</span> <span class='ocrx_word' id='word_1_6' title='bbox 328 485 380 567; x_wconf 90' lang='lat' dir='ltr'>qui</span> <span class='ocrx_word' id='word_1_7' title='bbox 411 489 516 548; x_wconf 85' lang='lat' dir='ltr'>tamen</span> <span class='ocrx_word' id='word_1_8' title='bbox 541 481 695 548; x_wconf 79' lang='lat' dir='ltr'>simulans</span> <span class='ocrx_word' id='word_1_9' title='bbox 718 481 946 547; x_wconf 77' lang='lat' dir='ltr'>salaminam</span> <span class='ocrx_word' id='word_1_10' title='bbox 976 480 1114 546; x_wconf 89' lang='lat' dir='ltr'>liberum</span> <span class='ocrx_word' id='word_1_11' title='bbox 1143 500 1216 545; x_wconf 88' lang='lat' dir='ltr'>esse</span> <span class='ocrx_word' id='word_1_12' title='bbox 1248 485 1281 546; x_wconf 91' lang='lat' dir='ltr'>et</span> <span class='ocrx_word' id='word_1_13' title='bbox 1309 482 1351 545; x_wconf 85' lang='lat' dir='ltr'>ci-</span> 
     </span>
     <span class='ocr_line' id='line_1_3' title="bbox 168 603 1349 692; baseline -0.001 -23"><span class='ocrx_word' id='word_1_14' title='bbox 168 624 242 670; x_wconf 81' lang='lat' dir='ltr'>vem</span> <span class='ocrx_word' id='word_1_15' title='bbox 266 626 434 670; x_wconf 88' lang='lat' dir='ltr'>romanum</span> <span class='ocrx_word' id='word_1_16' title='bbox 458 611 644 692; x_wconf 86' lang='lat' dir='ltr'>praeturam</span> <span class='ocrx_word' id='word_1_17' title='bbox 668 611 844 679; x_wconf 80' lang='lat' dir='ltr'>assecutus,</span> <span class='ocrx_word' id='word_1_18' title='bbox 867 605 961 690; x_wconf 88' lang='lat' dir='ltr'>plura</span> <span class='ocrx_word' id='word_1_19' title='bbox 987 603 1088 670; x_wconf 82' lang='lat' dir='ltr'>edixit</span> <span class='ocrx_word' id='word_1_20' title='bbox 1117 625 1156 670; x_wconf 91' lang='lat' dir='ltr'>ac</span> <span class='ocrx_word' id='word_1_21' title='bbox 1187 603 1349 669; x_wconf 85' lang='lat' dir='ltr'>decrerit.</span> 
     </span>
     <span class='ocr_line' id='line_1_4' title="bbox 167 727 1349 815; baseline -0.001 -23"><span class='ocrx_word' id='word_1_22' title='bbox 167 727 248 792; x_wconf 82' lang='lat' dir='ltr'>(lum</span> <span class='ocrx_word' id='word_1_23' title='bbox 276 749 356 794; x_wconf 85' lang='lat' dir='ltr'>raro</span> <span class='ocrx_word' id='word_1_24' title='bbox 388 733 602 814; x_wconf 87' lang='lat' dir='ltr'>quaereretur</span> <span class='ocrx_word' id='word_1_25' title='bbox 629 749 671 794; x_wconf 91' lang='lat' dir='ltr'>an</span> <span class='ocrx_word' id='word_1_26' title='bbox 701 733 793 814; x_wconf 80' lang='lat' dir='ltr'>gesta</span> <span class='ocrx_word' id='word_1_27' title='bbox 822 728 863 793; x_wconf 90' lang='lat' dir='ltr'>ab</span> <span class='ocrx_word' id='word_1_28' title='bbox 890 729 954 794; x_wconf 87' lang='lat' dir='ltr'>hoo</span> <span class='ocrx_word' id='word_1_29' title='bbox 981 731 1124 815; x_wconf 85' lang='lat' dir='ltr'>putativo</span> <span class='ocrx_word' id='word_1_30' title='bbox 1154 727 1349 812; x_wconf 87' lang='lat' dir='ltr'>magistratu</span> 
     </span>
     <span class='ocr_line' id='line_1_5' title="bbox 167 853 1350 940; baseline 0.001 -23"><span class='ocrx_word' id='word_1_31' title='bbox 167 853 277 918; x_wconf 85' lang='lat' dir='ltr'>valida</span> <span class='ocrx_word' id='word_1_32' title='bbox 291 853 404 920; x_wconf 89' lang='lat' dir='ltr'>haberi</span> <span class='ocrx_word' id='word_1_33' title='bbox 422 855 587 938; x_wconf 87' lang='lat' dir='ltr'>deberent,</span> <span class='ocrx_word' id='word_1_34' title='bbox 600 855 682 920; x_wconf 88' lang='lat' dir='ltr'>haec</span> <span class='ocrx_word' id='word_1_35' title='bbox 695 856 805 920; x_wconf 87' lang='lat' dir='ltr'>valere</span> <span class='ocrx_word' id='word_1_36' title='bbox 819 875 1006 940; x_wconf 88' lang='lat' dir='ltr'>responsum</span> <span class='ocrx_word' id='word_1_37' title='bbox 1023 861 1072 920; x_wconf 89' lang='lat' dir='ltr'>est</span> <span class='ocrx_word' id='word_1_38' title='bbox 1083 855 1124 919; x_wconf 91' lang='lat' dir='ltr'>ob</span> <span class='ocrx_word' id='word_1_39' title='bbox 1140 854 1350 939; x_wconf 72' lang='lat' dir='ltr'><strong><em>aequitatem</em></strong></span> 
     </span>
    </p>
   </div>
   <div class='ocr_carea' id='block_1_3' title="bbox 165 977 1350 1182">
    <p class='ocr_par' dir='ltr' id='par_1_3' title="bbox 165 977 1350 1182">
     <span class='ocr_line' id='line_1_6' title="bbox 165 977 1350 1044; baseline -0.002 -2"><span class='ocrx_word' id='word_1_40' title='bbox 165 983 199 1042; x_wconf 83' lang='lat' dir='ltr'>et</span> <span class='ocrx_word' id='word_1_41' title='bbox 223 997 402 1043; x_wconf 79' lang='lat' dir='ltr'>coiamuae</span> <span class='ocrx_word' id='word_1_42' title='bbox 426 977 562 1044; x_wconf 83' lang='lat' dir='ltr'>bonum.</span> <span class='ocrx_word' id='word_1_43' title='bbox 580 980 629 1044; x_wconf 88' lang='lat' dir='ltr'>lta</span> <span class='ocrx_word' id='word_1_44' title='bbox 652 978 708 1044; x_wconf 82' lang='lat' dir='ltr'>lex</span> <span class='ocrx_word' id='word_1_45' title='bbox 732 979 962 1044; x_wconf 82' lang='lat' dir='ltr'>ratiocinatur:</span> <span class='ocrx_word' id='word_1_46' title='bbox 986 977 1097 1043; x_wconf 86' lang='lat' dir='ltr'>‹Hoc</span> <span class='ocrx_word' id='word_1_47' title='bbox 1111 977 1201 1043; x_wconf 82' lang='lat' dir='ltr'>euim</span> <span class='ocrx_word' id='word_1_48' title='bbox 1225 977 1350 1042; x_wconf 75' lang='lat' dir='ltr'>hum-</span> 
     </span>
     <span class='ocr_line' id='line_1_7' title="bbox 166 1095 1349 1182; baseline 0.001 -22"><span class='ocrx_word' id='word_1_49' title='bbox 166 1097 247 1162; x_wconf 82' lang='lat' dir='ltr'>atus</span> <span class='ocrx_word' id='word_1_50' title='bbox 270 1103 326 1172; x_wconf 81' lang='lat' dir='ltr'>est,</span> <span class='ocrx_word' id='word_1_51' title='bbox 352 1118 457 1182; x_wconf 85' lang='lat' dir='ltr'>quum</span> <span class='ocrx_word' id='word_1_52' title='bbox 481 1098 583 1163; x_wconf 84' lang='lat' dir='ltr'>etiam</span> <span class='ocrx_word' id='word_1_53' title='bbox 602 1097 713 1182; x_wconf 82' lang='lat' dir='ltr'>potuit</span> <span class='ocrx_word' id='word_1_54' title='bbox 735 1099 884 1182; x_wconf 80' lang='lat' dir='ltr'>populas</span> <span class='ocrx_word' id='word_1_55' title='bbox 907 1095 1085 1164; x_wconf 83' lang='lat' dir='ltr'>Romanus</span> <span class='ocrx_word' id='word_1_56' title='bbox 1107 1116 1204 1162; x_wconf 80' lang='lat' dir='ltr'>seruo</span> <span class='ocrx_word' id='word_1_57' title='bbox 1228 1097 1349 1162; x_wconf 84' lang='lat' dir='ltr'>decer·</span> 
     </span>
    </p>
   </div>
   <div class='ocr_carea' id='block_1_4' title="bbox 163 1219 1353 3171">
    <p class='ocr_par' dir='ltr' id='par_1_4' title="bbox 164 1219 1348 1562">
     <span class='ocr_line' id='line_1_8' title="bbox 165 1219 1348 1306; baseline 0.001 -22"><span class='ocrx_word' id='word_1_58' title='bbox 165 1241 250 1288; x_wconf 79' lang='lat' dir='ltr'>aare</span> <span class='ocrx_word' id='word_1_59' title='bbox 274 1222 363 1288; x_wconf 75' lang='lat' dir='ltr'>iaaac</span> <span class='ocrx_word' id='word_1_60' title='bbox 382 1229 600 1306; x_wconf 57' lang='lat' dir='ltr'>potestatuum</span> <span class='ocrx_word' id='word_1_61' title='bbox 621 1223 682 1288; x_wconf 83' lang='lat' dir='ltr'>secl</span> <span class='ocrx_word' id='word_1_62' title='bbox 705 1223 765 1288; x_wconf 84' lang='lat' dir='ltr'>etsi</span> <span class='ocrx_word' id='word_1_63' title='bbox 788 1223 935 1288; x_wconf 84' lang='lat' dir='ltr'>sciuisset</span> <span class='ocrx_word' id='word_1_64' title='bbox 950 1241 1087 1286; x_wconf 82' lang='lat' dir='ltr'>sernum</span> <span class='ocrx_word' id='word_1_65' title='bbox 1103 1239 1183 1295; x_wconf 86' lang='lat' dir='ltr'>esse,</span> <span class='ocrx_word' id='word_1_66' title='bbox 1201 1219 1348 1285; x_wconf 81' lang='lat' dir='ltr'>liberam</span> 
     </span>
     <span class='ocr_line' id='line_1_9' title="bbox 164 1343 1343 1430; baseline -0.001 -21"><span class='ocrx_word' id='word_1_67' title='bbox 164 1347 328 1428; x_wconf 81' lang='lat' dir='ltr'>effecisset</span> <span class='ocrx_word' id='word_1_68' title='bbox 343 1369 374 1410; x_wconf 85' lang='lat'>».</span> <span class='ocrx_word' id='word_1_69' title='bbox 400 1349 443 1411; x_wconf 83' lang='lat' dir='ltr'>nt</span> <span class='ocrx_word' id='word_1_70' title='bbox 466 1348 652 1412; x_wconf 81' lang='lat' dir='ltr'>canonistas</span> <span class='ocrx_word' id='word_1_71' title='bbox 675 1367 739 1412; x_wconf 92' lang='lat' dir='ltr'>non</span> <span class='ocrx_word' id='word_1_72' title='bbox 763 1348 961 1411; x_wconf 89' lang='lat' dir='ltr'>conveniunt</span> <span class='ocrx_word' id='word_1_73' title='bbox 983 1347 1016 1409; x_wconf 94' lang='lat' dir='ltr'>in</span> <span class='ocrx_word' id='word_1_74' title='bbox 1039 1343 1241 1430; x_wconf 83' lang='lat' dir='ltr'>assignandis</span> <span class='ocrx_word' id='word_1_75' title='bbox 1264 1365 1343 1409; x_wconf 87' lang='lat' dir='ltr'>con·</span> 
     </span>
     <span class='ocr_line' id='line_1_10' title="bbox 165 1471 1103 1562; baseline 0 -24"><span class='ocrx_word' id='word_1_76' title='bbox 165 1473 350 1548; x_wconf 70' lang='lat' dir='ltr'>ditionibus,</span> <span class='ocrx_word' id='word_1_77' title='bbox 376 1476 489 1559; x_wconf 87' lang='lat' dir='ltr'>quibus</span> <span class='ocrx_word' id='word_1_78' title='bbox 513 1476 665 1562; x_wconf 83' lang='lat' dir='ltr'>alligatur</span> <span class='ocrx_word' id='word_1_79' title='bbox 688 1475 831 1541; x_wconf 89' lang='lat' dir='ltr'>eiusdem</span> <span class='ocrx_word' id='word_1_80' title='bbox 854 1475 936 1560; x_wconf 81' lang='lat' dir='ltr'>legis</span> <span class='ocrx_word' id='word_1_81' title='bbox 959 1471 1103 1540; x_wconf 87' lang='lat' dir='ltr'>affectus.</span> 
     </span>
    </p>

    <p class='ocr_par' dir='ltr' id='par_1_5' title="bbox 163 1597 1353 3171">
     <span class='ocr_line' id='line_1_11' title="bbox 259 1597 1353 1684; baseline 0.002 -22"><span class='ocrx_word' id='word_1_82' title='bbox 259 1597 341 1673; x_wconf 82' lang='lat' dir='ltr'>Quia</span> <span class='ocrx_word' id='word_1_83' title='bbox 365 1603 414 1664; x_wconf 87' lang='lat' dir='ltr'>est</span> <span class='ocrx_word' id='word_1_84' title='bbox 436 1598 563 1684; x_wconf 90' lang='lat' dir='ltr'>publica</span> <span class='ocrx_word' id='word_1_85' title='bbox 586 1600 761 1664; x_wconf 81' lang='lat' dir='ltr'>auctoritas</span> <span class='ocrx_word' id='word_1_86' title='bbox 777 1617 861 1683; x_wconf 87' lang='lat' dir='ltr'>quae</span> <span class='ocrx_word' id='word_1_87' title='bbox 875 1599 1001 1683; x_wconf 79' lang='lat' dir='ltr'>supplet</span> <span class='ocrx_word' id='word_1_88' title='bbox 1024 1598 1185 1664; x_wconf 84' lang='lat' dir='ltr'>deiectum</span> <span class='ocrx_word' id='word_1_89' title='bbox 1202 1598 1353 1664; x_wconf 84' lang='lat' dir='ltr'>iurisdic-</span> 
     </span>
     <span class='ocr_line' id='line_1_12' title="bbox 164 1721 1348 1808; baseline 0 -22"><span class='ocrx_word' id='word_1_90' title='bbox 164 1723 265 1786; x_wconf 87' lang='lat' dir='ltr'>tionis</span> <span class='ocrx_word' id='word_1_91' title='bbox 277 1723 308 1786; x_wconf 92' lang='lat' dir='ltr'>in</span> <span class='ocrx_word' id='word_1_92' title='bbox 322 1721 426 1788; x_wconf 87' lang='lat' dir='ltr'>iudice</span> <span class='ocrx_word' id='word_1_93' title='bbox 438 1723 686 1808; x_wconf 80' lang='lat' dir='ltr'>putativocerte</span> <span class='ocrx_word' id='word_1_94' title='bbox 699 1723 877 1807; x_wconf 87' lang='lat' dir='ltr'>requiritur</span> <span class='ocrx_word' id='word_1_95' title='bbox 890 1743 985 1787; x_wconf 87' lang='lat' dir='ltr'>error</span> <span class='ocrx_word' id='word_1_96' title='bbox 997 1724 1184 1788; x_wconf 89' lang='lat' dir='ltr'>communis:</span> <span class='ocrx_word' id='word_1_97' title='bbox 1198 1724 1248 1787; x_wconf 90' lang='lat' dir='ltr'>ius</span> <span class='ocrx_word' id='word_1_98' title='bbox 1262 1723 1348 1786; x_wconf 90' lang='lat' dir='ltr'>enim</span> 
     </span>
     <span class='ocr_line' id='line_1_13' title="bbox 167 1847 1348 1934; baseline 0.002 -24"><span class='ocrx_word' id='word_1_99' title='bbox 167 1867 338 1912; x_wconf 88' lang='lat' dir='ltr'>commune</span> <span class='ocrx_word' id='word_1_100' title='bbox 354 1848 481 1912; x_wconf 81' lang='lat' dir='ltr'>utilitati</span> <span class='ocrx_word' id='word_1_101' title='bbox 504 1849 663 1913; x_wconf 89' lang='lat' dir='ltr'>communi</span> <span class='ocrx_word' id='word_1_102' title='bbox 687 1849 874 1934; x_wconf 76' lang='lat' dir='ltr'>prospicere</span> <span class='ocrx_word' id='word_1_103' title='bbox 899 1847 1051 1923; x_wconf 89' lang='lat' dir='ltr'>intendit;</span> <span class='ocrx_word' id='word_1_104' title='bbox 1076 1848 1152 1913; x_wconf 91' lang='lat' dir='ltr'>hinc</span> <span class='ocrx_word' id='word_1_105' title='bbox 1169 1867 1264 1912; x_wconf 81' lang='lat' dir='ltr'>error</span> <span class='ocrx_word' id='word_1_106' title='bbox 1287 1847 1348 1912; x_wconf 89' lang='lat' dir='ltr'>ali·</span> 
     </span>
     <span class='ocr_line' id='line_1_14' title="bbox 164 1973 1348 2060; baseline 0.003 -24"><span class='ocrx_word' id='word_1_107' title='bbox 164 1993 305 2057; x_wconf 88' lang='lat' dir='ltr'>quorum</span> <span class='ocrx_word' id='word_1_108' title='bbox 318 1977 442 2040; x_wconf 89' lang='lat' dir='ltr'>tantum</span> <span class='ocrx_word' id='word_1_109' title='bbox 454 1994 518 2040; x_wconf 92' lang='lat' dir='ltr'>non</span> <span class='ocrx_word' id='word_1_110' title='bbox 530 1979 675 2040; x_wconf 87' lang='lat' dir='ltr'>meretur</span> <span class='ocrx_word' id='word_1_111' title='bbox 687 1974 874 2060; x_wconf 84' lang='lat' dir='ltr'>generalem</span> <span class='ocrx_word' id='word_1_112' title='bbox 887 1974 1141 2059; x_wconf 84' lang='lat' dir='ltr'>dispositionem:</span> <span class='ocrx_word' id='word_1_113' title='bbox 1158 1975 1192 2038; x_wconf 91' lang='lat' dir='ltr'>in</span> <span class='ocrx_word' id='word_1_114' title='bbox 1203 1973 1266 2040; x_wconf 90' lang='lat' dir='ltr'>hoc</span> <span class='ocrx_word' id='word_1_115' title='bbox 1276 1975 1348 2040; x_wconf 86' lang='lat' dir='ltr'>lere</span> 
     </span>
     <span class='ocr_line' id='line_1_15' title="bbox 165 2094 1349 2178; baseline 0.004 -19"><span class='ocrx_word' id='word_1_116' title='bbox 165 2116 281 2161; x_wconf 90' lang='lat' dir='ltr'>omnes</span> <span class='ocrx_word' id='word_1_117' title='bbox 296 2098 501 2164; x_wconf 84' lang='lat' dir='ltr'>conveniunt.</span> <span class='ocrx_word' id='word_1_118' title='bbox 518 2099 561 2162; x_wconf 81' lang='lat' dir='ltr'>nt</span> <span class='ocrx_word' id='word_1_119' title='bbox 576 2097 732 2178; x_wconf 90' lang='lat' dir='ltr'>nonnulli,</span> <span class='ocrx_word' id='word_1_120' title='bbox 745 2103 780 2162; x_wconf 86' lang='lat' dir='ltr'>ut</span> <span class='ocrx_word' id='word_1_121' title='bbox 797 2094 1005 2162; x_wconf 81' lang='lat' dir='ltr'>Reiffenstuel</span> <span class='ocrx_word' id='word_1_122' title='bbox 1020 2097 1069 2163; x_wconf 89' lang='lat' dir='ltr'>De</span> <span class='ocrx_word' id='word_1_123' title='bbox 1083 2098 1154 2163; x_wconf 81' lang='lat' dir='ltr'>iad.</span> <span class='ocrx_word' id='word_1_124' title='bbox 1170 2119 1204 2164; x_wconf 75' lang='lat' dir='ltr'>a,</span> <span class='ocrx_word' id='word_1_125' title='bbox 1222 2099 1300 2170; x_wconf 84' lang='grc'><em>197,</em></span> <span class='ocrx_word' id='word_1_126' title='bbox 1316 2103 1349 2164; x_wconf 91' lang='lat' dir='ltr'>et</span> 
     </span>
     <span class='ocr_line' id='line_1_16' title="bbox 168 2217 1348 2306; baseline 0.003 -25"><span class='ocrx_word' id='word_1_127' title='bbox 168 2217 254 2282; x_wconf 89' lang='lat' dir='ltr'>inter</span> <span class='ocrx_word' id='word_1_128' title='bbox 271 2219 471 2284; x_wconf 81' lang='lat' dir='ltr'>recentiores</span> <span class='ocrx_word' id='word_1_129' title='bbox 486 2219 526 2284; x_wconf 87' lang='lat' dir='ltr'>ol.</span> <span class='ocrx_word' id='word_1_130' title='bbox 544 2220 590 2284; x_wconf 88' lang='lat' dir='ltr'>De</span> <span class='ocrx_word' id='word_1_131' title='bbox 607 2221 741 2306; x_wconf 82' lang='lat' dir='ltr'>Angelis</span> <span class='ocrx_word' id='word_1_132' title='bbox 760 2221 833 2288; x_wconf 82' lang='lat' dir='ltr'>eod.</span> <span class='ocrx_word' id='word_1_133' title='bbox 851 2227 871 2286; x_wconf 92' lang='lat' dir='ltr'>t.</span> <span class='ocrx_word' id='word_1_134' title='bbox 895 2242 929 2286; x_wconf 83' lang='lat' dir='ltr'>a.</span> <span class='ocrx_word' id='word_1_135' title='bbox 953 2219 1013 2294; x_wconf 77' lang='lat'>23,</span> <span class='ocrx_word' id='word_1_136' title='bbox 1031 2227 1063 2286; x_wconf 90' lang='lat' dir='ltr'>et</span> <span class='ocrx_word' id='word_1_137' title='bbox 1078 2221 1117 2286; x_wconf 85' lang='lat' dir='ltr'>cl.</span> <span class='ocrx_word' id='word_1_138' title='bbox 1137 2221 1225 2286; x_wconf 90' lang='lat' dir='ltr'>Santi</span> <span class='ocrx_word' id='word_1_139' title='bbox 1240 2241 1274 2285; x_wconf 86' lang='lat' dir='ltr'>n.</span> <span class='ocrx_word' id='word_1_140' title='bbox 1292 2220 1348 2295; x_wconf 80' lang='grc'>14,</span> 
     </span>
     <span class='ocr_line' id='line_1_17' title="bbox 163 2343 1347 2432; baseline 0 -24"><span class='ocrx_word' id='word_1_141' title='bbox 163 2343 241 2408; x_wconf 82' lang='lat' dir='ltr'>eod.</span> <span class='ocrx_word' id='word_1_142' title='bbox 267 2348 298 2415; x_wconf 92' lang='lat' dir='ltr'>t.,</span> <span class='ocrx_word' id='word_1_143' title='bbox 317 2345 486 2426; x_wconf 88' lang='lat' dir='ltr'>requirunt</span> <span class='ocrx_word' id='word_1_144' title='bbox 509 2345 603 2410; x_wconf 88' lang='lat' dir='ltr'>etiam</span> <span class='ocrx_word' id='word_1_145' title='bbox 626 2345 753 2410; x_wconf 90' lang='lat' dir='ltr'>titulum</span> <span class='ocrx_word' id='word_1_146' title='bbox 773 2347 963 2411; x_wconf 79' lang='lat' dir='ltr'>coloratum</span> <span class='ocrx_word' id='word_1_147' title='bbox 982 2367 1039 2411; x_wconf 90' lang='lat' dir='ltr'>seu</span> <span class='ocrx_word' id='word_1_148' title='bbox 1054 2345 1181 2410; x_wconf 90' lang='lat' dir='ltr'>titulum</span> <span class='ocrx_word' id='word_1_149' title='bbox 1196 2366 1275 2411; x_wconf 86' lang='lat' dir='ltr'>vere</span> <span class='ocrx_word' id='word_1_150' title='bbox 1291 2365 1347 2432; x_wconf 94' lang='lat' dir='ltr'>po-</span> 
     </span>
     <span class='ocr_line' id='line_1_18' title="bbox 165 2463 1342 2550; baseline 0.002 -22"><span class='ocrx_word' id='word_1_151' title='bbox 165 2467 263 2528; x_wconf 87' lang='lat' dir='ltr'>situm</span> <span class='ocrx_word' id='word_1_152' title='bbox 279 2463 319 2528; x_wconf 89' lang='lat' dir='ltr'>ad</span> <span class='ocrx_word' id='word_1_153' title='bbox 336 2465 585 2530; x_wconf 86' lang='lat' dir='ltr'>iurisdictionem</span> <span class='ocrx_word' id='word_1_154' title='bbox 602 2465 844 2546; x_wconf 89' lang='lat' dir='ltr'>conterendam,</span> <span class='ocrx_word' id='word_1_155' title='bbox 861 2466 1005 2548; x_wconf 83' lang='lat' dir='ltr'>quamvis</span> <span class='ocrx_word' id='word_1_156' title='bbox 1020 2467 1154 2531; x_wconf 79' lang='lat' dir='ltr'>atillam</span> <span class='ocrx_word' id='word_1_157' title='bbox 1174 2485 1218 2532; x_wconf 78' lang='lat' dir='ltr'>ex</span> <span class='ocrx_word' id='word_1_158' title='bbox 1233 2466 1342 2550; x_wconf 88' lang='lat' dir='ltr'>aliquo</span> 
     </span>
     <span class='ocr_line' id='line_1_19' title="bbox 164 2591 1348 2677; baseline 0.003 -23"><span class='ocrx_word' id='word_1_159' title='bbox 164 2593 295 2657; x_wconf 90' lang='lat' dir='ltr'>occulto</span> <span class='ocrx_word' id='word_1_160' title='bbox 319 2595 406 2674; x_wconf 89' lang='lat' dir='ltr'>vitio,</span> <span class='ocrx_word' id='word_1_161' title='bbox 423 2591 475 2659; x_wconf 84' lang='lat' dir='ltr'>vel</span> <span class='ocrx_word' id='word_1_162' title='bbox 500 2595 595 2659; x_wconf 90' lang='lat' dir='ltr'>etiam</span> <span class='ocrx_word' id='word_1_163' title='bbox 619 2593 746 2659; x_wconf 88' lang='lat' dir='ltr'>titulum</span> <span class='ocrx_word' id='word_1_164' title='bbox 769 2593 809 2657; x_wconf 88' lang='lat' dir='ltr'>ab</span> <span class='ocrx_word' id='word_1_165' title='bbox 829 2593 920 2659; x_wconf 86' lang='lat' dir='ltr'>initio</span> <span class='ocrx_word' id='word_1_166' title='bbox 939 2591 1080 2657; x_wconf 88' lang='lat' dir='ltr'>validum</span> <span class='ocrx_word' id='word_1_167' title='bbox 1096 2594 1150 2676; x_wconf 90' lang='lat' dir='ltr'>qui</span> <span class='ocrx_word' id='word_1_168' title='bbox 1165 2597 1277 2677; x_wconf 89' lang='lat' dir='ltr'>postea</span> <span class='ocrx_word' id='word_1_169' title='bbox 1293 2591 1348 2657; x_wconf 89' lang='lat' dir='ltr'>de·</span> 
     </span>
     <span class='ocr_line' id='line_1_20' title="bbox 165 2716 1345 2802; baseline -0.001 -21"><span class='ocrx_word' id='word_1_170' title='bbox 165 2717 247 2782; x_wconf 81' lang='lat' dir='ltr'>tecit</span> <span class='ocrx_word' id='word_1_171' title='bbox 270 2723 326 2783; x_wconf 89' lang='lat' dir='ltr'>aut</span> <span class='ocrx_word' id='word_1_172' title='bbox 350 2719 555 2783; x_wconf 86' lang='lat' dir='ltr'>revocatione</span> <span class='ocrx_word' id='word_1_173' title='bbox 579 2725 633 2783; x_wconf 89' lang='lat' dir='ltr'>aut</span> <span class='ocrx_word' id='word_1_174' title='bbox 655 2719 763 2802; x_wconf 90' lang='lat' dir='ltr'>aliqua</span> <span class='ocrx_word' id='word_1_175' title='bbox 786 2718 850 2782; x_wconf 87' lang='lat' dir='ltr'>alta</span> <span class='ocrx_word' id='word_1_176' title='bbox 873 2718 913 2784; x_wconf 88' lang='lat' dir='ltr'>de</span> <span class='ocrx_word' id='word_1_177' title='bbox 928 2737 1034 2783; x_wconf 78' lang='lat' dir='ltr'>cansa.</span> <span class='ocrx_word' id='word_1_178' title='bbox 1056 2719 1102 2781; x_wconf 76' lang='lat' dir='ltr'>lte</span> <span class='ocrx_word' id='word_1_179' title='bbox 1119 2716 1247 2801; x_wconf 90' lang='lat' dir='ltr'>quidem</span> <span class='ocrx_word' id='word_1_180' title='bbox 1264 2737 1345 2782; x_wconf 86' lang='lat' dir='ltr'>vera</span> 
     </span>
     <span class='ocr_line' id='line_1_21' title="bbox 166 2841 1342 2927; baseline 0.002 -23"><span class='ocrx_word' id='word_1_181' title='bbox 166 2841 266 2906; x_wconf 84' lang='lat' dir='ltr'>iudex</span> <span class='ocrx_word' id='word_1_182' title='bbox 289 2847 393 2927; x_wconf 87' lang='lat' dir='ltr'>potest</span> <span class='ocrx_word' id='word_1_183' title='bbox 415 2862 485 2907; x_wconf 87' lang='lat' dir='ltr'>esse</span> <span class='ocrx_word' id='word_1_184' title='bbox 503 2842 688 2924; x_wconf 77' lang='lat' dir='ltr'>putativus,</span> <span class='ocrx_word' id='word_1_185' title='bbox 707 2842 759 2906; x_wconf 87' lang='lat' dir='ltr'>vel</span> <span class='ocrx_word' id='word_1_186' title='bbox 778 2843 854 2926; x_wconf 89' lang='lat' dir='ltr'>quia</span> <span class='ocrx_word' id='word_1_187' title='bbox 876 2844 1005 2908; x_wconf 86' lang='lat' dir='ltr'>collatio</span> <span class='ocrx_word' id='word_1_188' title='bbox 1029 2842 1257 2906; x_wconf 77' lang='lat' dir='ltr'>iurisdictionis</span> <span class='ocrx_word' id='word_1_189' title='bbox 1281 2841 1342 2906; x_wconf 83' lang='lat' dir='ltr'>fuit</span> 
     </span>
     <span class='ocr_line' id='line_1_22' title="bbox 167 2963 1345 3049; baseline 0.003 -22"><span class='ocrx_word' id='word_1_190' title='bbox 167 2965 266 3034; x_wconf 84' lang='lat' dir='ltr'>nulla,</span> <span class='ocrx_word' id='word_1_191' title='bbox 292 2968 326 3028; x_wconf 89' lang='lat' dir='ltr'>ut</span> <span class='ocrx_word' id='word_1_192' title='bbox 348 2963 465 3030; x_wconf 89' lang='lat' dir='ltr'>accidit</span> <span class='ocrx_word' id='word_1_193' title='bbox 488 2965 521 3027; x_wconf 92' lang='lat' dir='ltr'>in</span> <span class='ocrx_word' id='word_1_194' title='bbox 543 2965 692 3049; x_wconf 89' lang='lat' dir='ltr'>episcopo</span> <span class='ocrx_word' id='word_1_195' title='bbox 716 2965 891 3028; x_wconf 90' lang='lat' dir='ltr'>simoniace</span> <span class='ocrx_word' id='word_1_196' title='bbox 917 2963 1030 3036; x_wconf 85' lang='lat' dir='ltr'>electo,</span> <span class='ocrx_word' id='word_1_197' title='bbox 1047 2963 1100 3028; x_wconf 85' lang='lat' dir='ltr'>vel</span> <span class='ocrx_word' id='word_1_198' title='bbox 1127 2964 1202 3046; x_wconf 89' lang='lat' dir='ltr'>qnia</span> <span class='ocrx_word' id='word_1_199' title='bbox 1225 2963 1345 3030; x_wconf 82' lang='lat' dir='ltr'>collata</span> 
     </span>
     <span class='ocr_line' id='line_1_23' title="bbox 165 3065 1341 3171; baseline 0.001 -24"><span class='ocrx_word' id='word_1_200' title='bbox 165 3083 229 3151; x_wconf 79' lang='lat' dir='ltr'>tuit</span> <span class='ocrx_word' id='word_1_201' title='bbox 252 3085 427 3150; x_wconf 86' lang='lat' dir='ltr'>iurisdictio</span> <span class='ocrx_word' id='word_1_202' title='bbox 449 3084 489 3149; x_wconf 88' lang='lat' dir='ltr'>ad</span> <span class='ocrx_word' id='word_1_203' title='bbox 512 3065 730 3170; x_wconf 88' lang='lat' dir='ltr'>tempus,an</span> <span class='ocrx_word' id='word_1_204' title='bbox 754 3084 977 3171; x_wconf 88' lang='lat' dir='ltr'>praeterlapso</span> <span class='ocrx_word' id='word_1_205' title='bbox 1001 3086 1147 3165; x_wconf 86' lang='lat' dir='ltr'>cessavit,</span> <span class='ocrx_word' id='word_1_206' title='bbox 1165 3091 1222 3149; x_wconf 87' lang='lat' dir='ltr'>aut</span> <span class='ocrx_word' id='word_1_207' title='bbox 1245 3104 1341 3150; x_wconf 87' lang='lat' dir='ltr'>revo-</span> 
     </span>
    </p>
   </div>
   <div class='ocr_carea' id='block_1_5' title="bbox 164 3195 1350 3544">
    <p class='ocr_par' dir='ltr' id='par_1_6' title="bbox 164 3195 1350 3544">
     <span class='ocr_line' id='line_1_24' title="bbox 164 3195 1345 3295; baseline 0.003 -23"><span class='ocrx_word' id='word_1_208' title='bbox 164 3214 241 3272; x_wconf 87' lang='lat' dir='ltr'>cata</span> <span class='ocrx_word' id='word_1_209' title='bbox 264 3195 333 3275; x_wconf 85' lang='lat' dir='ltr'>fuit.</span> <span class='ocrx_word' id='word_1_210' title='bbox 357 3209 421 3274; x_wconf 83' lang='lat' dir='ltr'>Alii</span> <span class='ocrx_word' id='word_1_211' title='bbox 444 3205 560 3283; x_wconf 84' lang='lat' dir='ltr'>autem&#39;,</span> <span class='ocrx_word' id='word_1_212' title='bbox 585 3215 619 3274; x_wconf 88' lang='lat' dir='ltr'>ut</span> <span class='ocrx_word' id='word_1_213' title='bbox 644 3209 825 3295; x_wconf 87' lang='lat' dir='ltr'>Fagnanus‚</span> <span class='ocrx_word' id='word_1_214' title='bbox 851 3196 965 3275; x_wconf 85' lang='lat' dir='ltr'>citatus</span> <span class='ocrx_word' id='word_1_215' title='bbox 997 3208 1160 3274; x_wconf 88' lang='lat' dir='ltr'>aBened.</span> <span class='ocrx_word' id='word_1_216' title='bbox 1184 3209 1269 3276; x_wconf 86' lang='lat' dir='ltr'>XIV</span> <span class='ocrx_word' id='word_1_217' title='bbox 1307 3210 1345 3275; x_wconf 86' lang='lat' dir='ltr'>ia</span> 
     </span>
     <span class='ocr_line' id='line_1_25' title="bbox 167 3331 1350 3419; baseline 0.003 -23"><span class='ocrx_word' id='word_1_218' title='bbox 167 3331 251 3397; x_wconf 75' lang='lat' dir='ltr'>lost.</span> <span class='ocrx_word' id='word_1_219' title='bbox 277 3333 365 3398; x_wconf 80' lang='lat' dir='ltr'>Ecct.</span> <span class='ocrx_word' id='word_1_220' title='bbox 391 3333 446 3408; x_wconf 84' lang='grc'>84,</span> <span class='ocrx_word' id='word_1_221' title='bbox 470 3354 504 3398; x_wconf 83' lang='lat' dir='ltr'>a.</span> <span class='ocrx_word' id='word_1_222' title='bbox 535 3333 587 3399; x_wconf 79' lang='lat'>20</span> <span class='ocrx_word' id='word_1_223' title='bbox 617 3339 649 3398; x_wconf 87' lang='lat' dir='ltr'>et</span> <span class='ocrx_word' id='word_1_224' title='bbox 678 3333 970 3419; x_wconf 85' lang='lat' dir='ltr'>Schmalzgrueber</span> <span class='ocrx_word' id='word_1_225' title='bbox 1000 3335 1050 3399; x_wconf 85' lang='lat' dir='ltr'>De</span> <span class='ocrx_word' id='word_1_226' title='bbox 1080 3333 1150 3399; x_wconf 73' lang='lat' dir='ltr'>tua.</span> <span class='ocrx_word' id='word_1_227' title='bbox 1188 3355 1222 3398; x_wconf 82' lang='lat' dir='ltr'>a.</span> <span class='ocrx_word' id='word_1_228' title='bbox 1245 3333 1291 3398; x_wconf 76' lang='lat'>2!</span> <span class='ocrx_word' id='word_1_229' title='bbox 1315 3342 1350 3400; x_wconf 84' lang='lat' dir='ltr'>et</span> 
     </span>
     <span class='ocr_line' id='line_1_26' title="bbox 164 3455 1341 3544; baseline 0.001 -23"><span class='ocrx_word' id='word_1_230' title='bbox 164 3457 206 3521; x_wconf 91' lang='lat' dir='ltr'>cl.</span> <span class='ocrx_word' id='word_1_231' title='bbox 232 3455 433 3524; x_wconf 84' lang='lat' dir='ltr'>D&#39;Annibale</span> <span class='ocrx_word' id='word_1_232' title='bbox 457 3460 480 3524; x_wconf 89' lang='lat' dir='ltr'><em>I</em></span> <span class='ocrx_word' id='word_1_233' title='bbox 498 3479 531 3524; x_wconf 84' lang='lat' dir='ltr'>a.</span> <span class='ocrx_word' id='word_1_234' title='bbox 557 3459 612 3540; x_wconf 81' lang='lat'>79,</span> <span class='ocrx_word' id='word_1_235' title='bbox 638 3461 811 3544; x_wconf 91' lang='lat' dir='ltr'>opinantur</span> <span class='ocrx_word' id='word_1_236' title='bbox 834 3458 983 3524; x_wconf 89' lang='lat' dir='ltr'>sufficere</span> <span class='ocrx_word' id='word_1_237' title='bbox 1007 3478 1162 3524; x_wconf 82' lang='lat' dir='ltr'>errorem</span> <span class='ocrx_word' id='word_1_238' title='bbox 1192 3478 1341 3524; x_wconf 84' lang='lat' dir='ltr'>commu-</span> 
     </span>
    </p>
   </div>
   <div class='ocr_carea' id='block_1_6' title="bbox 163 3585 1350 4543">
    <p class='ocr_par' dir='ltr' id='par_1_7' title="bbox 164 3585 1345 4046">
     <span class='ocr_line' id='line_1_27' title="bbox 165 3585 1342 3671; baseline 0 -21"><span class='ocrx_word' id='word_1_239' title='bbox 165 3603 263 3668; x_wconf 82' lang='lat' dir='ltr'>aem;</span> <span class='ocrx_word' id='word_1_240' title='bbox 287 3589 320 3650; x_wconf 87' lang='lat' dir='ltr'>et</span> <span class='ocrx_word' id='word_1_241' title='bbox 342 3585 424 3650; x_wconf 87' lang='lat' dir='ltr'>haec</span> <span class='ocrx_word' id='word_1_242' title='bbox 447 3586 552 3670; x_wconf 88' lang='lat' dir='ltr'>opinio</span> <span class='ocrx_word' id='word_1_243' title='bbox 583 3588 685 3671; x_wconf 85' lang='lat' dir='ltr'>magis</span> <span class='ocrx_word' id='word_1_244' title='bbox 710 3587 826 3671; x_wconf 75' lang='lat' dir='ltr'>placet,</span> <span class='ocrx_word' id='word_1_245' title='bbox 861 3586 941 3649; x_wconf 86' lang='lat' dir='ltr'>Nam</span> <span class='ocrx_word' id='word_1_246' title='bbox 972 3587 1055 3651; x_wconf 89' lang='lat' dir='ltr'>ratio</span> <span class='ocrx_word' id='word_1_247' title='bbox 1087 3585 1256 3650; x_wconf 90' lang='lat' dir='ltr'>decidendi</span> <span class='ocrx_word' id='word_1_248' title='bbox 1287 3605 1342 3651; x_wconf 92' lang='lat' dir='ltr'>re-</span> 
     </span>
     <span class='ocr_line' id='line_1_28' title="bbox 167 3711 1344 3796; baseline 0.002 -22"><span class='ocrx_word' id='word_1_249' title='bbox 167 3712 288 3793; x_wconf 89' lang='lat' dir='ltr'>petitur</span> <span class='ocrx_word' id='word_1_250' title='bbox 310 3731 330 3775; x_wconf 90' lang='lat' dir='ltr'>a</span> <span class='ocrx_word' id='word_1_251' title='bbox 352 3711 436 3776; x_wconf 93' lang='lat' dir='ltr'>bono</span> <span class='ocrx_word' id='word_1_252' title='bbox 459 3713 618 3776; x_wconf 88' lang='lat' dir='ltr'>communi</span> <span class='ocrx_word' id='word_1_253' title='bbox 643 3711 725 3796; x_wconf 91' lang='lat' dir='ltr'>quod</span> <span class='ocrx_word' id='word_1_254' title='bbox 749 3711 929 3795; x_wconf 85' lang='lat' dir='ltr'>aliquando,</span> <span class='ocrx_word' id='word_1_255' title='bbox 954 3713 1074 3795; x_wconf 80' lang='lat' dir='ltr'>absque</span> <span class='ocrx_word' id='word_1_256' title='bbox 1103 3713 1198 3796; x_wconf 88' lang='lat' dir='ltr'>culpa</span> <span class='ocrx_word' id='word_1_257' title='bbox 1224 3732 1344 3776; x_wconf 84' lang='lat' dir='ltr'>erran·</span> 
     </span>
     <span class='ocr_line' id='line_1_29' title="bbox 164 3835 1345 3923; baseline 0.003 -25"><span class='ocrx_word' id='word_1_258' title='bbox 164 3835 256 3904; x_wconf 86' lang='lat' dir='ltr'>tium.</span> <span class='ocrx_word' id='word_1_259' title='bbox 274 3855 357 3920; x_wconf 86' lang='lat' dir='ltr'>pene</span> <span class='ocrx_word' id='word_1_260' title='bbox 376 3836 621 3922; x_wconf 87' lang='lat' dir='ltr'>irreparabilem</span> <span class='ocrx_word' id='word_1_261' title='bbox 646 3843 812 3923; x_wconf 87' lang='lat' dir='ltr'>pateretur</span> <span class='ocrx_word' id='word_1_262' title='bbox 834 3840 1001 3910; x_wconf 88' lang='lat' dir='ltr'>iacturam,</span> <span class='ocrx_word' id='word_1_263' title='bbox 1019 3839 1044 3902; x_wconf 87' lang='lat' dir='ltr'>si</span> <span class='ocrx_word' id='word_1_264' title='bbox 1066 3837 1105 3902; x_wconf 91' lang='lat' dir='ltr'>ob</span> <span class='ocrx_word' id='word_1_265' title='bbox 1129 3857 1345 3903; x_wconf 74' lang='lat' dir='ltr'>coinmuaem</span> 
     </span>
     <span class='ocr_line' id='line_1_30' title="bbox 164 3959 1098 4046; baseline 0.004 -24"><span class='ocrx_word' id='word_1_266' title='bbox 164 3975 320 4024; x_wconf 82' lang='lat' dir='ltr'>errorem</span> <span class='ocrx_word' id='word_1_267' title='bbox 344 3977 407 4022; x_wconf 93' lang='lat' dir='ltr'>non</span> <span class='ocrx_word' id='word_1_268' title='bbox 432 3965 628 4024; x_wconf 88' lang='lat' dir='ltr'>sanarentur</span> <span class='ocrx_word' id='word_1_269' title='bbox 650 3965 743 4046; x_wconf 86' lang='lat' dir='ltr'>gesta</span> <span class='ocrx_word' id='word_1_270' title='bbox 767 3979 786 4024; x_wconf 90' lang='lat' dir='ltr'>a</span> <span class='ocrx_word' id='word_1_271' title='bbox 809 3959 914 4024; x_wconf 90' lang='lat' dir='ltr'>iudice</span> <span class='ocrx_word' id='word_1_272' title='bbox 933 3960 1098 4043; x_wconf 81' lang='lat' dir='ltr'>putative.</span> 
     </span>
    </p>

    <p class='ocr_par' dir='ltr' id='par_1_8' title="bbox 163 4083 1350 4543">
     <span class='ocr_line' id='line_1_31' title="bbox 257 4083 1343 4171; baseline 0.002 -23"><span class='ocrx_word' id='word_1_273' title='bbox 257 4083 437 4149; x_wconf 83' lang='lat' dir='ltr'>Necessitas</span> <span class='ocrx_word' id='word_1_274' title='bbox 460 4103 539 4150; x_wconf 87' lang='lat' dir='ltr'>vcro</span> <span class='ocrx_word' id='word_1_275' title='bbox 561 4086 645 4151; x_wconf 86' lang='lat' dir='ltr'>tituli</span> <span class='ocrx_word' id='word_1_276' title='bbox 668 4085 803 4150; x_wconf 89' lang='lat' dir='ltr'>colorati</span> <span class='ocrx_word' id='word_1_277' title='bbox 827 4087 861 4149; x_wconf 93' lang='lat' dir='ltr'>in</span> <span class='ocrx_word' id='word_1_278' title='bbox 885 4087 1051 4150; x_wconf 87' lang='lat' dir='ltr'>contraria</span> <span class='ocrx_word' id='word_1_279' title='bbox 1074 4088 1235 4150; x_wconf 87' lang='lat' dir='ltr'>sententia</span> <span class='ocrx_word' id='word_1_280' title='bbox 1251 4106 1343 4171; x_wconf 88' lang='lat' dir='ltr'>prae·</span> 
     </span>
     <span class='ocr_line' id='line_1_32' title="bbox 163 4207 1342 4294; baseline 0.002 -22"><span class='ocrx_word' id='word_1_281' title='bbox 163 4207 261 4292; x_wconf 85' lang='lat' dir='ltr'>cipue</span> <span class='ocrx_word' id='word_1_282' title='bbox 282 4209 450 4292; x_wconf 87' lang='lat' dir='ltr'>repetitur,</span> <span class='ocrx_word' id='word_1_283' title='bbox 474 4209 548 4294; x_wconf 88' lang='lat' dir='ltr'>quia</span> <span class='ocrx_word' id='word_1_284' title='bbox 571 4209 666 4274; x_wconf 89' lang='lat' dir='ltr'>buius</span> <span class='ocrx_word' id='word_1_285' title='bbox 694 4211 874 4274; x_wconf 89' lang='lat' dir='ltr'>sententiae</span> <span class='ocrx_word' id='word_1_286' title='bbox 897 4211 1043 4294; x_wconf 88' lang='lat' dir='ltr'>patronis</span> <span class='ocrx_word' id='word_1_287' title='bbox 1066 4229 1255 4294; x_wconf 88' lang='lat' dir='ltr'>persuasum</span> <span class='ocrx_word' id='word_1_288' title='bbox 1283 4216 1342 4282; x_wconf 78' lang='lat' dir='ltr'>est.</span> 
     </span>
     <span class='ocr_line' id='line_1_33' title="bbox 164 4330 1350 4419; baseline 0.005 -25"><span class='ocrx_word' id='word_1_289' title='bbox 164 4349 318 4394; x_wconf 86' lang='lat' dir='ltr'>errorem</span> <span class='ocrx_word' id='word_1_290' title='bbox 339 4330 538 4415; x_wconf 87' lang='lat' dir='ltr'>probabilem</span> <span class='ocrx_word' id='word_1_291' title='bbox 562 4353 627 4396; x_wconf 91' lang='lat' dir='ltr'>non</span> <span class='ocrx_word' id='word_1_292' title='bbox 651 4351 744 4418; x_wconf 86' lang='lat' dir='ltr'>posse</span> <span class='ocrx_word' id='word_1_293' title='bbox 768 4333 893 4400; x_wconf 86' lang='lat' dir='ltr'>admitti</span> <span class='ocrx_word' id='word_1_294' title='bbox 919 4334 951 4397; x_wconf 89' lang='lat' dir='ltr'>in</span> <span class='ocrx_word' id='word_1_295' title='bbox 975 4334 1101 4419; x_wconf 91' lang='lat' dir='ltr'>populo,</span> <span class='ocrx_word' id='word_1_296' title='bbox 1127 4334 1188 4398; x_wconf 89' lang='lat' dir='ltr'>nisi</span> <span class='ocrx_word' id='word_1_297' title='bbox 1216 4339 1350 4401; x_wconf 83' lang='lat' dir='ltr'>extante</span> 
     </span>
     <span class='ocr_line' id='line_1_34' title="bbox 165 4453 1349 4543; baseline 0.003 -24"><span class='ocrx_word' id='word_1_298' title='bbox 165 4453 261 4522; x_wconf 83' lang='lat' dir='ltr'>titulo</span> <span class='ocrx_word' id='word_1_299' title='bbox 286 4455 446 4524; x_wconf 82' lang='lat' dir='ltr'>colorato.</span> <span class='ocrx_word' id='word_1_300' title='bbox 472 4458 569 4541; x_wconf 79' lang='lat' dir='ltr'>Atqui</span> <span class='ocrx_word' id='word_1_301' title='bbox 594 4457 705 4521; x_wconf 82' lang='lat' dir='ltr'>forsan</span> <span class='ocrx_word' id='word_1_302' title='bbox 730 4478 845 4523; x_wconf 83' lang='lat' dir='ltr'>verum</span> <span class='ocrx_word' id='word_1_303' title='bbox 870 4463 927 4529; x_wconf 87' lang='lat' dir='ltr'>est,</span> <span class='ocrx_word' id='word_1_304' title='bbox 953 4457 1040 4522; x_wconf 89' lang='lat' dir='ltr'>hunc</span> <span class='ocrx_word' id='word_1_305' title='bbox 1069 4476 1216 4522; x_wconf 89' lang='lat' dir='ltr'>errorem</span> <span class='ocrx_word' id='word_1_306' title='bbox 1240 4459 1274 4522; x_wconf 90' lang='lat' dir='ltr'>in</span> <span class='ocrx_word' id='word_1_307' title='bbox 1297 4479 1349 4543; x_wconf 93' lang='lat' dir='ltr'>po-</span> 
     </span>
    </p>
   </div>
   <div class='ocr_carea' id='block_1_7' title="bbox 0 0 1680 5117">
    <p class='ocr_par' dir='ltr' id='par_1_9' title="bbox 0 0 1680 5117">
     <span class='ocr_line' id='line_1_35' title="bbox 0 0 1680 5117; baseline 0 0"><span class='ocrx_word' id='word_1_308' title='bbox 0 0 1680 5117; x_wconf 95' lang='lat' dir='ltr'> </span> 
     </span>
    </p>
   </div>
  </div>
 </body>
</html>
