3350 5117
312 268 381 334 254
841 283 924 332 raros
949 283 970 330 1.

313 405 462 472 hibemur
476 406 529 472 vel
552 404 593 471 ab
616 405 774 471 exercitio
789 405 879 479 iuris,
897 403 1014 470 dieitur
1039 403 1190 488 spolium;
1208 405 1241 467 et
1256 400 1338 468 solet
1353 398 1493 468 deliniri:

316 555 334 596 ‹
362 533 511 601 Violento
533 531 671 598 deiectio
694 551 717 597 a
735 505 947 615 possessione
965 529 1016 594 rei
1039 529 1091 594 oet
1114 547 1137 593 a
1160 527 1260 613 quest
1279 525 1493 610 possessione

189 670 193 679 “
312 658 399 724 iuris
421 675 466 722 eoo
487 675 617 742 mappa
640 661 671 721 el
693 653 830 722 notorio
852 653 1065 720 iniustitia».
1087 649 1134 739 (l)
1159 651 1230 716 Hos
1254 670 1351 716 sensu
1374 649 1496 715 dieitur

312 790 445 870 patrare
474 783 621 867 spolium
644 781 752 863 iudex,
775 783 829 866 qui
861 781 1054 846 sententiam
1082 777 1148 846 edit
1175 779 1301 852 notorie
1331 777 1494 842 iniustam.

313 907 361 974 cf.
386 926 461 989 oop.
482 905 506 971 7
528 906 579 972 De
600 910 678 972 rest.
702 905 835 990 spoliat.
860 903 895 968 X
917 901 1049 988 (ll-13).

406 1029 748 1145 221).Ψο
778 1026 914 1094 dabatur
944 1021 1206 1126 tantufflffl
1217 1019 1496 1122 ‘res-‘immobiles

301 1141 860 1264 Qjfflsfflbjllff-aut
882 1119 1495 1251 ieietffib.1ll,ffldffleffl--⁸il

312 1277 548 1372 restituendas-3
573 1278 615 1344 of.
640 1298 667 1344 o.
692 1277 726 1350 5,
750 1277 801 1343 De
831 1281 910 1342 rest.
940 1275 1076 1358 spoliat.
1100 1274 1135 1339 X
1160 1271 1216 1358 (11,
1246 1273 1308 1359 13).
1336 1273 1495 1336 Poterant

313 1400 417 1488 repeti
438 1400 501 1465 hoo
524 1400 696 1468 interdicto
719 1419 775 1467 res
797 1399 946 1472 mobiles,
971 1399 997 1464 si
1021 1396 1245 1484 prinoipaliter
1274 1399 1430 1482 ageretur
1453 1393 1495 1479 de

313 1529 475 1604 immobili,
500 1530 551 1594 oui
574 1527 757 1594 aooessorie
779 1525 974 1592 uniebantur
996 1523 1136 1592 mobilia.

402 1653 529 1718 Verum
551 1652 585 1717 in
608 1671 731 1736 genere
761 1669 821 1736 pro
851 1648 1022 1715 mobilibus
1052 1646 1254 1734 competebat
1280 1645 1367 1712 aetio
1393 1643 1492 1730 furti,

312 1777 366 1842 vel
388 1778 473 1842 actio
498 1813 516 1825 -
540 1777 574 1843 oi
597 1775 765 1844 bonoram
786 1780 980 1858 raptorum,
1007 1809 1025 1821 -
1050 1775 1071 1840 l..
1095 1773 1122 1846 1.
1147 1774 1170 1856 ἓ
1194 1771 1287 1839 iliud
1308 1770 1489 1856 alioteeff.

312 1899 364 1965 De
384 1900 419 1964 oi
442 1903 474 1965 et
493 1900 528 1964 oi
550 1905 697 1965 armato.
722 1935 766 1949 -
790 1901 845 1965 Ius
869 1918 939 1964 can.
965 1897 1130 1984 ampliavit
1144 1897 1208 1961 hoo
1230 1893 1437 1960 interdictum
1459 1897 1495 1958 ut

312 2025 461 2085 tueretur
484 2021 581 2086 etiam
604 2041 659 2086 res
682 2019 826 2094 mobiles,
856 2023 899 2085 uti
924 2017 1112 2112 videbimus.

401 2144 477 2232 221.
501 2144 660 2229 Competit
682 2145 858 2232 possessori
883 2143 981 2219 civili,
1000 2145 1068 2208 sive
1087 2143 1174 2208 iuste
1197 2143 1264 2206 sive
1281 2139 1404 2206 iniuste
1420 2157 1495 2224 pos·

312 2269 425 2351 sideat,
437 2269 518 2334 adeo
542 2275 577 2335 ut
598 2268 720 2356 praedo
744 2271 840 2336 etiam
864 2275 913 2334 est
936 2277 1053 2334 eontra
1074 2267 1237 2333 dominum
1262 2263 1491 2338 restituendus,

313 2398 451 2478 excepto
467 2413 545 2458 casu
559 2413 622 2477 quo
636 2395 674 2459 io
689 2393 873 2461 continenti
889 2413 946 2458 seu
962 2389 1085 2476 inipso
1102 2410 1285 2478 conpressu
1300 2389 1422 2475 praedo
1438 2408 1495 2453 re·

314 2517 453 2602 pellatur
476 2537 532 2582 seu
547 2516 740 2602 impediatur
757 2518 807 2583 rei
830 2485 1066 2602 possessionem
1089 2515 1230 2598 assequi:
1249 2512 1290 2578 of.
1308 2511 1390 2577 lost.
1408 2511 1492 2578 lust.

314 2640 336 2703 l.
352 2632 391 2713 o,
416 2643 449 2704 et
470 2658 545 2722 oop.
567 2639 590 2705 5
614 2638 668 2704 eit.
686 2640 773 2703 Hine
795 2658 869 2703 cum
894 2638 983 2704 oioiti
1007 2639 1184 2724 possessori
1199 2636 1262 2701 hoo
1284 2632 1493 2699 interdictum

314 2769 536 2848 comparatum
558 2764 609 2844 sit,
626 2763 654 2828 si
675 2765 748 2846 quis
769 2762 876 2827 alieno
900 2764 1029 2826 nomine
1053 2760 1201 2832 detineat,
1220 2759 1425 2830 absolones,
1443 2755 1495 2823 de

314 2889 494 2974 positarius‚
519 2888 797 2960 commodatarius,
822 2887 1029 2954 interdictum
1052 2887 1221 2971 experitur
1243 2885 1299 2949 ille
1323 2881 1415 2948 ouius
1439 2902 1495 2947 no

313 3015 400 3081 mine
423 3012 623 3099 possidetur;
648 3014 723 3097 quie
745 3015 772 3078 is
794 3012 937 3098 possidet
960 3015 1006 3098 (et
1028 3012 1105 3077 hino
1128 3008 1307 3095 spoliatur),
1332 3009 1423 3072 ouius
1439 3024 1495 3072 no-

313 3139 401 3202 mine
423 3137 614 3222 possidetur,
636 3139 682 3204 uti
706 3137 804 3225 babet
826 3157 902 3221 oop.
929 3139 960 3213 9,
985 3137 1035 3202 De
1057 3141 1135 3202 rest.
1159 3135 1292 3218 spoliat.
1316 3134 1358 3198 X.

404 3262 466 3329 Sed
489 3264 557 3348 ipse
582 3263 724 3336 colonus,
749 3263 1027 3344 commodatarius,
1045 3263 1073 3327 si
1088 3259 1128 3325 ab
1153 3261 1220 3344 ipso
1240 3258 1368 3325 domino
1384 3257 1438 3322 vel
1453 3255 1496 3322 ab

314 3388 377 3452 alio
401 3386 594 3471 impediatur
624 3407 644 3450 a
673 3386 778 3452 libero
809 3387 967 3452 exercitio
998 3386 1046 3452 sui
1070 3385 1150 3449 iuris
1173 3383 1289 3454 coloni,
1314 3379 1493 3448 commoda-

314 3513 399 3585 tarii,
424 3531 467 3578 ex
490 3513 747 3598 praescriptione
777 3513 857 3576 iuris
887 3530 959 3576 can.
983 3511 1217 3596 possessionem
1247 3495 1368 3573 iuriam
1390 3525 1494 3591 aeque

314 3640 522 3724 protegentis,
547 3640 649 3704 utitur
671 3640 799 3705 actione
829 3639 1036 3723 possessorio,
1061 3643 1139 3701 uta
1168 3634 1273 3718 iudice
1301 3636 1495 3701 restituatur

404 3867 444 3936 (1)
464 3860 588 3937 δροὶῐιιω
607 3866 659 3920 iur.
679 3882 739 3920 oen.
758 3865 894 3921 latissimo
914 3869 1000 3932 patet.
1022 3865 1086 3936 Cap.
1108 3866 1136 3930 8,
1154 3868 1180 3920 b.
1199 3877 1218 3920 t.
1240 3867 1277 3934 X,
1295 3865 1433 3936 spoliatus
1450 3864 1495 3918 di-

314 3975 389 4029 eitur
406 3975 532 4040 maritus,
542 3973 565 4027 si
584 3990 655 4028 uxor
673 3975 709 4028 ab
728 3990 762 4029 eo
779 3974 901 4028 divertat
925 3973 1043 4040 iniust03
1063 3977 1093 4029 et
1112 3992 1170 4045 cop.
1192 3973 1227 4028 10
1246 3986 1272 4030 et
1292 3975 1372 4029 1212.
1392 3985 1410 4028 t.
1429 3989 1497 4044 spo-

315 4079 386 4134 liata
402 4079 504 4133 dieitur
523 4095 592 4134 uxor
609 4097 627 4132 a
644 4079 746 4133 marito
764 4095 825 4134 eam
845 4079 879 4133 de
898 4096 948 4133 sua
966 4079 1047 4134 domo
1066 4080 1193 4135 eiciente.
1216 4079 1283 4151 Cap.
1301 4081 1322 4133 2
1343 4091 1369 4135 et
1388 4081 1409 4133 3
1428 4083 1455 4134 b.
1474 4090 1494 4134 t.

314 4184 435 4240 babetur
452 4185 494 4240 uti
512 4185 656 4256 spoliatus,
668 4185 717 4256 qui
735 4185 856 4254 pervim
875 4189 904 4240 et
922 4185 1018 4256 inique
1036 4185 1147 4256 cogitur
1166 4201 1216 4241 suo
1235 4186 1370 4242 beneficio
1390 4202 1494 4241 renun-

313 4292 397 4346 ciare.
420 4292 483 4361 Cap.
504 4291 577 4345 lide
596 4291 697 4361 sepult.
724 4291 755 4344 X
776 4289 884 4360 (ill-28)
910 4290 1045 4360 spoliatus
1070 4290 1173 4346 dicitur
1196 4292 1245 4363 qni
1268 4291 1373 4347 iniuste
1399 4309 1417 4346 a
1443 4307 1497 4346 sua

314 4394 459 4465 sepultura
478 4395 634 4466 prohibitus
652 4396 717 4450 fuit.
