3350 5117
313 302 381 368 322
839 323 924 372 raas
948 323 971 370 1.

312 446 465 532 iungitur,
483 448 655 532 praecipue
679 447 784 532 quoad
810 444 960 514 effectum
984 450 1235 536 eatioqnaadoe
1257 449 1393 516 alicuius
1416 450 1493 516 obli·

312 569 459 653 gationis.
484 590 565 655 quae
590 571 764 637 resolvitur
795 593 856 657 per
887 593 953 638 non
984 594 1075 639 usum
1105 574 1249 639 alterius.
1277 574 1345 638 lmo
1368 575 1403 638 in
1424 575 1494 661 ipsa

307 697 579 782 praescriptione
609 699 811 783 acquisitiva
844 701 914 784 quis
944 705 1050 786 potest
1076 700 1160 785 apud
1183 720 1218 765 se
1242 720 1311 766 rem
1335 700 1365 765 b.
1390 700 1414 765 f.
1439 721 1493 766 re-

312 824 418 888 tinere
448 827 481 889 et
511 822 745 909 praescribere,
771 827 919 908 quamvis
950 831 1041 891 certo
1071 826 1153 889 sciat
1183 844 1218 890 se
1248 845 1314 890 non
1345 845 1416 890 esse
1445 826 1494 890 rei

311 944 483 1012 dominum.

401 1070 473 1138 Hoc
495 1069 531 1138 fit
554 1073 580 1136 si
604 1073 675 1156 quis
698 1093 768 1138 rem
792 1075 932 1160 accipiat
961 1095 982 1139 a
1004 1095 1068 1138 non
1092 1073 1232 1140 habente
1255 1075 1418 1140 alienandi
1443 1075 1493 1140 ta-

311 1195 474 1271 cultatem,
495 1199 529 1260 at
558 1203 732 1282 cognoscat
763 1216 798 1261 se
821 1197 977 1262 alienanti
1008 1197 1130 1262 nullam
1156 1198 1306 1282 irrogare
1330 1198 1492 1268 iniuriam,

310 1335 380 1400 arg.
405 1317 425 1380 t.
451 1315 484 1388 5,
508 1315 580 1382 Pro
608 1315 755 1382 derelict.
779 1319 827 1400 ff„
852 1319 943 1382 cuius
971 1316 1054 1382 haec
1080 1319 1215 1402 species,
1241 1318 1342 1382 Titius
1365 1338 1386 1382 a
1416 1318 1494 1383 Caio

309 1459 380 1504 rem
403 1442 480 1505 emit
502 1439 542 1504 ab
566 1461 669 1506 uxore
700 1441 784 1506 dono
815 1441 932 1508 datam.
957 1442 1040 1518 Quia
1063 1445 1171 1508 nullae
1200 1450 1277 1511 sunt
1302 1443 1495 1508 donationes

310 1569 395 1634 inter
416 1568 523 1632 virum
539 1573 571 1633 et
594 1587 731 1633 uxorem
754 1573 859 1634 stante
884 1570 1044 1656 coniugio,
1071 1569 1165 1634 Gaius
1181 1589 1247 1634 non
1271 1569 1419 1636 dominns
1444 1573 1493 1635 rei

308 1689 445 1756 donatae
461 1687 608 1764 efficitur,
626 1691 823 1776 proindeque
840 1694 874 1756 in
898 1693 1017 1757 Titium
1034 1692 1211 1758 dominium
1227 1694 1412 1758 transferre
1428 1713 1494 1758 non

309 1816 419 1881 valuit.
444 1816 565 1881 Tamen
597 1837 670 1882 cum
701 1818 803 1882 Titius
835 1823 1020 1902 cognoscat,
1049 1819 1169 1895 Gaium,
1191 1820 1304 1884 uxoris
1336 1839 1495 1904 expressa

309 1939 483 2013 voluntate,
509 1961 578 2006 rem
601 1941 765 2026 possidere
789 1948 821 2008 et
850 1943 1035 2008 distrahere
1058 1964 1161 2030 posse,
1191 1942 1222 2009 b.
1248 1945 1271 2010 f.
1295 1966 1366 2010 rem
1390 1947 1494 2030 possi-

309 2065 387 2132 dere
410 2067 523 2153 incipit
552 2073 586 2135 et
607 2069 697 2152 quasi
725 2089 814 2134 suam
846 2071 1001 2142 retinere.
1021 2070 1102 2135 adeo
1124 2076 1160 2137 ut
1183 2070 1257 2158 dein
1280 2093 1339 2138 usu
1365 2073 1492 2156 capiat;

313 2209 354 2252 en
376 2188 478 2254 verba
501 2189 600 2275 legis:
621 2209 708 2256 a...
732 2210 816 2257 nam
841 2196 873 2257 et
895 2192 926 2258 si
949 2192 1007 2258 titi
1028 2211 1103 2258 rem
1126 2192 1170 2258 ob
1191 2213 1304 2261 umore
1326 2194 1494 2259 donatam

308 2312 417 2378 sciens
432 2331 555 2384 eterno,
572 2315 662 2396 quasi
678 2313 850 2382 voluntate
872 2321 906 2380 et
921 2314 1118 2380 concedente
1142 2315 1270 2381 domina
1287 2314 1357 2401 (seu
1375 2316 1493 2402 uxore)

308 2439 339 2504 id
371 2438 508 2521 taceres,
532 2440 616 2505 idem
645 2442 723 2506 iuris
755 2445 804 2506 est
830 2461 862 2514 a,
886 2441 977 2523 idest,
1009 2461 1061 2506 me
1091 2447 1322 2528 usucapturum
1353 2449 1490 2509 constat.

309 2561 405 2626 Aliud
428 2563 610 2647 exemplum
640 2561 780 2628 habetur
804 2563 879 2628 iure
904 2583 976 2628 can.
1000 2564 1033 2628 in
1064 2564 1171 2630 titulo:
1195 2563 1251 2631 De
1273 2585 1311 2632 eo
1336 2566 1396 2651 qui
1418 2566 1493 2632 mit-

308 2681 390 2746 titur
404 2681 441 2748 in
448 2683 696 2767 possessionem
720 2703 827 2751 causo
842 2686 897 2750 rei
912 2686 1102 2752 sanandae
1116 2685 1151 2750 X
1164 2687 1220 2771 (II,
1242 2687 1295 2772 15)
1309 2706 1316 2763 ;
1342 2707 1405 2770 quo
1429 2691 1492 2752 sta-

306 2811 441 2874 tuuntur
460 2809 603 2876 remedia
626 2815 741 2874 contra
764 2815 974 2876 contumaces
996 2815 1029 2876 et
1051 2811 1138 2876 inter
1160 2812 1225 2876 alia
1247 2812 1396 2887 edicitur,
1421 2834 1492 2898 pos-

307 2931 482 2997 sessionem
498 2935 546 2998 rei
560 2933 719 3018 litigiosae
734 2953 754 2997 a
770 2932 877 3000 iudice
892 2934 1130 3000 concedendam
1145 2954 1217 3000 esse
1230 2955 1295 3001 non
1308 2939 1491 3002 contumaci

307 3062 339 3118 et
355 3055 442 3121 hunc
458 3076 528 3120 rem
550 3057 776 3142 praescribere
800 3057 958 3124 adversus
973 3065 1205 3141 contumacem,
1222 3060 1249 3124 si
1265 3059 1320 3125 hic
1338 3059 1490 3126 iudicium

306 3182 457 3264 prosequi
480 3185 571 3248 certo
594 3187 738 3267 tempore
762 3185 1003 3266 praetermittat
1019 3181 1075 3266 (l).

396 3304 549 3368 Attamen
573 3304 738 3388 persuasio
762 3305 895 3369 nemini
918 3305 1082 3371 intortam
1105 3306 1277 3389 inserendi
1300 3307 1395 3373 debet
1418 3327 1491 3375 esse

306 3429 451 3514 positiva,
466 3448 530 3494 non
551 3427 668 3495 sufficit
682 3431 853 3517 nepetino,
872 3451 935 3516 qua
951 3432 1075 3497 scilicet
1091 3435 1161 3515 quis
1176 3435 1319 3499 nesciret
1334 3434 1389 3498 vel
1404 3435 1492 3500 scire

314 3690 317 3698 '
395 3692 433 3763 (l)
454 3693 586 3747 Doctores
605 3693 790 3748 communiter
804 3694 1087 3765 requirnntooimnm
1100 3697 1206 3750 dorm'm¹
1223 3713 1271 3750 seu
1291 3697 1410 3750 donnini
1423 3714 1491 3766 per·

307 3801 475 3866 suasionem,
494 3799 560 3869 quia
578 3797 648 3853 haec
667 3799 819 3868 persuasio,
839 3815 944 3868 reapse,
965 3801 1022 3855 tere
1041 3817 1150 3869 semper
1164 3801 1412 3873 habetur,quando
1426 3819 1490 3871 pos-

306 3903 411 3968 sidetur
424 3904 458 3957 ad
477 3904 735 3974 praescriptionem
755 3909 783 3959 et
802 3921 884 3958 casus
897 3921 982 3974 supra
1000 3905 1152 3960 recensitos
1165 3905 1269 3963 habent
1283 3908 1324 3962 nti
1344 3909 1490 3978 exceptio-

306 4027 356 4063 nes
374 4015 458 4080 atque
477 4011 626 4080 opinantur
640 4014 669 4063 in
688 4015 752 4082 foro
772 4015 957 4067 conscientiae
977 4028 1032 4065 non
1050 4013 1145 4068 valore
1164 4015 1422 4084 praescriptionem,
1433 4016 1489 4068 nisi

307 4116 378 4170 adsit
395 4118 463 4171 haec
485 4119 602 4171 dominii
619 4120 779 4187 persuasio.
800 4117 853 4172 Sed
873 4120 965 4172 verior
984 4123 1026 4174 est
1045 4123 1232 4189 conceptusa
1256 4121 1337 4176 nobis
1357 4120 1489 4186 traditus,

306 4205 414 4289 qnippe
427 4235 522 4274 omnes
540 4236 620 4274 casus
639 4220 817 4290 amplectitur
831 4225 860 4276 et
873 4226 917 4275 est
935 4223 1093 4276 confirmior
1106 4223 1161 4276 iuri
1180 4224 1309 4293 positivo,
1321 4224 1394 4294 quod
1412 4225 1492 4280 vale·

305 4341 335 4380 re
354 4324 436 4380 debat
455 4327 539 4381 etiam
554 4343 603 4396 pro
616 4328 675 4380 foro
693 4328 813 4400 interno.
832 4327 947 4382 Domum
960 4327 1030 4383 haec
1044 4331 1163 4383 dominii
1169 4332 1319 4400 persuasio
1334 4331 1491 4388 nullimode

307 4431 401 4488 haberi
422 4438 513 4505 potest
531 4435 560 4488 in
580 4436 797 4505 praescriptione
817 4439 979 4504 continetiam
999 4438 1033 4492 ct.
1054 4437 1235 4507 D'Annibale,
1254 4438 1280 4492 11
1301 4457 1327 4492 n.
1349 4439 1409 4494 152
