3350 5117
311 265 379 331 278
836 286 920 334 rans
945 286 966 332 1.

312 406 346 470 in
365 400 507 490 'quodam
531 407 654 474 Castro.
678 444 723 459 -
747 409 830 474 Pars
854 409 942 474 victa
972 427 1081 472 coram
1113 407 1225 473 eodem
1256 407 1360 474 iudice
1390 428 1495 494 agere

313 534 447 600 volebat
469 537 595 600 actione
619 534 778 619 petitoria,
802 539 837 602 at
859 532 1025 599 decretum
1042 534 1111 608 suit,
1129 533 1285 600 abbatem
1310 553 1374 598 non
1397 551 1495 619 posse

312 659 520 723 reconveniri
536 658 619 742 apud
635 659 816 724 secularem
832 658 968 725 iudicem
989 660 1021 723 in
1038 679 1136 724 causa
1152 660 1230 724 iuris
1245 657 1430 744 spiritualis.
1446 691 1493 708 -

312 782 473 866 Siquidem
506 804 578 849 cum
602 784 709 870 agitur
732 784 773 850 de
795 804 886 849 mero
918 777 1004 849 lacto
1028 804 1057 868 q.
1082 785 1290 870 possessionis
1321 784 1400 849 iuris
1431 784 1495 868 spi-

314 908 450 980 ritualis,
464 909 562 974 iudex
578 908 680 975 laicus
695 929 760 974 non
777 915 827 977 est
844 911 1072 996 incompetens,
1090 912 1144 994 qui
1158 916 1266 976 tamen
1282 909 1389 994 ipsius
1403 907 1496 974 iuris

315 1034 535 1116 quaestionem
558 1031 701 1099 iudicare
724 1054 788 1098 non
811 1033 908 1098 valet.
935 1035 1013 1098 Nam
1037 1035 1195 1119 possessio
1211 1035 1322 1098 nonin
1339 1033 1414 1100 iure
1433 1033 1493 1098 sed

313 1156 352 1222 in
372 1154 464 1238 sacto
489 1157 644 1238 consistit,
669 1163 701 1222 et
724 1158 882 1242 possessio
906 1157 986 1222 nihil
1010 1177 1178 1222 commune
1200 1157 1298 1222 habet
1321 1176 1393 1222 cum
1413 1177 1491 1244 pro-

313 1282 470 1367 prietate:
495 1281 857 1367 cf.'Schmalzgrueber,
876 1281 920 1346 tit.
938 1281 992 1346 12.
1009 1281 1080 1348 Lib.
1099 1281 1145 1356 II,
1161 1301 1196 1346 n.
1214 1280 1263 1345 60
1285 1299 1353 1364 seq.
1370 1279 1429 1364 (l).
1447 1315 1493 1330 -

315 1406 496 1471 Praeterea
518 1406 602 1472 aliae
626 1407 768 1472 rationes
791 1406 920 1474 obstare
935 1411 1068 1491 possunt
1084 1404 1293 1490 impedientes
1308 1403 1493 1468 huiusmodi

312 1531 474 1596 cumulum
499 1532 562 1614 qui,
580 1538 692 1618 suapte
708 1537 833 1603 natura,
851 1531 1018 1597 ordinatus
1034 1536 1082 1596 est
1098 1529 1137 1594 ad
1156 1529 1315 1594 utiliorem
1340 1533 1372 1592 et
1396 1548 1492 1612 expe

312 1652 460 1719 ditiorem
484 1655 623 1720 iustitiae
646 1654 966 1720 administrationem.

406 1777 524 1872 lpdlcis
539 1784 589 1874 est
600 1779 795 1866 'decernere
812 1781 847 1862 in
864 1799 940 1844 casu
955 1779 1122 1871 peculiari,
1132 1799 1181 1866 ,an
1198 1779 1275 1860 utile
1291 1779 1331 1842 sit
1346 1777 1496 1843 actiones

318 1920 527 1966 coacervare.
542 1901 615 1968 Hoc
630 1922 785 1990 expresse
798 1903 885 1969 iubet
900 1923 969 1989 cap.
984 1905 1005 1968 5
1021 1903 1070 1968 Dc
1086 1922 1177 1969 caus.
1190 1921 1281 1986 poss.
1295 1906 1326 1966 et
1332 1919 1435 1984 prop.
1448 1901 1493 1964 X.

402 2023 480 2091 245.
492 2025 623 2122 Q&
636 2029 780 2093 actiones
793 2026 950 2093 cumulari
963 2032 1096 2113 possunt
1107 2027 1146 2091 ad
1159 2026 1343 2090 instantiam
1359 2025 1493 2106 actoris,

313 2153 512 2217 instituentis
534 2151 754 2220 subordinate
776 2154 873 2239 plura
897 2153 1038 2218 remedia
1061 2157 1266 2238 possessoria,
1283 2171 1321 2218 eo
1346 2150 1490 2222 consilio,

313 2280 351 2340 ut
380 2277 408 2340 si
438 2275 587 2342 obtinere
617 2298 683 2344 non
710 2281 813 2366 possit
844 2278 1009 2344 decretum
1031 2278 1240 2368 „retinendae
1270 2276 1494 2361 possessionis,

313 2400 427 2466 saltem
459 2401 536 2466 illud
566 2401 709 2468 obtineat
739 2401 998 2490 recuperandae
1021 2407 1077 2466 aut
1100 2401 1329 2486 acquirendae
1355 2417 1492 2484 posses-

312 2523 426 2589 sionis:
456 2515 599 2607 cfss'cap.
624 2525 657 2598 5,
683 2525 732 2602 De
763 2530 1021 2608 consponsa
1046 2544 1147 2608 prop.
1173 2523 1208 2588 X
1228 2523 1283 2608 (ll,
1312 2521 1364 2606 12)
1388 2525 1420 2586 et
1443 2521 1495 2584 De

314 2649 411 2721 Luca,
436 2652 456 2716 t.
482 2669 509 2716 c.
534 2649 615 2717 disc.
639 2649 696 2722 44,
720 2670 753 2714 n.
780 2652 811 2716 9.

404 2773 474 2838 Non
496 2773 725 2848 subordinate,
743 2774 800 2839 sed
815 2774 941 2841 directe
956 2779 1048 2840 actor
1064 2791 1257 2859 promovere
1277 2775 1381 2857 potest
1396 2788 1494 2853 quae·

318 2897 455 2961 stionem
471 2899 700 2983 possessoriam
722 2902 754 2964 et
769 2900 961 2984 petitoriam.
977 2935 1022 2945 -
1038 2901 1171 2982 lnquam
1188 2897 1321 2976 directe,
1339 2896 1494 2960 nimirum

314 3041 354 3086 ea
369 3021 549 3087 intentione
564 3027 600 3088 ut
614 3022 712 3088 index
727 3031 794 3088 tum
811 3043 907 3090 unam
921 3029 988 3088 tum
1005 3024 1141 3088 alteram
1165 3041 1294 3087 causam
1310 3020 1496 3086 decernere

313 3143 440 3210 debeat.
457 3148 555 3212 -In
573 3146 656 3230 quod
680 3147 876 3231 propositum
900 3145 1116 3211 revocandum
1141 3150 1198 3211 est.
1222 3145 1302 3208 iuris
1324 3143 1494 3212 orontium.

314 3269 439 3335 scilicet
464 3271 649 3355 imprudens
672 3291 753 3352 esse,
773 3271 873 3336 solam
894 3274 1077 3338 instaurare
1099 3273 1258 3338 actionem
1281 3267 1493 3352 petitoriam,

312 3393 439 3477 quando
447 3396 519 3478 quis
530 3396 659 3460 insimul
668 3397 808 3482 experiri
819 3395 906 3462 valet
918 3395 1045 3480 aliquod
1060 3395 1234 3461 remedium
1246 3392 1492 3478 possessorium.

401 3515 478 3581 246.
500 3517 586 3583 Hinc
602 3519 683 3592 iura,
699 3524 736 3583 ut
749 3519 976 3604 prospicerent
991 3518 1120 3582 utilitati
1135 3517 1274 3602 partium
1291 3517 1397 3581 minus
1412 3533 1493 3580 con·

403 3763 443 3832 (l)
463 3763 508 3816 lus
526 3779 586 3817 can.
607 3763 635 3814 in
655 3763 841 3832 permittenda
867 3762 1022 3816 huiusmodi
1047 3763 1188 3816 actionum
1212 3759 1424 3816 coacervatione
1449 3775 1496 3813 sc-

314 3873 411 3922 cutum
430 3869 535 3924 estius
554 3886 621 3922 rom.
639 3896 675 3910 -
695 3869 757 3922 lura
775 3869 827 3922 civ.
847 3868 989 3936 hodierna,
1008 3869 1074 3939 quia
1090 3867 1214 3922 funditus
1229 3867 1428 3920 subverterunt
1446 3863 1494 3917 iu·

315 3975 446 4029 stitutum
465 3975 663 4044 possessorium
683 3991 761 4040 ram,
780 3980 915 4044 respuunt
934 3974 1008 4030 hunc
1026 3975 1176 4030 cumulum.
1192 3974 1263 4028 Nam
1282 3973 1359 4026 hisce
1380 3971 1495 4041 legibus

316 4085 449 4138 indicium
473 4086 656 4156 possessionis
683 4086 897 4154 recuperandae
924 4085 1041 4138 interest
1066 4083 1194 4154 publicae
1221 4081 1435 4153 tranquillitatis
1462 4085 1496 4134 ct

312 4190 459 4246 celerrime
472 4191 674 4263 quamprimum
694 4191 896 4260 expediendum
915 4195 964 4246 est.
985 4191 1301 4270 iudicione-atinendce
1320 4201 1418 4260 parum
1436 4185 1495 4239 dil-

311 4298 368 4352 t‘ert
386 4315 403 4351 a
421 4297 560 4366 petitorio.
580 4297 623 4350 Cf.
643 4297 797 4364 Muttinem,
817 4298 835 4350 l.
856 4317 881 4352 c.
895 4315 922 4350 o.
936 4297 1006 4350 293.
1027 4297 1066 4349 Cf.
1081 4295 1175 4350 Dallnz
1195 4313 1238 4368 op.
1252 4297 1296 4350 cit.
1312 4295 1493 4350 rewadient

310 4408 489 4476 posscssoire.
