<?xml version="1.0" encoding="UTF-8"?>
<!DOCTYPE html PUBLIC "-//W3C//DTD XHTML 1.0 Transitional//EN"
    "http://www.w3.org/TR/xhtml1/DTD/xhtml1-transitional.dtd">
<html xmlns="http://www.w3.org/1999/xhtml" xml:lang="en" lang="en">
 <head>
  <title>
</title>
<meta http-equiv="Content-Type" content="text/html;charset=utf-8" />
  <meta name='ocr-system' content='tesseract 3.04.00' />
  <meta name='ocr-capabilities' content='ocr_page ocr_carea ocr_par ocr_line ocrx_word'/>
</head>
<body>
  <div class='ocr_page' id='page_1' title='image "./praelectionesin01legagoog_0246.png"; bbox 0 0 3350 5117; ppageno 0'>
   <div class='ocr_carea' id='block_1_1' title="bbox 307 273 975 341">
    <p class='ocr_par' dir='ltr' id='par_1_1' title="bbox 307 273 975 341">
     <span class='ocr_line' id='line_1_1' title="bbox 307 273 975 341; baseline -0.004 -1"><span class='ocrx_word' id='word_1_1' title='bbox 307 273 376 341; x_wconf 79' lang='lat'><strong>244</strong></span> <span class='ocrx_word' id='word_1_2' title='bbox 844 291 928 340; x_wconf 80' lang='lat' dir='ltr'><strong>rsus</strong></span> <span class='ocrx_word' id='word_1_3' title='bbox 953 291 975 338; x_wconf 89' lang='lat' dir='ltr'><strong>r.</strong></span> 
     </span>
    </p>
   </div>
   <div class='ocr_carea' id='block_1_2' title="bbox 306 415 1493 1374">
    <p class='ocr_par' dir='ltr' id='par_1_2' title="bbox 306 415 1493 1123">
     <span class='ocr_line' id='line_1_2' title="bbox 401 415 1492 500; baseline -0.005 -18"><span class='ocrx_word' id='word_1_4' title='bbox 401 417 478 483; x_wconf 84' lang='lat' dir='ltr'><strong>Post</strong></span> <span class='ocrx_word' id='word_1_5' title='bbox 504 423 643 483; x_wconf 70' lang='lat' dir='ltr'><strong>sautem</strong></span> <span class='ocrx_word' id='word_1_6' title='bbox 673 417 840 482; x_wconf 79' lang='lat' dir='ltr'>classicam</span> <span class='ocrx_word' id='word_1_7' title='bbox 872 417 952 482; x_wconf 92' lang='lat' dir='ltr'><strong>iuris</strong></span> <span class='ocrx_word' id='word_1_8' title='bbox 979 415 1214 492; x_wconf 88' lang='lat' dir='ltr'><strong>Decretalium,</strong></span> <span class='ocrx_word' id='word_1_9' title='bbox 1246 433 1329 500; x_wconf 90' lang='lat' dir='ltr'><strong>quae</strong></span> <span class='ocrx_word' id='word_1_10' title='bbox 1360 415 1492 500; x_wconf 82' lang='lat' dir='ltr'><strong>sapien-</strong></span> 
     </span>
     <span class='ocr_line' id='line_1_3' title="bbox 307 537 1488 625; baseline -0.006 -19"><span class='ocrx_word' id='word_1_11' title='bbox 307 541 442 615; x_wconf 86' lang='lat' dir='ltr'><strong>tissime,</strong></span> <span class='ocrx_word' id='word_1_12' title='bbox 468 539 549 605; x_wconf 89' lang='lat' dir='ltr'><strong>duce</strong></span> <span class='ocrx_word' id='word_1_13' title='bbox 572 541 743 624; x_wconf 84' lang='lat' dir='ltr'><strong>aequitate,</strong></span> <span class='ocrx_word' id='word_1_14' title='bbox 761 539 972 625; x_wconf 78' lang='lat' dir='ltr'><strong>perfecerunt</strong></span> <span class='ocrx_word' id='word_1_15' title='bbox 987 539 1164 604; x_wconf 87' lang='lat' dir='ltr'><strong>institutum</strong></span> <span class='ocrx_word' id='word_1_16' title='bbox 1180 537 1410 623; x_wconf 84' lang='lat' dir='ltr'>possessorium</span> <span class='ocrx_word' id='word_1_17' title='bbox 1435 555 1488 600; x_wconf 92' lang='lat' dir='ltr'><strong>ro·</strong></span> 
     </span>
     <span class='ocr_line' id='line_1_4' title="bbox 307 663 1493 752; baseline -0.003 -20"><span class='ocrx_word' id='word_1_18' title='bbox 307 687 449 747; x_wconf 89' lang='lat' dir='ltr'><strong>manum,</strong></span> <span class='ocrx_word' id='word_1_19' title='bbox 464 666 620 732; x_wconf 89' lang='lat' dir='ltr'><strong>successit</strong></span> <span class='ocrx_word' id='word_1_20' title='bbox 634 665 774 730; x_wconf 86' lang='lat' dir='ltr'><strong>forensis</strong></span> <span class='ocrx_word' id='word_1_21' title='bbox 790 664 1052 752; x_wconf 91' lang='lat' dir='ltr'><strong>iurisprudentia,</strong></span> <span class='ocrx_word' id='word_1_22' title='bbox 1069 665 1259 750; x_wconf 86' lang='lat' dir='ltr'><strong>praesertim</strong></span> <span class='ocrx_word' id='word_1_23' title='bbox 1274 663 1388 737; x_wconf 87' lang='lat' dir='ltr'><strong>civilis,</strong></span> <span class='ocrx_word' id='word_1_24' title='bbox 1405 681 1493 748; x_wconf 90' lang='lat' dir='ltr'><strong>quae</strong></span> 
     </span>
     <span class='ocr_line' id='line_1_5' title="bbox 311 788 1487 876; baseline -0.004 -19"><span class='ocrx_word' id='word_1_25' title='bbox 311 812 377 857; x_wconf 93' lang='lat' dir='ltr'><strong>non</strong></span> <span class='ocrx_word' id='word_1_26' title='bbox 400 790 583 876; x_wconf 76' lang='lat' dir='ltr'>percipiens</span> <span class='ocrx_word' id='word_1_27' title='bbox 598 788 881 874; x_wconf 78' lang='lat' dir='ltr'><strong>profundissimam</strong></span> <span class='ocrx_word' id='word_1_28' title='bbox 905 796 938 856; x_wconf 90' lang='lat' dir='ltr'><strong>el</strong></span> <span class='ocrx_word' id='word_1_29' title='bbox 960 789 1108 856; x_wconf 91' lang='lat' dir='ltr'><strong>subtilem</strong></span> <span class='ocrx_word' id='word_1_30' title='bbox 1124 789 1304 856; x_wconf 79' lang='lat' dir='ltr'><strong>doctrinam</strong></span> <span class='ocrx_word' id='word_1_31' title='bbox 1319 807 1487 854; x_wconf 81' lang='lat' dir='ltr'><strong>romanam</strong></span> 
     </span>
     <span class='ocr_line' id='line_1_6' title="bbox 306 911 1492 1001; baseline -0.002 -21"><span class='ocrx_word' id='word_1_32' title='bbox 306 915 350 982; x_wconf 87' lang='lat' dir='ltr'><strong>de</strong></span> <span class='ocrx_word' id='word_1_33' title='bbox 371 914 523 980; x_wconf 85' lang='lat' dir='ltr'><strong>remediis</strong></span> <span class='ocrx_word' id='word_1_34' title='bbox 544 915 758 1001; x_wconf 81' lang='lat' dir='ltr'><strong>possessoriis,</strong></span> <span class='ocrx_word' id='word_1_35' title='bbox 774 916 892 980; x_wconf 91' lang='lat' dir='ltr'><strong>sensim</strong></span> <span class='ocrx_word' id='word_1_36' title='bbox 909 914 995 982; x_wconf 93' lang='lat' dir='ltr'><strong>hanc</strong></span> <span class='ocrx_word' id='word_1_37' title='bbox 1010 913 1178 1000; x_wconf 83' lang='lat' dir='ltr'><strong>pervertit</strong></span> <span class='ocrx_word' id='word_1_38' title='bbox 1194 913 1281 978; x_wconf 87' lang='lat' dir='ltr'><strong>inter</strong></span> <span class='ocrx_word' id='word_1_39' title='bbox 1303 911 1492 978; x_wconf 69' lang='lat' dir='ltr'><strong>secondum</strong></span> 
     </span>
     <span class='ocr_line' id='line_1_7' title="bbox 307 1038 1385 1123; baseline -0.006 -16"><span class='ocrx_word' id='word_1_40' title='bbox 307 1041 389 1107; x_wconf 89' lang='lat' dir='ltr'><strong>dens</strong></span> <span class='ocrx_word' id='word_1_41' title='bbox 412 1046 445 1106; x_wconf 89' lang='lat' dir='ltr'><strong>et</strong></span> <span class='ocrx_word' id='word_1_42' title='bbox 467 1039 603 1106; x_wconf 87' lang='lat' dir='ltr'><strong>flectens</strong></span> <span class='ocrx_word' id='word_1_43' title='bbox 624 1041 658 1104; x_wconf 93' lang='lat' dir='ltr'><strong>in</strong></span> <span class='ocrx_word' id='word_1_44' title='bbox 681 1059 797 1105; x_wconf 87' lang='lat' dir='ltr'><strong>novam</strong></span> <span class='ocrx_word' id='word_1_45' title='bbox 821 1040 959 1105; x_wconf 78' lang='lat' dir='ltr'><strong>formam</strong></span> <span class='ocrx_word' id='word_1_46' title='bbox 981 1039 1156 1104; x_wconf 86' lang='lat' dir='ltr'><strong>interdicta</strong></span> <span class='ocrx_word' id='word_1_47' title='bbox 1178 1038 1385 1123; x_wconf 83' lang='lat' dir='ltr'><strong>possessoris.</strong></span> 
     </span>
    </p>

    <p class='ocr_par' dir='ltr' id='par_1_3' title="bbox 306 1162 1489 1374">
     <span class='ocr_line' id='line_1_8' title="bbox 397 1162 1489 1230; baseline -0.005 0"><span class='ocrx_word' id='word_1_48' title='bbox 397 1165 529 1230; x_wconf 84' lang='lat' dir='ltr'><strong>Revera</strong></span> <span class='ocrx_word' id='word_1_49' title='bbox 551 1165 584 1228; x_wconf 93' lang='lat' dir='ltr'><strong>in</strong></span> <span class='ocrx_word' id='word_1_50' title='bbox 608 1165 708 1230; x_wconf 86' lang='lat' dir='ltr'><strong>curiis</strong></span> <span class='ocrx_word' id='word_1_51' title='bbox 738 1163 886 1229; x_wconf 86' lang='lat' dir='ltr'><strong>civilibus</strong></span> <span class='ocrx_word' id='word_1_52' title='bbox 916 1165 979 1229; x_wconf 90' lang='lat' dir='ltr'><strong>iam</strong></span> <span class='ocrx_word' id='word_1_53' title='bbox 1002 1183 1023 1228; x_wconf 89' lang='lat' dir='ltr'><strong>a</strong></span> <span class='ocrx_word' id='word_1_54' title='bbox 1046 1162 1175 1228; x_wconf 89' lang='lat' dir='ltr'><strong>saeculo</strong></span> <span class='ocrx_word' id='word_1_55' title='bbox 1199 1181 1264 1228; x_wconf 87' lang='lat' dir='ltr'>x111</span> <span class='ocrx_word' id='word_1_56' title='bbox 1289 1165 1323 1226; x_wconf 89' lang='lat' dir='ltr'><strong>et</strong></span> <span class='ocrx_word' id='word_1_57' title='bbox 1344 1179 1408 1227; x_wconf 84' lang='lat' dir='ltr'><strong>xrv</strong></span> <span class='ocrx_word' id='word_1_58' title='bbox 1432 1179 1489 1224; x_wconf 91' lang='lat' dir='ltr'><strong>re·</strong></span> 
     </span>
     <span class='ocr_line' id='line_1_9' title="bbox 306 1287 1488 1374; baseline -0.004 -18"><span class='ocrx_word' id='word_1_59' title='bbox 306 1288 414 1356; x_wconf 90' lang='lat' dir='ltr'><strong>media</strong></span> <span class='ocrx_word' id='word_1_60' title='bbox 438 1289 662 1374; x_wconf 80' lang='lat' dir='ltr'><strong>possessionis</strong></span> <span class='ocrx_word' id='word_1_61' title='bbox 691 1289 951 1373; x_wconf 76' lang='lat' dir='ltr'><strong>recuperandae</strong></span> <span class='ocrx_word' id='word_1_62' title='bbox 980 1292 1037 1354; x_wconf 87' lang='lat' dir='ltr'><strong>aut</strong></span> <span class='ocrx_word' id='word_1_63' title='bbox 1063 1287 1260 1355; x_wconf 75' lang='lat' dir='ltr'><strong>retinendae</strong></span> <span class='ocrx_word' id='word_1_64' title='bbox 1283 1287 1488 1371; x_wconf 79' lang='lat' dir='ltr'><strong>frequentari</strong></span> 
     </span>
    </p>
   </div>
   <div class='ocr_carea' id='block_1_3' title="bbox 305 1409 1489 1620">
    <p class='ocr_par' dir='ltr' id='par_1_4' title="bbox 305 1409 1489 1620">
     <span class='ocr_line' id='line_1_10' title="bbox 306 1409 1489 1499; baseline -0.002 -21"><span class='ocrx_word' id='word_1_65' title='bbox 306 1419 486 1499; x_wconf 90' lang='lat' dir='ltr'><strong>coeperunt</strong></span> <span class='ocrx_word' id='word_1_66' title='bbox 508 1413 550 1478; x_wconf 89' lang='lat' dir='ltr'><strong>ad</strong></span> <span class='ocrx_word' id='word_1_67' title='bbox 573 1413 788 1479; x_wconf 83' lang='lat' dir='ltr'><strong>removendas</strong></span> <span class='ocrx_word' id='word_1_68' title='bbox 814 1411 935 1484; x_wconf 82' lang='lat' dir='ltr'><strong>turbas,</strong></span> <span class='ocrx_word' id='word_1_69' title='bbox 953 1432 1055 1496; x_wconf 90' lang='lat' dir='ltr'><strong>quare</strong></span> <span class='ocrx_word' id='word_1_70' title='bbox 1077 1412 1257 1499; x_wconf 88' lang='lat' dir='ltr'><strong>appositum</strong></span> <span class='ocrx_word' id='word_1_71' title='bbox 1281 1409 1489 1477; x_wconf 89' lang='lat' dir='ltr'><strong>interdictum</strong></span> 
     </span>
     <span class='ocr_line' id='line_1_11' title="bbox 305 1529 1488 1620; baseline -0.003 -22"><span class='ocrx_word' id='word_1_72' title='bbox 305 1529 456 1599; x_wconf 84' lang='lat' dir='ltr'><strong>effectum</strong></span> <span class='ocrx_word' id='word_1_73' title='bbox 468 1539 518 1599; x_wconf 87' lang='lat' dir='ltr'><strong>est</strong></span> <span class='ocrx_word' id='word_1_74' title='bbox 528 1534 704 1600; x_wconf 89' lang='lat' dir='ltr'><strong>remedium</strong></span> <span class='ocrx_word' id='word_1_75' title='bbox 720 1531 868 1620; x_wconf 89' lang='lat' dir='ltr'><strong>publicae</strong></span> <span class='ocrx_word' id='word_1_76' title='bbox 884 1533 1134 1618; x_wconf 80' lang='lat' dir='ltr'><strong>tranquillitatis,</strong></span> <span class='ocrx_word' id='word_1_77' title='bbox 1151 1532 1191 1597; x_wconf 91' lang='lat' dir='ltr'><strong>ad</strong></span> <span class='ocrx_word' id='word_1_78' title='bbox 1207 1552 1302 1616; x_wconf 88' lang='lat' dir='ltr'><strong>quam</strong></span> <span class='ocrx_word' id='word_1_79' title='bbox 1317 1531 1488 1596; x_wconf 83' lang='lat' dir='ltr'><strong>tutandam</strong></span> 
     </span>
    </p>
   </div>
   <div class='ocr_carea' id='block_1_4' title="bbox 301 1656 1490 2868">
    <p class='ocr_par' dir='ltr' id='par_1_5' title="bbox 302 1656 1490 2619">
     <span class='ocr_line' id='line_1_12' title="bbox 306 1656 1486 1738; baseline -0.001 -16"><span class='ocrx_word' id='word_1_80' title='bbox 306 1658 490 1725; x_wconf 91' lang='lat' dir='ltr'><strong>consultum</strong></span> <span class='ocrx_word' id='word_1_81' title='bbox 513 1660 574 1724; x_wconf 88' lang='lat' dir='ltr'><strong>tuit</strong></span> <span class='ocrx_word' id='word_1_82' title='bbox 596 1664 631 1724; x_wconf 89' lang='lat' dir='ltr'><strong>ut</strong></span> <span class='ocrx_word' id='word_1_83' title='bbox 655 1659 826 1724; x_wconf 88' lang='lat' dir='ltr'><strong>celerrime</strong></span> <span class='ocrx_word' id='word_1_84' title='bbox 844 1659 950 1732; x_wconf 86' lang='lat' dir='ltr'><strong>iudex,</strong></span> <span class='ocrx_word' id='word_1_85' title='bbox 966 1658 1116 1725; x_wconf 86' lang='lat' dir='ltr'><strong>adhibitis</strong></span> <span class='ocrx_word' id='word_1_86' title='bbox 1133 1660 1228 1726; x_wconf 90' lang='lat' dir='ltr'><strong>etiam</strong></span> <span class='ocrx_word' id='word_1_87' title='bbox 1244 1656 1421 1738; x_wconf 86' lang='lat' dir='ltr'><strong>lictoribus,</strong></span> <span class='ocrx_word' id='word_1_88' title='bbox 1438 1676 1486 1721; x_wconf 92' lang='lat' dir='ltr'><strong>as·</strong></span> 
     </span>
     <span class='ocr_line' id='line_1_13' title="bbox 305 1782 1488 1869; baseline 0 -23"><span class='ocrx_word' id='word_1_89' title='bbox 305 1787 450 1848; x_wconf 87' lang='lat' dir='ltr'><strong>sumeret</strong></span> <span class='ocrx_word' id='word_1_90' title='bbox 472 1786 679 1848; x_wconf 83' lang='lat' dir='ltr'><strong>summarium</strong></span> <span class='ocrx_word' id='word_1_91' title='bbox 702 1783 892 1849; x_wconf 84' lang='lat' dir='ltr'><strong>deturbatae</strong></span> <span class='ocrx_word' id='word_1_92' title='bbox 915 1785 1123 1869; x_wconf 90' lang='lat' dir='ltr'><strong>possessionis</strong></span> <span class='ocrx_word' id='word_1_93' title='bbox 1153 1783 1298 1848; x_wconf 91' lang='lat' dir='ltr'><strong>notitiam</strong></span> <span class='ocrx_word' id='word_1_94' title='bbox 1322 1788 1355 1846; x_wconf 92' lang='lat' dir='ltr'><strong>et</strong></span> <span class='ocrx_word' id='word_1_95' title='bbox 1377 1782 1488 1847; x_wconf 85' lang='lat' dir='ltr'><strong>statim</strong></span> 
     </span>
     <span class='ocr_line' id='line_1_14' title="bbox 304 1909 1490 1997; baseline -0.003 -20"><span class='ocrx_word' id='word_1_96' title='bbox 304 1910 510 1984; x_wconf 85' lang='lat' dir='ltr'><strong>decerneret,</strong></span> <span class='ocrx_word' id='word_1_97' title='bbox 525 1911 654 1994; x_wconf 91' lang='lat' dir='ltr'><strong>quinam</strong></span> <span class='ocrx_word' id='word_1_98' title='bbox 671 1931 714 1976; x_wconf 82' lang='lat' dir='ltr'><strong>ex</strong></span> <span class='ocrx_word' id='word_1_99' title='bbox 737 1910 1003 1977; x_wconf 89' lang='lat' dir='ltr'><strong>contendentibus</strong></span> <span class='ocrx_word' id='word_1_100' title='bbox 1018 1912 1250 1997; x_wconf 90' lang='lat' dir='ltr'><strong>possessionem</strong></span> <span class='ocrx_word' id='word_1_101' title='bbox 1267 1909 1413 1977; x_wconf 89' lang='lat' dir='ltr'><strong>obtinere</strong></span> <span class='ocrx_word' id='word_1_102' title='bbox 1429 1913 1490 1974; x_wconf 89' lang='lat' dir='ltr'><strong>aut</strong></span> 
     </span>
     <span class='ocr_line' id='line_1_15' title="bbox 304 2035 1489 2120; baseline -0.002 -18"><span class='ocrx_word' id='word_1_103' title='bbox 304 2038 451 2102; x_wconf 90' lang='lat' dir='ltr'><strong>retinere</strong></span> <span class='ocrx_word' id='word_1_104' title='bbox 466 2035 609 2102; x_wconf 86' lang='lat' dir='ltr'><strong>deberet:</strong></span> <span class='ocrx_word' id='word_1_105' title='bbox 627 2036 746 2102; x_wconf 91' lang='lat' dir='ltr'><strong>dictum</strong></span> <span class='ocrx_word' id='word_1_106' title='bbox 766 2042 816 2102; x_wconf 88' lang='lat' dir='ltr'><strong>est</strong></span> <span class='ocrx_word' id='word_1_107' title='bbox 825 2037 1075 2120; x_wconf 82' lang='lat' dir='ltr'><strong>possessorium</strong></span> <span class='ocrx_word' id='word_1_108' title='bbox 1090 2035 1422 2104; x_wconf 76' lang='lat' dir='ltr'><strong>summanissimuna.</strong></span> <span class='ocrx_word' id='word_1_109' title='bbox 1440 2070 1489 2084; x_wconf 91' lang='lat'>-</span> 
     </span>
     <span class='ocr_line' id='line_1_16' title="bbox 303 2155 1485 2246; baseline -0.003 -20"><span class='ocrx_word' id='word_1_110' title='bbox 303 2159 368 2227; x_wconf 88' lang='lat' dir='ltr'><strong>Sed</strong></span> <span class='ocrx_word' id='word_1_111' title='bbox 391 2162 424 2226; x_wconf 92' lang='lat' dir='ltr'><strong>in</strong></span> <span class='ocrx_word' id='word_1_112' title='bbox 447 2161 521 2242; x_wconf 91' lang='lat' dir='ltr'><strong>hoc,</strong></span> <span class='ocrx_word' id='word_1_113' title='bbox 545 2161 591 2225; x_wconf 92' lang='lat' dir='ltr'><strong>uti</strong></span> <span class='ocrx_word' id='word_1_114' title='bbox 616 2160 739 2225; x_wconf 84' lang='lat' dir='ltr'><strong>olerum</strong></span> <span class='ocrx_word' id='word_1_115' title='bbox 763 2166 821 2234; x_wconf 84' lang='lat' dir='ltr'><strong>est,</strong></span> <span class='ocrx_word' id='word_1_116' title='bbox 847 2155 1012 2226; x_wconf 74' lang='lat' dir='ltr'><strong>euanescit</strong></span> <span class='ocrx_word' id='word_1_117' title='bbox 1035 2164 1209 2246; x_wconf 88' lang='lat' dir='ltr'><strong>conceptus</strong></span> <span class='ocrx_word' id='word_1_118' title='bbox 1225 2158 1387 2224; x_wconf 88' lang='lat' dir='ltr'><strong>interdicti</strong></span> <span class='ocrx_word' id='word_1_119' title='bbox 1410 2177 1485 2244; x_wconf 91' lang='lat' dir='ltr'><strong>pos·</strong></span> 
     </span>
     <span class='ocr_line' id='line_1_17' title="bbox 303 2281 1487 2367; baseline -0.002 -20"><span class='ocrx_word' id='word_1_120' title='bbox 303 2283 445 2357; x_wconf 89' lang='lat' dir='ltr'><strong>sessorii‚</strong></span> <span class='ocrx_word' id='word_1_121' title='bbox 462 2283 613 2348; x_wconf 90' lang='lat' dir='ltr'><strong>nimirum</strong></span> <span class='ocrx_word' id='word_1_122' title='bbox 630 2283 767 2349; x_wconf 89' lang='lat' dir='ltr'><strong>actionis</strong></span> <span class='ocrx_word' id='word_1_123' title='bbox 781 2281 903 2348; x_wconf 90' lang='lat' dir='ltr'><strong>ordinis</strong></span> <span class='ocrx_word' id='word_1_124' title='bbox 917 2284 1036 2367; x_wconf 84' lang='lat' dir='ltr'><strong>privati</strong></span> <span class='ocrx_word' id='word_1_125' title='bbox 1059 2289 1093 2349; x_wconf 89' lang='lat' dir='ltr'><strong>et</strong></span> <span class='ocrx_word' id='word_1_126' title='bbox 1115 2287 1262 2348; x_wconf 88' lang='lat' dir='ltr'><strong>remanet</strong></span> <span class='ocrx_word' id='word_1_127' title='bbox 1277 2281 1487 2346; x_wconf 90' lang='lat' dir='ltr'><strong>interdictum</strong></span> 
     </span>
     <span class='ocr_line' id='line_1_18' title="bbox 303 2405 1487 2491; baseline 0 -21"><span class='ocrx_word' id='word_1_128' title='bbox 303 2405 347 2471; x_wconf 80' lang='lat' dir='ltr'><strong>de</strong></span> <span class='ocrx_word' id='word_1_129' title='bbox 368 2405 403 2472; x_wconf 86' lang='lat' dir='ltr'><strong>ci</strong></span> <span class='ocrx_word' id='word_1_130' title='bbox 425 2411 572 2479; x_wconf 82' lang='lat' dir='ltr'><strong>arrunte,</strong></span> <span class='ocrx_word' id='word_1_131' title='bbox 593 2407 675 2491; x_wconf 92' lang='lat' dir='ltr'><strong>quod</strong></span> <span class='ocrx_word' id='word_1_132' title='bbox 699 2407 838 2472; x_wconf 84' lang='lat' dir='ltr'><strong>diximus</strong></span> <span class='ocrx_word' id='word_1_133' title='bbox 862 2426 926 2471; x_wconf 93' lang='lat' dir='ltr'><strong>non</strong></span> <span class='ocrx_word' id='word_1_134' title='bbox 955 2407 1188 2472; x_wconf 88' lang='lat' dir='ltr'><strong>recensendum</strong></span> <span class='ocrx_word' id='word_1_135' title='bbox 1218 2425 1289 2471; x_wconf 89' lang='lat' dir='ltr'><strong>esse</strong></span> <span class='ocrx_word' id='word_1_136' title='bbox 1320 2407 1408 2470; x_wconf 88' lang='lat' dir='ltr'><strong>inter</strong></span> <span class='ocrx_word' id='word_1_137' title='bbox 1430 2425 1487 2470; x_wconf 82' lang='lat' dir='ltr'><strong>re—</strong></span> 
     </span>
     <span class='ocr_line' id='line_1_19' title="bbox 302 2528 811 2619; baseline 0.004 -26"><span class='ocrx_word' id='word_1_138' title='bbox 302 2529 410 2594; x_wconf 88' lang='lat' dir='ltr'><strong>media</strong></span> <span class='ocrx_word' id='word_1_139' title='bbox 432 2543 512 2594; x_wconf 82' lang='lat' dir='ltr'><strong>sere</strong></span> <span class='ocrx_word' id='word_1_140' title='bbox 535 2531 732 2616; x_wconf 86' lang='lat' dir='ltr'><strong>possessorio</strong></span> <span class='ocrx_word' id='word_1_141' title='bbox 755 2528 811 2619; x_wconf 86' lang='grc'><strong>(1).</strong></span> 
     </span>
    </p>

    <p class='ocr_par' dir='ltr' id='par_1_6' title="bbox 301 2651 1487 2868">
     <span class='ocr_line' id='line_1_20' title="bbox 393 2651 1486 2742; baseline 0.003 -23"><span class='ocrx_word' id='word_1_142' title='bbox 393 2651 605 2720; x_wconf 85' lang='lat' dir='ltr'><strong>Interdictum</strong></span> <span class='ocrx_word' id='word_1_143' title='bbox 629 2674 709 2720; x_wconf 86' lang='lat' dir='ltr'><strong>vero</strong></span> <span class='ocrx_word' id='word_1_144' title='bbox 732 2655 775 2720; x_wconf 85' lang='lat' dir='ltr'><strong>de</strong></span> <span class='ocrx_word' id='word_1_145' title='bbox 797 2655 831 2720; x_wconf 86' lang='lat' dir='ltr'><strong>vi</strong></span> <span class='ocrx_word' id='word_1_146' title='bbox 852 2655 1000 2738; x_wconf 85' lang='lat' dir='ltr'><strong>simplici</strong></span> <span class='ocrx_word' id='word_1_147' title='bbox 1030 2676 1086 2721; x_wconf 90' lang='lat' dir='ltr'><strong>seu</strong></span> <span class='ocrx_word' id='word_1_148' title='bbox 1116 2655 1327 2742; x_wconf 81' lang='lat' dir='ltr'><strong>quotidiana,</strong></span> <span class='ocrx_word' id='word_1_149' title='bbox 1352 2659 1389 2722; x_wconf 86' lang='lat' dir='ltr'><strong>ut</strong></span> <span class='ocrx_word' id='word_1_150' title='bbox 1411 2675 1486 2722; x_wconf 86' lang='lat' dir='ltr'><strong>eam</strong></span> 
     </span>
     <span class='ocr_line' id='line_1_21' title="bbox 301 2777 1487 2868; baseline 0.006 -27"><span class='ocrx_word' id='word_1_151' title='bbox 301 2782 398 2843; x_wconf 80' lang='lat' dir='ltr'><strong>vocat</strong></span> <span class='ocrx_word' id='word_1_152' title='bbox 421 2777 534 2844; x_wconf 83' lang='lat' dir='ltr'><strong>Cicero</strong></span> <span class='ocrx_word' id='word_1_153' title='bbox 555 2798 622 2863; x_wconf 92' lang='lat' dir='ltr'><strong>pro</strong></span> <span class='ocrx_word' id='word_1_154' title='bbox 650 2778 742 2847; x_wconf 83' lang='lat' dir='ltr'><strong>Caco.</strong></span> <span class='ocrx_word' id='word_1_155' title='bbox 760 2779 866 2848; x_wconf 81' lang='lat'><strong><em>31-32</em></strong></span> <span class='ocrx_word' id='word_1_156' title='bbox 888 2781 928 2848; x_wconf 91' lang='lat' dir='ltr'><strong>ad</strong></span> <span class='ocrx_word' id='word_1_157' title='bbox 950 2783 1226 2865; x_wconf 86' lang='lat' dir='ltr'><strong>recuperandam</strong></span> <span class='ocrx_word' id='word_1_158' title='bbox 1249 2782 1487 2868; x_wconf 88' lang='lat' dir='ltr'><strong>possessionem</strong></span> 
     </span>
    </p>
   </div>
   <div class='ocr_carea' id='block_1_5' title="bbox 300 3005 1487 3499">
    <p class='ocr_par' dir='ltr' id='par_1_7' title="bbox 300 3005 1487 3499">
     <span class='ocr_line' id='line_1_22' title="bbox 392 3005 1484 3079; baseline 0.002 -19"><span class='ocrx_word' id='word_1_159' title='bbox 392 3005 433 3078; x_wconf 88' lang='lat' dir='ltr'><strong>(l)</strong></span> <span class='ocrx_word' id='word_1_160' title='bbox 461 3007 585 3061; x_wconf 85' lang='lat' dir='ltr'><strong>Primum</strong></span> <span class='ocrx_word' id='word_1_161' title='bbox 611 3009 760 3078; x_wconf 84' lang='lat' dir='ltr'><strong>vestigium</strong></span> <span class='ocrx_word' id='word_1_162' title='bbox 785 3007 942 3063; x_wconf 89' lang='lat' dir='ltr'><strong>huiusmodi</strong></span> <span class='ocrx_word' id='word_1_163' title='bbox 968 3025 1112 3078; x_wconf 86' lang='lat' dir='ltr'><strong>processus</strong></span> <span class='ocrx_word' id='word_1_164' title='bbox 1136 3009 1273 3079; x_wconf 87' lang='lat' dir='ltr'><strong>reperitur</strong></span> <span class='ocrx_word' id='word_1_165' title='bbox 1298 3010 1326 3063; x_wconf 93' lang='lat' dir='ltr'><strong>in</strong></span> <span class='ocrx_word' id='word_1_166' title='bbox 1350 3009 1484 3063; x_wconf 87' lang='lat' dir='ltr'><strong>Durantis</strong></span> 
     </span>
     <span class='ocr_line' id='line_1_23' title="bbox 305 3110 1481 3184; baseline 0.007 -24"><span class='ocrx_word' id='word_1_167' title='bbox 305 3110 435 3181; x_wconf 81' lang='lat' dir='ltr'><strong>Speculo,</strong></span> <span class='ocrx_word' id='word_1_168' title='bbox 447 3111 493 3165; x_wconf 86' lang='lat' dir='ltr'><strong>lib.</strong></span> <span class='ocrx_word' id='word_1_169' title='bbox 502 3110 542 3178; x_wconf 92' lang='grc' dir='ltr'><strong>ΙΙ,</strong></span> <span class='ocrx_word' id='word_1_170' title='bbox 552 3111 582 3166; x_wconf 92' lang='lat' dir='ltr'><strong>P.</strong></span> <span class='ocrx_word' id='word_1_171' title='bbox 591 3111 615 3178; x_wconf 85' lang='lat'><strong>1,</strong></span> <span class='ocrx_word' id='word_1_172' title='bbox 629 3114 826 3184; x_wconf 69' lang='lat' dir='ltr'><strong>surrepetur</strong></span> <span class='ocrx_word' id='word_1_173' title='bbox 837 3129 913 3183; x_wconf 88' lang='lat' dir='ltr'><strong>poss.</strong></span> <span class='ocrx_word' id='word_1_174' title='bbox 924 3119 941 3178; x_wconf 63' lang='grc' dir='ltr'><strong>,ἓ</strong></span> <span class='ocrx_word' id='word_1_175' title='bbox 954 3113 975 3180; x_wconf 82' lang='lat'><strong>1,</strong></span> <span class='ocrx_word' id='word_1_176' title='bbox 989 3131 1015 3167; x_wconf 90' lang='lat' dir='ltr'><strong>n.</strong></span> <span class='ocrx_word' id='word_1_177' title='bbox 1026 3114 1069 3166; x_wconf 80' lang='grc'><strong>38</strong></span> <span class='ocrx_word' id='word_1_178' title='bbox 1082 3118 1110 3169; x_wconf 86' lang='lat' dir='ltr'><strong>et</strong></span> <span class='ocrx_word' id='word_1_179' title='bbox 1122 3115 1169 3168; x_wconf 85' lang='lat' dir='ltr'><strong>lib.</strong></span> <span class='ocrx_word' id='word_1_180' title='bbox 1179 3113 1195 3166; x_wconf 92' lang='lat'><em>1</em></span> <span class='ocrx_word' id='word_1_181' title='bbox 1202 3114 1229 3180; x_wconf 86' lang='lat' dir='ltr'><strong>V,</strong></span> <span class='ocrx_word' id='word_1_182' title='bbox 1237 3113 1268 3167; x_wconf 90' lang='lat' dir='ltr'><strong>P.</strong></span> <span class='ocrx_word' id='word_1_183' title='bbox 1276 3113 1316 3180; x_wconf 87' lang='grc' dir='ltr'><strong>ΙΙ,</strong></span> <span class='ocrx_word' id='word_1_184' title='bbox 1326 3115 1365 3166; x_wconf 84' lang='lat' dir='ltr'><strong>tit.</strong></span> <span class='ocrx_word' id='word_1_185' title='bbox 1378 3113 1419 3167; x_wconf 83' lang='lat' dir='ltr'><strong>De</strong></span> <span class='ocrx_word' id='word_1_186' title='bbox 1434 3114 1481 3168; x_wconf 83' lang='lat' dir='ltr'><strong>lib.</strong></span> 
     </span>
     <span class='ocr_line' id='line_1_24' title="bbox 301 3199 1487 3290; baseline 0.004 -20"><span class='ocrx_word' id='word_1_187' title='bbox 301 3199 425 3288; x_wconf 79' lang='lat' dir='ltr'><strong>concept.</strong></span> <span class='ocrx_word' id='word_1_188' title='bbox 439 3221 457 3282; x_wconf 68' lang='grc'><strong>5</strong></span> <span class='ocrx_word' id='word_1_189' title='bbox 472 3217 500 3283; x_wconf 87' lang='grc'><strong>9,</strong></span> <span class='ocrx_word' id='word_1_190' title='bbox 512 3236 538 3270; x_wconf 81' lang='lat' dir='ltr'><strong>n</strong></span> <span class='ocrx_word' id='word_1_191' title='bbox 552 3219 602 3286; x_wconf 84' lang='lat'><strong>22,</strong></span> <span class='ocrx_word' id='word_1_192' title='bbox 615 3223 645 3273; x_wconf 87' lang='lat' dir='ltr'><strong>et</strong></span> <span class='ocrx_word' id='word_1_193' title='bbox 663 3217 733 3273; x_wconf 89' lang='lat' dir='ltr'><strong>haec</strong></span> <span class='ocrx_word' id='word_1_194' title='bbox 747 3217 911 3288; x_wconf 87' lang='lat' dir='ltr'><strong>procedendi</strong></span> <span class='ocrx_word' id='word_1_195' title='bbox 924 3219 996 3274; x_wconf 88' lang='lat' dir='ltr'><strong>ratio</strong></span> <span class='ocrx_word' id='word_1_196' title='bbox 1009 3219 1081 3290; x_wconf 84' lang='lat' dir='ltr'><strong>apud</strong></span> <span class='ocrx_word' id='word_1_197' title='bbox 1094 3220 1186 3288; x_wconf 85' lang='lat' dir='ltr'><strong>ltalos,</strong></span> <span class='ocrx_word' id='word_1_198' title='bbox 1199 3222 1362 3276; x_wconf 85' lang='lat' dir='ltr'><strong>mandatum</strong></span> <span class='ocrx_word' id='word_1_199' title='bbox 1375 3221 1410 3274; x_wconf 83' lang='lat' dir='ltr'><strong>de</strong></span> <span class='ocrx_word' id='word_1_200' title='bbox 1422 3239 1487 3275; x_wconf 83' lang='lat' dir='ltr'><strong>ma-</strong></span> 
     </span>
     <span class='ocr_line' id='line_1_25' title="bbox 300 3319 1482 3393; baseline 0.005 -21"><span class='ocrx_word' id='word_1_201' title='bbox 300 3322 471 3386; x_wconf 82' lang='lat' dir='ltr'><strong>nutenendo,</strong></span> <span class='ocrx_word' id='word_1_202' title='bbox 484 3322 555 3392; x_wconf 90' lang='lat' dir='ltr'><strong>apud</strong></span> <span class='ocrx_word' id='word_1_203' title='bbox 569 3320 664 3377; x_wconf 90' lang='lat' dir='ltr'><strong>Gallos</strong></span> <span class='ocrx_word' id='word_1_204' title='bbox 680 3319 875 3389; x_wconf 82' lang='lat' dir='ltr'><strong>Recredentio,</strong></span> <span class='ocrx_word' id='word_1_205' title='bbox 888 3323 960 3393; x_wconf 87' lang='lat' dir='ltr'><strong>apud</strong></span> <span class='ocrx_word' id='word_1_206' title='bbox 974 3323 1111 3393; x_wconf 84' lang='lat' dir='ltr'><strong>Hispanos</strong></span> <span class='ocrx_word' id='word_1_207' title='bbox 1122 3323 1212 3378; x_wconf 74' lang='lat' dir='ltr'><strong>luicio</strong></span> <span class='ocrx_word' id='word_1_208' title='bbox 1225 3327 1261 3379; x_wconf 82' lang='lat' dir='ltr'><strong>de</strong></span> <span class='ocrx_word' id='word_1_209' title='bbox 1278 3325 1391 3379; x_wconf 65' lang='lat' dir='ltr'><strong>emerim</strong></span> <span class='ocrx_word' id='word_1_210' title='bbox 1406 3324 1482 3378; x_wconf 86' lang='lat' dir='ltr'><strong>dicta</strong></span> 
     </span>
     <span class='ocr_line' id='line_1_26' title="bbox 300 3422 1484 3499; baseline 0.007 -23"><span class='ocrx_word' id='word_1_211' title='bbox 300 3422 362 3477; x_wconf 81' lang='lat' dir='ltr'><strong>suit.</strong></span> <span class='ocrx_word' id='word_1_212' title='bbox 375 3450 412 3465; x_wconf 91' lang='lat'>-</span> <span class='ocrx_word' id='word_1_213' title='bbox 426 3423 600 3494; x_wconf 89' lang='lat' dir='ltr'><strong>Van-Espen.</strong></span> <span class='ocrx_word' id='word_1_214' title='bbox 621 3443 737 3497; x_wconf 81' lang='lat' dir='ltr'><strong>apaan</strong></span> <span class='ocrx_word' id='word_1_215' title='bbox 751 3427 829 3481; x_wconf 84' lang='lat' dir='ltr'><strong>Part.</strong></span> <span class='ocrx_word' id='word_1_216' title='bbox 844 3427 899 3495; x_wconf 85' lang='grc' dir='ltr'><em>ΙΙΙ,</em></span> <span class='ocrx_word' id='word_1_217' title='bbox 913 3430 954 3481; x_wconf 83' lang='lat' dir='ltr'><strong>ru.</strong></span> <span class='ocrx_word' id='word_1_218' title='bbox 966 3431 995 3495; x_wconf 78' lang='lat'><strong>2,</strong></span> <span class='ocrx_word' id='word_1_219' title='bbox 1012 3447 1034 3484; x_wconf 90' lang='lat' dir='ltr'><strong>c.</strong></span> <span class='ocrx_word' id='word_1_220' title='bbox 1049 3427 1069 3482; x_wconf 78' lang='lat'><em>4</em></span> <span class='ocrx_word' id='word_1_221' title='bbox 1088 3429 1210 3498; x_wconf 83' lang='lat' dir='ltr'><strong>explicat</strong></span> <span class='ocrx_word' id='word_1_222' title='bbox 1228 3428 1302 3483; x_wconf 90' lang='lat' dir='ltr'><strong>hunc</strong></span> <span class='ocrx_word' id='word_1_223' title='bbox 1322 3445 1484 3499; x_wconf 86' lang='lat' dir='ltr'><strong>processum</strong></span> 
     </span>
    </p>
   </div>
   <div class='ocr_carea' id='block_1_6' title="bbox 300 3511 1486 3607">
    <p class='ocr_par' dir='ltr' id='par_1_8' title="bbox 300 3511 1486 3607">
     <span class='ocr_line' id='line_1_27' title="bbox 300 3511 1486 3607; baseline 0.008 -24"><span class='ocrx_word' id='word_1_224' title='bbox 300 3511 597 3603; x_wconf 73' lang='lat' dir='ltr'><strong>recredcbtiae,quem</strong></span> <span class='ocrx_word' id='word_1_225' title='bbox 616 3536 710 3588; x_wconf 87' lang='lat' dir='ltr'><strong>tamen</strong></span> <span class='ocrx_word' id='word_1_226' title='bbox 729 3535 816 3588; x_wconf 81' lang='lat' dir='ltr'><strong>refert</strong></span> <span class='ocrx_word' id='word_1_227' title='bbox 835 3539 901 3588; x_wconf 88' lang='lat' dir='ltr'><strong>tuuc</strong></span> <span class='ocrx_word' id='word_1_228' title='bbox 920 3535 1054 3605; x_wconf 85' lang='lat' dir='ltr'><strong>temporis</strong></span> <span class='ocrx_word' id='word_1_229' title='bbox 1071 3537 1243 3607; x_wconf 82' lang='lat' dir='ltr'><strong>frequentari</strong></span> <span class='ocrx_word' id='word_1_230' title='bbox 1263 3537 1395 3592; x_wconf 88' lang='lat' dir='ltr'><strong>incuriis</strong></span> <span class='ocrx_word' id='word_1_231' title='bbox 1414 3539 1486 3592; x_wconf 58' lang='lat' dir='ltr'><strong>citri·</strong></span> 
     </span>
    </p>
   </div>
   <div class='ocr_carea' id='block_1_7' title="bbox 297 3635 1486 4454">
    <p class='ocr_par' dir='ltr' id='par_1_9' title="bbox 297 3635 1486 4454">
     <span class='ocr_line' id='line_1_28' title="bbox 300 3635 1486 3718; baseline 0.009 -27"><span class='ocrx_word' id='word_1_232' title='bbox 300 3635 382 3692; x_wconf 93' lang='lat' dir='ltr'><strong>libus.</strong></span> <span class='ocrx_word' id='word_1_233' title='bbox 395 3667 431 3681; x_wconf 94' lang='lat'><em>-</em></span> <span class='ocrx_word' id='word_1_234' title='bbox 443 3639 578 3712; x_wconf 82' lang='lat' dir='ltr'><strong>Sarigny,</strong></span> <span class='ocrx_word' id='word_1_235' title='bbox 600 3643 619 3696; x_wconf 87' lang='grc' dir='ltr'><strong>ἱ.</strong></span> <span class='ocrx_word' id='word_1_236' title='bbox 640 3660 662 3696; x_wconf 89' lang='lat' dir='ltr'><strong>c.</strong></span> <span class='ocrx_word' id='word_1_237' title='bbox 682 3645 699 3706; x_wconf 74' lang='lat'>5</span> <span class='ocrx_word' id='word_1_238' title='bbox 720 3643 767 3708; x_wconf 81' lang='lat'><strong>51,</strong></span> <span class='ocrx_word' id='word_1_239' title='bbox 780 3644 912 3713; x_wconf 84' lang='lat' dir='ltr'><strong>opinatur</strong></span> <span class='ocrx_word' id='word_1_240' title='bbox 935 3644 964 3698; x_wconf 94' lang='lat' dir='ltr'><strong>in</strong></span> <span class='ocrx_word' id='word_1_241' title='bbox 984 3645 1152 3714; x_wconf 86' lang='lat' dir='ltr'><strong>possessorio</strong></span> <span class='ocrx_word' id='word_1_242' title='bbox 1177 3647 1410 3702; x_wconf 80' lang='lat' dir='ltr'><strong>summariissinso</strong></span> <span class='ocrx_word' id='word_1_243' title='bbox 1430 3665 1486 3718; x_wconf 79' lang='lat' dir='ltr'><strong>po-</strong></span> 
     </span>
     <span class='ocr_line' id='line_1_29' title="bbox 300 3747 1481 3824; baseline 0.009 -25"><span class='ocrx_word' id='word_1_244' title='bbox 300 3747 358 3802; x_wconf 88' lang='lat' dir='ltr'><strong>tius</strong></span> <span class='ocrx_word' id='word_1_245' title='bbox 375 3747 422 3816; x_wconf 84' lang='lat' dir='ltr'><strong>agi</strong></span> <span class='ocrx_word' id='word_1_246' title='bbox 441 3747 475 3803; x_wconf 89' lang='lat' dir='ltr'><strong>de</strong></span> <span class='ocrx_word' id='word_1_247' title='bbox 493 3748 643 3804; x_wconf 87' lang='lat' dir='ltr'><strong>interdicto</strong></span> <span class='ocrx_word' id='word_1_248' title='bbox 661 3753 826 3807; x_wconf 80' lang='lat' dir='ltr'><strong>retinendae</strong></span> <span class='ocrx_word' id='word_1_249' title='bbox 838 3769 921 3824; x_wconf 88' lang='lat' dir='ltr'><strong>quam</strong></span> <span class='ocrx_word' id='word_1_250' title='bbox 934 3757 1146 3822; x_wconf 81' lang='lat' dir='ltr'><strong>recuperandae</strong></span> <span class='ocrx_word' id='word_1_251' title='bbox 1159 3754 1346 3823; x_wconf 89' lang='lat' dir='ltr'><strong>possessionis;</strong></span> <span class='ocrx_word' id='word_1_252' title='bbox 1360 3755 1407 3810; x_wconf 87' lang='lat' dir='ltr'><strong>sed</strong></span> <span class='ocrx_word' id='word_1_253' title='bbox 1427 3753 1481 3810; x_wconf 89' lang='lat' dir='ltr'><strong>boc</strong></span> 
     </span>
     <span class='ocr_line' id='line_1_30' title="bbox 299 3854 1486 3930; baseline 0.008 -23"><span class='ocrx_word' id='word_1_254' title='bbox 299 3870 356 3909; x_wconf 90' lang='lat' dir='ltr'><strong>non</strong></span> <span class='ocrx_word' id='word_1_255' title='bbox 374 3854 485 3910; x_wconf 86' lang='lat' dir='ltr'><strong>videtur</strong></span> <span class='ocrx_word' id='word_1_256' title='bbox 505 3856 633 3912; x_wconf 85' lang='lat' dir='ltr'><strong>absolute</strong></span> <span class='ocrx_word' id='word_1_257' title='bbox 651 3875 757 3920; x_wconf 81' lang='lat' dir='ltr'><strong>serum.</strong></span> <span class='ocrx_word' id='word_1_258' title='bbox 775 3858 842 3930; x_wconf 89' lang='lat' dir='ltr'><strong>quia</strong></span> <span class='ocrx_word' id='word_1_259' title='bbox 859 3858 906 3914; x_wconf 89' lang='lat' dir='ltr'><strong>hic</strong></span> <span class='ocrx_word' id='word_1_260' title='bbox 924 3859 1019 3930; x_wconf 80' lang='lat' dir='ltr'><strong>agitur</strong></span> <span class='ocrx_word' id='word_1_261' title='bbox 1031 3859 1065 3914; x_wconf 87' lang='lat' dir='ltr'><strong>ds</strong></span> <span class='ocrx_word' id='word_1_262' title='bbox 1081 3859 1131 3913; x_wconf 91' lang='lat' dir='ltr'><strong>tali</strong></span> <span class='ocrx_word' id='word_1_263' title='bbox 1148 3861 1278 3916; x_wconf 86' lang='lat' dir='ltr'><strong>molestia</strong></span> <span class='ocrx_word' id='word_1_264' title='bbox 1290 3861 1486 3930; x_wconf 74' lang='lat' dir='ltr'><strong>possessionis,</strong></span> 
     </span>
     <span class='ocr_line' id='line_1_31' title="bbox 299 3961 1485 4037; baseline 0.008 -22"><span class='ocrx_word' id='word_1_265' title='bbox 299 3962 344 4016; x_wconf 82' lang='lat' dir='ltr'><strong>cui</strong></span> <span class='ocrx_word' id='word_1_266' title='bbox 364 3961 438 4018; x_wconf 86' lang='lat' dir='ltr'><strong>inest</strong></span> <span class='ocrx_word' id='word_1_267' title='bbox 456 3967 500 4016; x_wconf 83' lang='lat' dir='ltr'><strong>vis</strong></span> <span class='ocrx_word' id='word_1_268' title='bbox 517 3973 601 4018; x_wconf 79' lang='lat' dir='ltr'><strong>atron</strong></span> <span class='ocrx_word' id='word_1_269' title='bbox 619 3965 736 4020; x_wconf 87' lang='lat' dir='ltr'><strong>tendens</strong></span> <span class='ocrx_word' id='word_1_270' title='bbox 753 3966 788 4019; x_wconf 89' lang='lat' dir='ltr'><strong>ad</strong></span> <span class='ocrx_word' id='word_1_271' title='bbox 806 3965 999 4036; x_wconf 87' lang='lat' dir='ltr'><strong>depellendum</strong></span> <span class='ocrx_word' id='word_1_272' title='bbox 1022 3982 1207 4037; x_wconf 89' lang='lat' dir='ltr'><strong>possessorem</strong></span> <span class='ocrx_word' id='word_1_273' title='bbox 1232 3983 1281 4022; x_wconf 87' lang='lat' dir='ltr'><strong>seu</strong></span> <span class='ocrx_word' id='word_1_274' title='bbox 1299 3971 1342 4022; x_wconf 85' lang='lat' dir='ltr'><strong>vis</strong></span> <span class='ocrx_word' id='word_1_275' title='bbox 1360 3980 1485 4036; x_wconf 72' lang='lat' dir='ltr'><strong>amiato,</strong></span> 
     </span>
     <span class='ocr_line' id='line_1_32' title="bbox 299 4067 1479 4142; baseline 0.008 -20"><span class='ocrx_word' id='word_1_276' title='bbox 299 4083 382 4122; x_wconf 85' lang='lat' dir='ltr'><strong>sensu</strong></span> <span class='ocrx_word' id='word_1_277' title='bbox 402 4067 471 4122; x_wconf 86' lang='lat' dir='ltr'><strong>iuris</strong></span> <span class='ocrx_word' id='word_1_278' title='bbox 489 4069 607 4123; x_wconf 87' lang='lat' dir='ltr'><strong>romani.</strong></span> <span class='ocrx_word' id='word_1_279' title='bbox 621 4099 655 4110; x_wconf 97' lang='lat'>-</span> <span class='ocrx_word' id='word_1_280' title='bbox 669 4069 774 4125; x_wconf 86' lang='lat' dir='ltr'><strong>Tamen</strong></span> <span class='ocrx_word' id='word_1_281' title='bbox 792 4072 886 4126; x_wconf 82' lang='lat' dir='ltr'><strong>rarius</strong></span> <span class='ocrx_word' id='word_1_282' title='bbox 904 4077 1034 4142; x_wconf 87' lang='lat' dir='ltr'><strong>putamus</strong></span> <span class='ocrx_word' id='word_1_283' title='bbox 1047 4072 1147 4138; x_wconf 86' lang='lat' dir='ltr'><strong>dicere,</strong></span> <span class='ocrx_word' id='word_1_284' title='bbox 1161 4089 1210 4142; x_wconf 89' lang='lat' dir='ltr'><strong>per</strong></span> <span class='ocrx_word' id='word_1_285' title='bbox 1228 4071 1281 4128; x_wconf 93' lang='lat' dir='ltr'><strong>hoc</strong></span> <span class='ocrx_word' id='word_1_286' title='bbox 1300 4074 1479 4130; x_wconf 85' lang='lat' dir='ltr'><strong>interdictum</strong></span> 
     </span>
     <span class='ocr_line' id='line_1_33' title="bbox 298 4171 1484 4247; baseline 0.008 -21"><span class='ocrx_word' id='word_1_287' title='bbox 298 4171 458 4227; x_wconf 86' lang='lat' dir='ltr'><strong>consultum</strong></span> <span class='ocrx_word' id='word_1_288' title='bbox 476 4173 563 4229; x_wconf 79' lang='lat' dir='ltr'><strong>tuisse</strong></span> <span class='ocrx_word' id='word_1_289' title='bbox 581 4190 637 4229; x_wconf 91' lang='lat' dir='ltr'><strong>non</strong></span> <span class='ocrx_word' id='word_1_290' title='bbox 655 4173 796 4230; x_wconf 80' lang='lat' dir='ltr'><strong>exclusive</strong></span> <span class='ocrx_word' id='word_1_291' title='bbox 815 4177 980 4244; x_wconf 87' lang='lat' dir='ltr'><strong>possessioni</strong></span> <span class='ocrx_word' id='word_1_292' title='bbox 1005 4178 1210 4247; x_wconf 86' lang='lat' dir='ltr'><strong>recuperandas</strong></span> <span class='ocrx_word' id='word_1_293' title='bbox 1234 4183 1284 4233; x_wconf 82' lang='lat' dir='ltr'><strong>aut</strong></span> <span class='ocrx_word' id='word_1_294' title='bbox 1308 4179 1484 4246; x_wconf 81' lang='lat' dir='ltr'><strong>retinendas,</strong></span> 
     </span>
     <span class='ocr_line' id='line_1_34' title="bbox 298 4276 1483 4352; baseline 0.007 -20"><span class='ocrx_word' id='word_1_295' title='bbox 298 4276 346 4332; x_wconf 84' lang='lat' dir='ltr'><strong>sed</strong></span> <span class='ocrx_word' id='word_1_296' title='bbox 365 4277 510 4349; x_wconf 87' lang='lat' dir='ltr'><strong>utriusqus</strong></span> <span class='ocrx_word' id='word_1_297' title='bbox 529 4279 606 4333; x_wconf 88' lang='lat' dir='ltr'><strong>casui</strong></span> <span class='ocrx_word' id='word_1_298' title='bbox 625 4279 748 4347; x_wconf 90' lang='lat' dir='ltr'><strong>insimul,</strong></span> <span class='ocrx_word' id='word_1_299' title='bbox 765 4281 877 4352; x_wconf 83' lang='lat' dir='ltr'><strong>quando</strong></span> <span class='ocrx_word' id='word_1_300' title='bbox 895 4281 1024 4338; x_wconf 87' lang='lat' dir='ltr'><strong>molestia</strong></span> <span class='ocrx_word' id='word_1_301' title='bbox 1043 4290 1117 4340; x_wconf 85' lang='lat' dir='ltr'><strong>esset</strong></span> <span class='ocrx_word' id='word_1_302' title='bbox 1135 4289 1192 4338; x_wconf 87' lang='lat' dir='ltr'><strong>tam</strong></span> <span class='ocrx_word' id='word_1_303' title='bbox 1211 4289 1292 4339; x_wconf 79' lang='lat' dir='ltr'><strong>atrox</strong></span> <span class='ocrx_word' id='word_1_304' title='bbox 1311 4289 1343 4340; x_wconf 86' lang='lat' dir='ltr'><strong>ut</strong></span> <span class='ocrx_word' id='word_1_305' title='bbox 1361 4291 1483 4340; x_wconf 86' lang='lat' dir='ltr'><strong>conten·</strong></span> 
     </span>
     <span class='ocr_line' id='line_1_35' title="bbox 297 4382 1078 4454; baseline 0.012 -20"><span class='ocrx_word' id='word_1_306' title='bbox 297 4382 396 4439; x_wconf 87' lang='lat' dir='ltr'><strong>dentes</strong></span> <span class='ocrx_word' id='word_1_307' title='bbox 413 4389 577 4454; x_wconf 80' lang='lat' dir='ltr'><strong>provocaret</strong></span> <span class='ocrx_word' id='word_1_308' title='bbox 596 4385 631 4440; x_wconf 88' lang='lat' dir='ltr'><strong>ad</strong></span> <span class='ocrx_word' id='word_1_309' title='bbox 649 4403 736 4454; x_wconf 82' lang='lat' dir='ltr'><strong>arms,</strong></span> <span class='ocrx_word' id='word_1_310' title='bbox 755 4387 799 4443; x_wconf 89' lang='lat' dir='ltr'><strong>vel</strong></span> <span class='ocrx_word' id='word_1_311' title='bbox 818 4388 853 4442; x_wconf 85' lang='lat' dir='ltr'><strong>ad</strong></span> <span class='ocrx_word' id='word_1_312' title='bbox 871 4389 977 4444; x_wconf 87' lang='lat' dir='ltr'><strong>similes</strong></span> <span class='ocrx_word' id='word_1_313' title='bbox 995 4391 1078 4445; x_wconf 83' lang='lat' dir='ltr'><strong>rixas.</strong></span> 
     </span>
    </p>
   </div>
   <div class='ocr_carea' id='block_1_8' title="bbox 0 0 1680 5117">
    <p class='ocr_par' dir='ltr' id='par_1_10' title="bbox 0 0 1680 5117">
     <span class='ocr_line' id='line_1_36' title="bbox 0 0 1680 5117; baseline 0 3"><span class='ocrx_word' id='word_1_314' title='bbox 0 0 1680 5117; x_wconf 95' lang='lat' dir='ltr'><strong> </strong></span> 
     </span>
    </p>
   </div>
  </div>
 </body>
</html>
