3350 5117
323 268 385 334 174
844 287 928 334 rans
952 287 975 333 1.

433 408 560 474 137.1n
576 410 654 493 ‚aliis
678 410 815 495 negotiis
829 427 910 473 vero
926 406 1084 479 civilibus,
1101 426 1184 491 quae
1200 409 1402 493 privaturum
1425 406 1501 471 iura

318 528 495 607 continent,
513 538 548 600 at
568 553 671 618 aeque
694 534 872 620 respiciunt
895 534 1012 598 bonum
1027 553 1154 619 quoque
1169 553 1349 607 commune
1366 538 1402 598 ut
1422 536 1501 598 sunt

318 672 436 720 causae
451 656 712 734 matrimoniales,
727 658 760 721 in
776 657 827 722 his
839 658 1038 722 Procurator
1053 657 1189 723 Fiscalis
1204 676 1268 721 non
1284 674 1414 741 semper
1428 656 1500 741 agit

318 782 444 861 partem
460 780 673 867 principalem
695 782 815 847 actoris
837 787 893 847 aut
917 780 1045 855 raised
1060 780 1233 866 aliquando
1248 784 1376 867 partem
1390 798 1499 845 accas-

319 907 446 979 soriam
471 906 627 973 adiuvans
653 910 711 973 sud
741 910 842 993 opera
870 927 944 973 oum
968 910 1079 993 quiin
1104 907 1219 973 iudicio
1248 906 1415 972 contendit
1435 924 1499 992 pro

318 1030 520 1098 defendendo
532 1032 643 1098 valore
655 1040 756 1108 actus,
767 1034 857 1098 cuius
868 1052 1067 1119 magnopere
1078 1034 1213 1099 interest
1227 1032 1499 1118 Reipublicae.-

319 1155 524 1242 Proindeque
548 1160 574 1223 si
597 1158 654 1225 illa
676 1160 731 1243 qui
753 1159 818 1225 huc
841 1159 1011 1225 intendere
1030 1166 1138 1244 posset
1160 1160 1193 1223 in
1217 1159 1344 1233 iudicio,
1360 1158 1498 1245 negligit

317 1283 371 1348 vol
393 1282 457 1349 hoc
480 1290 648 1369 praestare
678 1304 743 1349 non
773 1286 853 1367 vult,
880 1287 1081 1351 Procurator
1104 1286 1239 1351 Fiscalis
1268 1287 1337 1350 eius
1367 1288 1496 1371 partem

316 1409 444 1494 supplet
466 1414 499 1475 et
521 1430 584 1494 qua
613 1430 753 1497 persona
780 1412 977 1497 principalis,
1001 1413 1070 1497 agit
1096 1416 1153 1477 aut
1182 1412 1357 1496 respondet
1382 1411 1418 1474 in
1444 1410 1497 1473 in·

316 1530 401 1595 dicio
424 1527 480 1616 (l).
505 1568 549 1581 -
573 1530 710 1597 Obvium
742 1533 927 1615 exemplum
957 1531 1096 1597 habetur
1125 1534 1159 1595 in
1189 1530 1297 1598 causis
1329 1532 1497 1595 matrimo-

317 1650 464 1725 nialibus,
489 1653 659 1737 inquibus
689 1653 716 1718 si
744 1654 917 1739 coniugum
939 1652 1023 1719 alter
1045 1673 1105 1738 pro
1136 1653 1292 1727 nullitate,
1316 1653 1402 1717 alter
1431 1672 1495 1736 pro

318 1780 433 1845 valore
457 1782 597 1867 coniugii
621 1780 802 1862 contendat,
826 1782 987 1847 Defensor
1009 1782 1208 1847 Matrimonii
1232 1800 1275 1846 ex
1296 1779 1402 1846 officio
1425 1777 1495 1864 (qui

317 1909 367 1970 est
382 1907 506 1991 species
522 1905 750 1973 Procuratoris
766 1905 923 1993 Fiscalis).
948 1908 977 1971 ei
1001 1906 1159 1972 adhaeret
1181 1907 1396 1993 propugnanti
1419 1926 1494 1970 ma-

316 2029 459 2094 trimonii
482 2030 689 2099 validitatem.
715 2030 747 2096 Si
771 2050 851 2095 vero
875 2031 1034 2095 alteruter
1061 2032 1232 2116 coniugum
1263 2030 1437 2096 nullimode
1460 2030 1494 2095 in

318 2150 434 2219 iudicio
458 2156 677 2220 ecclesiastico
700 2160 824 2241 partem
848 2154 971 2221 habere
994 2156 1081 2228 velit,
1096 2153 1191 2240 (quod
1208 2155 1304 2220 hodie
1327 2175 1392 2220 non
1416 2174 1494 2219 raro

316 2277 445 2364 accidit)
470 2278 523 2343 vel
546 2285 682 2362 uterque
705 2280 824 2344 coniux
847 2285 972 2345 asserat
994 2280 1233 2345 matrimonium
1262 2280 1386 2344 nullum
1410 2298 1493 2361 esse,

315 2408 395 2469 tunc
411 2405 570 2469 Defensor
586 2404 785 2470 Matrimonii
809 2406 842 2469 in
858 2406 962 2490 prima
977 2405 1132 2470 instantia
1147 2404 1320 2491 respondet
1334 2425 1398 2489 qua
1413 2424 1490 2471 reus

317 2668 369 2723 hoc
387 2670 577 2740 monopolium
595 2670 684 2724 adhuc
696 2670 805 2739 legibus
824 2686 879 2723 non
898 2673 940 2725 est
958 2670 1116 2735 inductum
1135 2674 1165 2723 at
1183 2686 1274 2723 mores
1292 2668 1387 2739 populi
1403 2669 1493 2723 eidem

316 2772 445 2828 videntur
463 2776 569 2829 lavere:
589 2775 623 2827 cl.
642 2774 787 2829 Mattlrolo
807 2790 851 2845 op.
870 2776 914 2828 cit.
934 2774 1011 2827 Part.
1031 2775 1054 2839 1,
1072 2793 1136 2846 app.
1161 2777 1190 2828 T.
1211 2775 1247 2827 II
1259 2792 1286 2828 n.
1308 2775 1376 2827 505
1393 2792 1450 2845 seq.

405 2881 444 2949 (l)
464 2880 495 2933 ln
514 2879 654 2935 hodiernis
667 2877 904 2949 Logislationibns
922 2879 1107 2948 discrepantia
1126 2878 1223 2933 haberi
1242 2878 1317 2947 cepit
1334 2877 1425 2949 quoad
1444 2894 1492 2932 ex·

315 2986 470 3041 tensionem
488 2986 606 3041 dandam
632 2986 722 3041 officio
741 2985 866 3039 Fiscalis.
885 3014 921 3028 -
939 2985 1060 3045 Exiure
1077 2985 1194 3051 Gallico,
1213 2985 1293 3039 Proc.
1313 2984 1431 3038 Fiscalia
1447 2988 1492 3039 est

277 3114 278 3121 ¹
315 3091 385 3162 vigil
403 3098 497 3146 custos
509 3092 592 3165 (l'oeil
603 3094 643 3146 du
653 3092 886 3163 pouvcmement)
899 3092 928 3146 in
941 3096 1047 3146 rectam
1065 3091 1160 3161 legum
1171 3091 1388 3155 observantiam,
1401 3090 1492 3160 quoad

314 3196 409 3251 omnia
428 3199 539 3266 negotia
558 3198 679 3253 obnoxia
697 3198 880 3251 iurisdictioni
899 3198 1021 3252 indicum
1034 3201 1093 3251 tum
1107 3196 1296 3250 contentiosae
1315 3200 1376 3249 turn
1394 3195 1492 3250 volun·

315 3304 413 3358 tariae.
433 3333 466 3345 -
486 3303 557 3358 Hinc
575 3304 692 3358 Fisoalis
710 3304 796 3360 habet
813 3305 970 3374 legitimam
990 3321 1135 3375 personam
1153 3305 1244 3358 standi
1263 3305 1293 3357 in
1311 3304 1424 3372 iudicio,
1436 3322 1492 3377 qua

314 3415 395 3465 actor
412 3410 457 3467 vel
476 3428 621 3482 quarens,
640 3412 684 3467 vel
703 3412 851 3466 adiuvandi
875 3418 969 3482 partes
994 3412 1169 3482 principales,
1188 3411 1232 3466 vel
1258 3412 1348 3480 ipsum
1371 3410 1491 3467 iudicem

314 3536 351 3573 na
369 3534 455 3587 prava
468 3518 539 3589 legis
557 3522 608 3573 liat
626 3520 754 3574 executio
773 3524 822 3573 aut
840 3519 1044 3588 interpretatio.
1057 3548 1092 3561 -
1105 3519 1165 3573 Hoc
1182 3519 1303 3573 officium
1316 3519 1396 3572 Pron.
1410 3518 1491 3583 Flac,

313 3624 477 3695 quibusdam
487 3626 575 3678 visum
589 3628 632 3679 est
646 3626 727 3679 nimis
740 3625 862 3694 amplum
871 3625 962 3695 quoad
973 3624 1086 3693 nogotia
1095 3623 1190 3677 civilia
1202 3628 1231 3679 at
1243 3623 1354 3693 legibus
1363 3627 1490 3678 coactum

313 3731 368 3784 fuit
382 3731 425 3785 rel
439 3731 473 3784 ad
485 3730 546 3785 sola
558 3732 671 3799 nogotia
685 3730 842 3784 criminalia
854 3730 897 3784 vol
913 3730 1052 3799 paulisper
1065 3730 1215 3784 limitatum
1228 3729 1319 3800 quoad
1332 3730 1428 3784 civilia
1440 3746 1492 3785 ne·

313 3836 399 3905 gotia.
419 3865 453 3877 -
472 3835 621 3905 Appositaa
639 3835 843 3891 controversias
861 3840 890 3891 at
907 3835 1002 3905 legum
1021 3835 1192 3889 diversarum
1215 3835 1410 3905 dispositiones
1428 3836 1492 3891 vide

312 3943 492 3997 adumbratas
510 3944 583 4013 apud
602 3942 748 3998 Mattirolo
767 3960 809 4013 op.
824 3944 868 3997 cit.
884 3943 958 3996 Part.
973 3943 992 3995 I
1005 3944 1125 4013 append.
1144 3944 1176 3996 ol
1194 3946 1234 3995 tit.
1249 3942 1289 4008 II,
1306 3962 1333 3996 n.
1353 3943 1421 3996 505
1432 3959 1490 4013 seq.

314 4075 348 4089 -
362 4046 391 4101 ln
411 4049 471 4103 iure
490 4049 557 4103 eccl.
571 4050 636 4119 quia
656 4066 688 4103 ox
708 4050 769 4104 iure
788 4048 926 4103 communi
945 4049 1006 4103 aius
1023 4048 1145 4102 officium
1164 4064 1218 4102 non
1232 4048 1403 4117 designatur,
1422 4064 1491 4102 oon-

312 4156 391 4207 stans
410 4168 464 4207 non
483 4158 526 4208 est
544 4153 690 4223 disciplina
709 4170 797 4225 neque
817 4154 983 4209 universalis
1005 4154 1053 4209 sed
1077 4159 1153 4208 certe
1177 4154 1249 4223 apud
1274 4154 1365 4207 curias
1390 4154 1492 4209 molins

311 4256 461 4326 ordinatas,
479 4259 599 4314 officium
624 4260 702 4314 Proc.
723 4259 793 4313 Flac.
813 4259 909 4314 sedulo
927 4260 1110 4314 constitutum
1134 4257 1189 4312 fuit
1210 4262 1239 4313 et
1257 4256 1315 4313 late
1334 4261 1491 4323 exercetur,

311 4369 371 4419 tum
384 4366 419 4420 ad
432 4365 595 4437 inquirenda
604 4366 721 4421 erimina
730 4370 791 4420 tum
800 4366 828 4419 in
842 4365 1046 4420 observantiam
1056 4364 1151 4435 legum
1163 4365 1197 4419 ad
1210 4366 1375 4421 auferendos
1385 4366 1490 4420 abusus
