3350 5117
315 325 386 392 292
843 347 926 396 rsus
950 349 973 394 r.

315 472 367 532 est
390 466 474 551 quod
489 466 655 554 trepidare
677 465 766 535 iubet
781 467 946 534 hominem
970 473 1181 552 constantem,
1194 489 1251 537 seu
1273 470 1358 538 cadit
1373 471 1407 536 in
1422 489 1501 536 con-

315 598 454 660 stantem
476 595 584 659 vuum
607 615 649 660 ex
671 615 700 664 c.
716 615 744 662 o.
761 594 794 660 4.
811 594 844 660 6.
862 594 892 659 b.
915 600 936 660 t.
957 595 999 660 X.
1025 595 1063 661 In
1087 595 1159 662 foro
1182 601 1319 672 externo
1341 617 1499 664 mensura

315 721 419 784 metus
441 739 498 785 seu
521 721 638 786 mentis
667 717 891 806 trepidationis
914 724 963 786 est
989 721 1133 804 gravitas
1156 722 1293 807 periculi
1320 723 1494 800 obiectae,

312 845 460 928 quamvis
482 849 586 910 metus
607 845 645 911 ia
667 860 703 912 se
726 845 880 910 consistat
908 846 942 910 iu
964 845 1081 911 mentis
1105 846 1330 932 trepidatione,
1351 848 1436 914 unde
1459 849 1501 914 li-

315 969 427 1034 bertas
450 973 655 1035 extenuatur.
676 968 839 1052 Siquidem
863 969 1038 1034 auctoritas
1053 967 1116 1033 fori
1133 971 1271 1052 externi,
1288 971 1434 1038 iudicans
1449 993 1497 1038 ex

313 1091 481 1157 ordinarie
501 1091 770 1178 contingentibus,
784 1111 844 1178 pro
864 1093 1028 1160 ordinario
1045 1093 1182 1159 criterIo
1200 1113 1366 1161 assumere
1382 1095 1497 1162 debuit

315 1219 495 1304 periculum
517 1219 675 1286 obiectioe
696 1237 813 1304 proce.

401 1343 448 1407 At
468 1341 730 1427 aliquando,sive
745 1341 786 1406 ob
808 1340 1004 1408 debilitatem
1027 1361 1126 1408 sexus
1148 1343 1216 1408 sive
1239 1343 1278 1408 ob
1301 1343 1419 1410 indolis
1433 1345 1495 1410 iru-

312 1465 530 1540 becillitatem
544 1468 655 1553 gravis
677 1467 839 1531 excitatur
862 1466 979 1531 mentis
994 1466 1164 1552 trepidatio
1187 1466 1228 1531 ob
1250 1467 1429 1554 periculum
1452 1469 1494 1534 im

311 1607 348 1655 ae
370 1588 462 1664 leve;
487 1595 521 1656 et
534 1595 613 1656 tunc
635 1590 801 1676 probanda
816 1595 866 1655 est
888 1590 970 1655 haec
993 1592 1103 1675 gravis
1122 1591 1239 1657 mentis
1254 1592 1435 1672 commotio,
1448 1591 1493 1656 ad

310 1716 486 1783 obtinenda
507 1717 589 1782 iuris
612 1716 755 1782 remedia
778 1721 964 1802 comparata
979 1718 1017 1783 iis
1041 1718 1094 1800 qui
1109 1735 1244 1802 gravem
1267 1722 1388 1783 metum
1402 1720 1494 1804 passi

309 1847 394 1915 sunt,
418 1847 497 1908 tunc
520 1844 606 1909 enim
628 1848 737 1909 metus
759 1849 808 1908 ert
830 1843 970 1908 relative
999 1843 1125 1929 prouti.
1150 1843 1223 1909 Hoc
1245 1845 1378 1911 criterio
1401 1845 1491 1911 rela-

309 1963 380 2029 tivo
403 1965 593 2031 aestimatur
614 1969 724 2031 metus
745 1963 987 2031 reverentiatts.

399 2088 570 2173 iniustum
586 2089 660 2172 quia
682 2092 802 2154 metum
821 2107 914 2173 passo
930 2086 1185 2154 succurrendum
1202 2094 1260 2169 est,
1273 2087 1400 2172 quando
1418 2090 1492 2156 eius

306 2209 365 2276 ius
387 2210 509 2276 laesum
541 2210 649 2275 fuerit.
674 2210 780 2275 Metus
810 2231 890 2276 vero
921 2216 970 2276 est
1003 2209 1158 2291 iniustus,
1184 2211 1310 2294 quando
1346 2212 1491 2278 infertur

306 2339 433 2423 absque
455 2338 600 2424 legitima
622 2357 720 2403 causa
742 2343 799 2404 aut
821 2339 900 2402 iuris
923 2337 1038 2402 ordine
1068 2357 1133 2402 non
1162 2342 1308 2414 serrato;
1332 2341 1489 2424 quocirca

306 2469 414 2529 metus
437 2462 555 2528 dicitur
578 2464 714 2527 iniustus
736 2463 852 2546 quood
871 2461 1104 2542 substantiam,
1122 2462 1148 2526 si
1168 2461 1258 2527 nulla
1278 2462 1379 2530 subsit
1401 2465 1488 2530 iusta

306 2607 407 2656 causa
437 2591 558 2651 metum
588 2585 765 2661 inferendi;
789 2588 918 2650 sivero
951 2585 982 2650 in
1015 2587 1097 2650 iusto
1128 2585 1297 2652 inferendo
1321 2594 1408 2654 metu
1431 2609 1486 2654 so-

306 2710 469 2777 lummodo
485 2709 564 2774 iuris
588 2708 668 2773 ordo
690 2709 977 2794 praetermittatur,
1003 2714 1105 2774 metus
1129 2715 1178 2774 est
1209 2711 1345 2777 iniustus
1368 2714 1488 2796 quood

305 2837 472 2919 modum,
494 2835 595 2900 veluti
618 2835 689 2919 quis
711 2839 816 2920 potest
841 2835 964 2902 iniuste
988 2836 1122 2922 exigere
1145 2837 1302 2921 pecuniae
1325 2858 1485 2902 summam

304 2979 368 3025 non
397 2958 457 3025 sibi
482 2959 620 3026 debitam
637 2958 697 3044 (l);
722 2959 778 3025 vel
800 2978 957 3023 summam
973 2957 1032 3023 sibi
1049 2959 1187 3024 debitam
1203 2961 1320 3026 iniuste
1336 2963 1487 3047 exigere,

303 3088 451 3156 adhibita
474 3089 651 3154 coactione.
668 3085 787 3168 Quare,
804 3106 914 3152 rerum
938 3091 1062 3152 attenta
1077 3089 1224 3170 veritate,
1241 3093 1343 3154 metus
1366 3091 1485 3174 quood

302 3211 445 3278 modum
469 3211 619 3276 iniustum
652 3229 717 3274 non
746 3208 846 3274 laedit
867 3209 1019 3276 iustitiam
1051 3189 1329 3278 calamatativam
1352 3211 1408 3277 sod
1432 3213 1483 3278 iu-

303 3331 585 3421 stiriam'tepatem
600 3353 657 3399 seu
672 3331 823 3398 socialem
840 3331 1084 3397 ordinationem.
1102 3369 1145 3383 -
1162 3333 1199 3397 ln
1215 3353 1273 3399 sua
1293 3333 1484 3402 substantio

301 3464 410 3525 autem
437 3463 541 3524 metus
564 3457 700 3523 iniustus
722 3461 781 3534 est,
796 3451 901 3538 'quum
925 3454 1020 3520 liberi
1040 3457 1165 3541 agentis
1180 3456 1330 3524 voluntas
1346 3457 1488 3525 alterius

301 3582 480 3647 voluntatis
501 3579 638 3645 liberum
663 3597 792 3642 cursum
815 3576 1007 3662 praepedire
1031 3581 1177 3650 conatur,
1194 3582 1301 3676 actum
1318 3578 1485 3664 exigendo

300 3707 417 3770 contra
441 3701 536 3767 liberi
559 3699 686 3766 arbitrii
704 3700 905 3766 electionem.
922 3697 1139 3772 Quamobrem
1155 3703 1258 3765 metus
1274 3701 1335 3765 etsi
1351 3703 1485 3786 agentis

299 3829 503 3895 voluntatem
527 3825 707 3911 compellat,
723 3844 788 3890 uon
809 3827 858 3888 est
880 3824 1024 3897 iniustus,
1049 3823 1101 3888 vel
1125 3824 1151 3887 si
1175 3823 1330 3907 procedat
1344 3843 1365 3888 a
1380 3843 1484 3891 cause

390 4038 430 4110 (l)
450 4038 534 4094 ludex
553 4037 620 4093 eccl.
639 4037 665 4092 ei
684 4036 732 4107 qui
751 4039 877 4104 stuprum
896 4035 1042 4102 commisit,
1061 4035 1177 4104 opponit
1192 4033 1245 4090 hoc
1265 4035 1410 4090 dilemma:
1430 4047 1485 4091 out
1522 4057 1528 4072 ·

297 4145 355 4198 duc
372 4155 422 4198 out
440 4146 513 4198 doto
524 4141 601 4196 -Si
620 4145 762 4212 stuprator
778 4141 863 4194 ducat
880 4141 956 4196 bisce
970 4141 1052 4195 minis
1067 4141 1210 4208 adductus,
1222 4140 1314 4196 valide
1327 4140 1485 4210 contrabit,

296 4247 365 4318 quis
382 4254 475 4304 metus
492 4247 582 4302 iustus
601 4251 652 4302 est
664 4245 693 4300 Si
707 4250 787 4316 pater
798 4249 941 4316 stupratae
959 4245 1085 4316 virginis,
1098 4262 1163 4301 ense
1181 4246 1317 4312 districto,
1338 4245 1391 4299 hoc
1403 4245 1483 4301 idem

296 4354 429 4410 dilemma
447 4355 599 4425 stupratori
617 4355 746 4423 obiiciat,
765 4359 856 4410 metus
868 4357 901 4408 tit
920 4355 1040 4409 iniustus
1058 4358 1166 4410 tantum
1185 4355 1278 4425 quoad
1292 4357 1407 4408 modum
1427 4371 1482 4410 seu

294 4461 333 4515 ob
353 4461 577 4529 praetermissam
596 4461 713 4515 formam
732 4459 851 4530 legalem
871 4461 1017 4514 minarum.
