3350 5117
524 311 569 358 na
591 308 731 358 marcus
754 311 1020 361 nacuesmsrrcts
1316 296 1362 360 85

183 434 481 501 Excommunicatis
502 436 588 501 onim
611 457 631 501 a
654 437 725 501 iure
747 437 884 523 positivo
914 456 1015 522 agere
1045 437 1240 504 iudicialiter
1263 438 1364 503 inter-

178 555 314 632 dicitur;
338 557 394 623 sed
417 578 514 643 quum
539 560 585 625 eis
616 578 680 625 nou
711 559 793 624 desit
814 560 986 625 naturalis
1012 560 1164 626 habilitas
1186 560 1313 647 agendi.
1327 565 1361 625 et

182 683 232 747 ius
253 684 425 769 positivum
442 704 497 749 eos
513 706 669 770 expresse
684 685 844 751 inhabiles
860 706 925 751 non
941 685 1118 752 reddiderit
1133 686 1174 751 ad
1189 686 1361 772 agendum,

178 829 294 874 eorum
325 815 399 875 acta
430 810 623 877 iudicialiter
651 811 755 897 posita
778 812 822 875 uti
848 810 956 876 valida
984 810 1134 877 habenda
1155 816 1240 885 suut,
1264 814 1362 895 prout

179 932 331 999 deceruit
354 936 507 1000 Pontifex
531 938 563 1000 in
595 938 646 1003 cit.
672 956 745 1020 cap.
771 938 832 1011 Qui
857 937 1126 1003 excommunicati
1154 935 1282 1021 publica
1305 936 1361 1002 de·

181 1060 326 1123 nunciati
350 1082 408 1125 seu
431 1062 564 1143 vitandi,
582 1083 623 1127 ne
643 1062 716 1128 dum
740 1062 780 1127 ab
805 1062 1042 1128 Ecclesiasticis
1064 1061 1121 1127 sed
1144 1062 1241 1126 etiam
1264 1062 1361 1126 atri·

178 1179 352 1248 buualibus
382 1184 529 1249 civilibus
560 1184 678 1251 debent
712 1186 835 1271 repelli,
861 1192 896 1250 ut
929 1185 1081 1250 statuitur
1114 1184 1155 1250 ab
1186 1184 1283 1249 Alex.
1309 1184 1359 1249 IV

179 1328 256 1391 cap.
281 1310 313 1383 8,
338 1310 388 1375 De
419 1308 508 1377 Seat.
540 1330 706 1379 excomm.
729 1314 767 1378 in
798 1312 821 1377 6
853 1310 981 1397 (ts-ll).
1006 1312 1048 1377 ct.
1083 1311 1213 1397 regulas
1244 1309 1360 1375 67-72

179 1434 268 1501 iaris
289 1436 328 1501 in
351 1437 375 1500 6
398 1437 454 1519 (l).

272 1560 398 1625 Verum
419 1560 501 1626 haec
518 1563 729 1648 praescriptio
745 1562 865 1646 patitur
888 1561 1059 1625 nonnullas
1075 1559 1291 1625 limitationes.
1309 1560 1359 1623 Re

177 1683 309 1767 quidem
332 1705 422 1753 vera.
448 1688 522 1770 quia
544 1688 843 1753 excommunicatus
864 1706 884 1751 a
907 1686 1023 1751 iudicio
1050 1684 1222 1769 repellitur
1244 1682 1285 1749 ob
1308 1684 1362 1748 in·

181 1827 310 1873 cursam
335 1809 731 1885 excommunicationem,
755 1811 901 1895 sequitur
924 1828 1018 1895 posse
1040 1826 1151 1893 agere,

274 1930 305 2017 1)
330 1932 355 1995 si
379 1933 518 2017 probare
534 1932 679 1999 intendat
694 1934 1061 1998 excommunicationem
1077 1936 1193 1996 contra
1208 1950 1244 1995 se
1258 1930 1358 1994 latam

180 2055 281 2121 fuisse
304 2056 378 2138 ipro
402 2058 477 2123 iare
498 2059 641 2123 nullam.
665 2054 766 2124 Secus
789 2060 815 2122 si
840 2058 926 2122 hauc
948 2076 1019 2122 essa
1041 2056 1206 2122 iniustam
1230 2060 1360 2121 couten-

177 2176 291 2255 deret;
314 2186 392 2244 tunc
415 2182 501 2245 enim
524 2182 694 2257 fateretur,
719 2202 753 2248 se
785 2202 855 2247 esse
887 2180 1201 2247 excommunicatum
1224 2182 1258 2244 et
1279 2176 1359 2241 hinc

179 2306 272 2389 prius
296 2303 429 2371 deberet
451 2305 584 2370 absolvi.

270 2428 304 2515 2)
330 2428 411 2503 Quia
434 2431 724 2495 excommunicatio
748 2436 797 2495 est
819 2448 924 2514 poena
945 2426 1158 2494 medicinalis
1185 2446 1242 2492 seu
1264 2424 1360 2493 sala·
1404 2434 1407 2439 ’

177 2554 274 2623 tario,
292 2560 397 2640 potest
416 2574 516 2640 agere
539 2554 578 2620 ad
604 2555 824 2641 repellendum
848 2554 1028 2639 periculum
1051 2555 1188 2626 animae,
1209 2573 1262 2617 ex.
1278 2573 1309 2638 g.
1327 2554 1360 2617 in

177 2697 287 2743 causa
310 2676 567 2743 matrimoniali.

269 2801 304 2885 3)
330 2802 409 2865 Item
434 2805 537 2886 potest
559 2820 659 2887 agere
682 2800 808 2885 quando
832 2800 974 2867 moralis
1001 2799 1154 2885 obligatio
1177 2804 1282 2885 urget,
1307 2802 1354 2865 uti

177 2924 206 2987 si
230 2944 286 2989 res
308 2926 350 2989 sit
372 2924 412 2989 de
434 2926 519 2991 bono
541 2926 668 3011 publico
692 2945 769 2991 suae
793 2926 959 2990 Ecclesiae
982 2926 1073 2991 cuius
1096 2927 1165 3010 ipse
1188 2929 1236 2989 est
1259 2943 1357 2988 mem·

180 3036 285 3124 brum;
310 3054 345 3113 ut
368 3070 445 3115 ecce
468 3070 510 3115 ne
532 3049 682 3135 indignus
713 3050 753 3114 ad
779 3050 998 3135 praelaturam
1022 3055 1214 3130 assumatur,
1238 3049 1291 3113 vel
1315 3047 1355 3114 ad

180 3172 415 3258 impediendam
438 3173 582 3238 illicitam
599 3174 645 3238 rei
664 3172 831 3239 Ecclesiae
854 3174 1090 3238 alienationem.
1109 3174 1151 3237 Et
1166 3173 1358 3257 generatim,

177 3295 359 3361 admittitur
387 3297 682 3363 excommunicatus
712 3296 839 3381 quando
871 3300 920 3361 est
950 3294 1356 3362 emmerammianos.

179 3417 379 3504 Schmalzgr.
406 3419 452 3485 tit.
477 3419 527 3484 De
551 3419 658 3485 ladio.
682 3440 717 3484 aa.
741 3418 799 3484 34.

270 3544 549 3609 Excommunicati
575 3564 655 3609 varo
682 3542 804 3611 vitandi
835 3544 1038 3627 repelluntur
1060 3541 1104 3607 ab
1126 3542 1260 3629 apendo
1291 3561 1357 3605 nou
1382 3540 1661 3648 {ww-iv?

180 3686 203 3732 a
235 3670 496 3753 respondead05
522 3688 615 3735 secus
650 3670 788 3736 iustitiae
823 3688 953 3733 cursum
989 3668 1218 3752 praepedirent
1252 3672 1286 3734 et
1319 3666 1360 3730 de
1376 3681 1661 3790 m·ffl

180 3815 239 3859 sua
262 3796 384 3859 malitia
414 3794 613 3859 commodum
644 3799 861 3881 reportarent,
886 3796 930 3857 uti
958 3796 1004 3858 ait
1027 3794 1121 3858 Alex.
1146 3792 1199 3859 Ill
1223 3796 1256 3858 in
1279 3812 1355 3875 cap.
1375 3824 1425 3891 ,Α
1441 3812 1561 3914 W
1576 3832 1661 3870 m

182 3918 215 3991 7,
239 3919 289 3985 De
320 3920 396 3985 tad.
420 3920 454 3983 X
474 3916 581 4005 (ll-l),
603 3926 747 3986 statuens
778 3920 1089 3983 excommunicatum
1122 3918 1164 3982 uti
1197 3936 1291 3982 reum
1321 3917 1354 3981 in
1385 3906 1609 4039 ‘W

182 4046 297 4113 iudicio
320 4052 408 4113 stare
431 4046 563 4123 debere;
587 4052 696 4113 tamen
726 4046 880 4111 addit-
903 4053 933 4111 et
963 4045 1059 4112 dabat
1078 4065 1144 4128 per
1167 4046 1274 4111 aliam
1297 4063 1359 4111 re·
1398 4034 1437 4043 '⁵

269 4222 311 4292 tl)
329 4219 401 4273 Nam
419 4218 446 4273 S.
466 4220 685 4274 Poanitentiaria
704 4220 749 4273 die
770 4222 792 4271 5
812 4220 888 4273 luisti
907 4220 990 4271 1867
1014 4217 1115 4285 edixit,
1135 4217 1271 4272 toleratos
1295 4220 1360 4269 ten·

184 4335 241 4381 tum
258 4326 339 4383 hodia
357 4328 551 4383 communione
570 4326 599 4381 iu
618 4325 746 4381 humanis
759 4343 812 4380 non
826 4326 975 4396 prohiberi.
989 4354 1024 4366 -
1037 4323 1277 4379 Excommunicati
1291 4338 1358 4377 vero

182 4436 287 4489 viandi
306 4434 395 4502 hodie,
416 4451 479 4489 raro
498 4434 686 4491 inveniuntur.
