3350 5117
305 304 326 367 8
791 324 993 373 rnoonuluu

304 443 409 511 Hodie
421 424 511 521 vero,
525 446 670 529 quamvis
682 444 765 532 apud
779 446 926 511 excultas
937 448 1085 513 nationes
1098 446 1225 513 codices
1241 447 1319 513 editi
1335 450 1400 514 sint
1416 468 1482 513 non

302 575 428 636 tantum
451 572 610 637 concinna
633 571 783 638 methodo
805 571 897 659 leges
921 575 1007 638 inter
1029 593 1064 638 se
1087 572 1285 649 ordinantes,
1304 574 1360 639 sed
1380 574 1482 661 probe

302 695 535 783 distinguentes
550 717 647 761 unam
663 695 702 762 ab
719 696 783 761 alia
798 698 908 783 legum
919 698 1130 783 provinciam,
1143 704 1257 785 utputa
1271 703 1482 766 secernentes

303 822 422 885 statuta
437 818 551 903 quibus
574 821 647 885 iura
670 820 872 906 singulorum
895 822 1013 887 civium
1037 820 1339 895 determinantur‚a
1358 823 1481 908 regulis

302 965 489 1031 processum
505 946 688 1012 iudicialem
703 945 927 1033 dirigentibus
941 948 1159 1014 nihilosecius
1173 948 1414 1013 Iurisconsultis
1427 950 1481 1032 qui

302 1071 479 1156 profundos
502 1083 642 1138 exarant
665 1075 912 1139 commentarios
934 1073 1481 1148 1111116116ᾶί611166666161116

303 1204 360 1279 est,
375 1198 473 1283 legali
489 1198 602 1263 ordine
617 1219 682 1264 161
698 1204 837 1273 servato,
851 1203 951 1267 totam
967 1200 1136 1265 materiam
1152 1199 1319 1284 explicare
1335 1220 1375 1265 eo
1391 1188 1498 1267 nexu’

302 1338 364 1403 quo
387 1321 524 1384 intense
540 1320 619 1385 iuris
634 1320 793 1405 principia
808 1339 1041 1406 supremasque
1057 1322 1204 1385 notiones
1227 1326 1479 1387 connectuntun

392 1442 527 1517 Verum,
543 1448 672 1509 nostras
688 1443 816 1509 scholas
835 1442 919 1527 quod
934 1444 1059 1515 attinet,
1075 1442 1204 1509 videtur
1219 1443 1330 1509 forsan
1345 1444 1480 1529 aliquod

302 1568 467 1633 facessere
483 1567 645 1653 negotium
660 1565 846 1631 earumdem
861 1565 1029 1640 ordinatio,
1041 1567 1105 1631 iam
1117 1564 1242 1652 pridem
1258 1568 1446 1632 constitute.
1461 1602 1479 1615 ·

302 1689 465 1775 Siquidem
489 1691 522 1754 11
546 1689 659 1755 schola
679 1690 914 1755 institutionum
930 1709 1011 1772 can,
1028 1690 1143 1775 legalis
1157 1690 1242 1755 ordo
1264 1695 1376 1757 textus
1400 1692 1481 1756 iuris

300 1833 367 1879 non
389 1812 584 1888 attenditur;
609 1810 666 1878 sed
689 1814 794 1899 prima
816 1813 976 1879 616116116
998 1813 1173 1879 traduntur
1195 1813 1276 1878 iuris
1296 1813 1422 1899 positivi
1448 1819 1483 1880 et

300 1939 396 2005 huius
426 1938 612 2025 disciplinae
644 1938 841 2015 rudimenta;
866 1942 1015 2025 praevia,
1040 1946 1153 2026 suapte
1184 1944 1325 2021 natura,
1349 1939 1481 2005 scholae

301 2070 410 2131 textus
432 2066 512 2131 iuris
535 2066 568 2129 in
592 2084 654 2149 qua
682 2065 827 2150 singulae
857 2072 925 2130 tum
952 2072 1081 2131 veteres
1110 2070 1178 2130 tum
1209 2064 1404 2129 novissimae
1436 2064 1482 2127 iu·

303 2190 425 2255 ridicae
455 2191 727 2275 praescriptiones
758 2196 1052 2256 commemorantur
1081 2195 1114 2255 et
1144 2189 1365 2255 declarantur.
1394 2189 1478 2254 Rem

301 2313 346 2378 116
373 2312 478 2377 refert
506 2312 546 2378 61.
571 2314 729 2399 Cavagnis
753 2315 786 2378 in
809 2313 1031 2396 Praefatione
1061 2314 1143 2378 Inst.
1168 2314 1240 2379 fur.
1271 2311 1356 2379 Pub.
1380 2312 1479 2378 Ecct.

301 2457 372 2525 pag.
390 2456 432 2515 u:
451 2457 469 2500 ‹
546 2438 582 2504 in
597 2438 861 2505 institutionibus
876 2438 961 2505 ordo
980 2438 1183 2523 scientificum
1204 2443 1235 2502 et
1259 2436 1388 2523 tociens
1405 2454 1480 2501 ser-

300 2565 403 2626 uetur
429 2560 466 2626 in
493 2560 711 2645 dispositione
738 2564 769 2627 et
796 2559 1009 2628 6666661666
1039 2559 1288 2641 materiarum
1315 2557 1352 2622 in
1385 2560 1480 2623 166616

198 2724 201 2732 ¹
301 2686 477 2773 sequimur
506 2686 662 2754 ordinem
693 2686 915 2754 decretalium
942 2685 1192 2772 (11696611111,
1218 2684 1278 2769 qui
1309 2683 1370 2748 etsi
1397 2682 1481 2748 sctis

300 2814 443 2881 idoneus
462 2831 529 2895 pro
552 2832 617 2878 usu
639 2811 779 2895 forensi,
807 2832 879 2879 non
906 2813 1049 2877 muttum
1079 2810 1257 2896 riporosus
1288 2812 1395 2873 estet
1421 2806 1482 2873 oti-

300 2934 439 3019 6666616
452 2934 633 3001 1661611616
649 2934 813 3008 eumdem,
824 2938 911 3016 puto
926 2934 969 3000 de
984 2932 1248 3020 irreputeritate,
1263 2930 1476 2996 incommode

301 3059 338 3124 16
355 3059 476 3131 titulos,
493 3058 582 3122 inter
599 3076 634 3123 se
652 3062 800 3124 remotos
816 3063 848 3123 et
862 3056 966 3124 libros
981 3055 1142 3132 diversos,
1161 3053 1330 3121 distribuit
1348 3072 1379 3117 a.
1398 3052 1480 3117 Item

302 3183 496 3248 Iustinianns
520 3181 600 3267 lmp.
626 3180 792 3246 delineans
819 3201 951 3247 suarum
975 3181 1215 3247 Institutionum
1239 3183 1404 3259 naturam,
1428 3197 1482 3241 as·

302 3308 381 3372 serit
410 3306 471 3371 has
500 3308 669 3371 continere
698 3306 838 3373 «totius
870 3305 1040 3393 1691116166
1074 3303 1234 3371 scientiae
1263 3302 1386 3385 prima
1416 3303 1483 3367 ete-

300 3429 532 3516 61661611(1);
556 3435 589 3497 61
613 3449 728 3516 reapse
751 3430 815 3495 huc
839 3434 987 3515 spectant
1011 3430 1232 3494 Institutiones
1256 3422 1458 3493 canonicae.

390 3554 516 3620 Verum
539 3553 602 3620 hoc
625 3572 689 3618 non
713 3551 865 3639 prohibet
886 3554 1056 3636 quominus
1078 3554 1112 3621 iu
1132 3542 1247 3617 schola
1269 3555 1380 3616 textus
1402 3550 1482 3614 iuris

301 3702 341 3749 ea
364 3674 571 3768 praeferatur
593 3678 762 3746 methodus
779 3700 842 3764 qua
865 3680 944 3745 iuris
966 3680 1135 3765 principia.
1154 3682 1217 3746 iam
1242 3679 1373 3753 tradita,
1391 3679 1481 3744 evol-

299 3915 380 3966 rimis
405 3890 478 3983 (pag.
498 3912 529 3982 5,
549 3911 614 3967 edit.
640 3910 767 3975 Basileae
789 3910 868 3978 1541)
897 3910 1011 3980 longum
1036 3909 1109 3965 16111
1134 3908 1281 3965 elenchum
1300 3910 1476 3980 scriptorum,

301 4017 397 4073 eadem
416 4018 524 4073 ratione
542 4017 576 4073 de
595 4016 706 4071 Iudiciis
730 4017 933 4073 disserentium.
960 4016 1033 4071 Sane
1057 4017 1086 4069 in
1111 4016 1164 4070 hac
1188 4017 1307 4072 materia
1333 4016 1481 4086 praecipue

302 4126 433 4203 percepta
450 4122 505 4177 11111
522 4123 674 4179 necessitas
692 4122 869 4177 tractationis
887 4121 1059 4177 doctrinalis

389 4230 445 4286 Sub
464 4230 583 4286 saeculo
601 4230 710 4285 decimo
733 4234 813 4284 sexto
837 4230 970 4285 Marante
995 4229 1081 4285 edidit
1106 4229 1217 4285 celebre
1243 4246 1314 4301 opus
1338 4227 1481 4294 iudiciale,

301 4336 396 4391 eadem
415 4334 545 4391 methodo
564 4339 717 4390 exaratum:
738 4335 890 4407 Speculum
908 4352 1036 4390 aureum

392 4439 430 4509 (1)
449 4438 618 4493 Iustinianns
637 4441 703 4508 lmp.
723 4441 751 4492 in
770 4436 863 4492 const
884 4438 1034 4508 praemissa
1053 4436 1288 4504 institutionibus,
1310 4438 1323 4504 1
1342 4437 1366 4489 4.
