3350 5117
533 337 577 385 nx
601 337 739 386 runicus
762 337 1026 386 ecciesiasticis
1297 320 1357 386 201

278 462 400 527 Contra
422 462 548 528 modum
572 467 680 528 autem
703 462 819 551 agendi
839 483 897 528 seu
914 463 1013 550 ipsam
1029 463 1223 543 instantiam,
1241 467 1289 526 est
1301 482 1362 546 pc·

182 587 363 664 remorta,
388 587 415 649 si
438 586 605 670 excipiens
631 585 830 652 demonstret
852 585 1003 652 iudicium
1027 587 1132 652 locum
1153 585 1274 652 habere
1297 607 1363 650 uon

185 733 291 799 posse,
315 714 390 796 quia
411 731 514 798 agens
534 731 706 798 personam
729 733 795 778 non
817 713 916 779 habet
938 713 1113 800 legitimam
1137 712 1241 778 standi
1265 713 1297 776 in
1315 714 1363 776 in-

184 837 283 909 dicio,
307 841 420 920 utputa
442 839 517 921 quis
539 836 717 922 religiosus.
742 871 786 886 -
806 838 864 902 Est
887 836 1057 910 dilatoria,
1075 837 1102 901 si
1122 836 1235 921 probet
1258 855 1310 900 ex.
1331 857 1362 921 g.

186 960 252 1025 hoc
267 961 419 1027 iudicium
442 983 508 1026 non
530 982 602 1028 esse
624 963 801 1047 legitimum
824 962 865 1026 ob
888 961 1050 1028 defectum
1074 963 1306 1047 competentiae
1329 963 1362 1025 in

186 1087 305 1162 iudice,
322 1107 423 1172 quare
438 1083 591 1157 instantia
609 1085 664 1152 fiet
686 1087 829 1175 legitima
852 1087 1029 1154 siadeatur
1045 1088 1143 1170 iudex
1165 1093 1362 1172 competens.

185 1210 271 1278 Cum
286 1215 495 1298 exceptiones
510 1231 639 1298 semper
653 1214 717 1278 sint
731 1219 787 1278 aut
797 1214 1028 1295 peranteriae
1042 1219 1098 1279 aut
1113 1212 1300 1284 dilatoriae,
1318 1213 1362 1278 ita

185 1336 273 1401 solet
295 1337 450 1422 compleri
474 1333 617 1400 delinitio
640 1335 857 1422 exceptionis:
881 1342 929 1402 cst
955 1337 1097 1402 actionis
1120 1337 1269 1402 erclasio
1293 1355 1362 1424 qao

180 1479 270 1566 Q
292 1461 459 1551 aedoneus
482 1464 600 1527 contra
623 1479 659 1525 se
681 1459 873 1541 institutam
900 1459 951 1525 acl
975 1460 1129 1560 retardat
1156 1461 1207 1524 vel
1226 1461 1363 1542 panitas

281 1712 355 1776 171.
379 1713 537 1797 Exceptio
559 1711 749 1798 aggreditur
771 1715 930 1778 actionem
951 1711 991 1776 ad
1007 1711 1094 1776 illam
1119 1711 1362 1793 excludendam,

183 1835 229 1900 ob
252 1836 433 1922 legitimam
456 1834 691 1909 defensionem
715 1835 870 1920 siquidem
867 1855 983 1942 ἐρα-,ς-
984 1833 1190 1932 percipiendo
1202 1837 1241 1924 fit
1257 1841 1360 1924 aptpr

186 1959 446 2068 ωε
452 1958 625 2044 defensio.
641 1960 783 2028 uicissim
795 1962 1012 2044 aegritu-stp-
1015 1963 1142 2044 potest
1165 1959 1282 2042 agenti.
1311 1959 1363 2022 cui

184 2083 351 2168 integrum
373 2088 423 2146 est
445 2101 480 2146 se
501 2079 677 2146 defendere
698 2081 740 2146 ab
764 2083 968 2166 exceptione:
986 2082 1068 2182 baec
1083 2079 1226 2145 defensio
1246 2079 1363 2145 dicitur

182 2207 374 2302 replicatio.
397 2242 442 2254 -
466 2204 569 2296 Unde,
579 2206 746 2290 replicatio
761 2211 810 2270 est
825 2175 1039 2290 exceptionis·
1055 2207 1204 2273 exclusio
1228 2226 1287 2274 seit
1303 2175 1379 2273 cli-²

186 2295 250 2397 aa.
264 2367 309 2381 -
322 2330 515 2414 Duplicatio
534 2329 682 2404 habetur,
698 2332 725 2394 si
742 2350 818 2395 reus
833 2331 974 2395 vicissim
986 2332 1064 2396 velit
1085 2333 1148 2396 alia
1167 2335 1362 2416 receptione

185 2455 335 2520 refutare
358 2453 479 2518 actoris
494 2455 743 2538 responsionem,
756 2472 818 2517 nec
834 2451 1018 2518 excluditur
1034 2452 1213 2537 triplicatio
1230 2463 1261 2520 et
1278 2477 1360 2540 ptia-

184 2580 397 2664 druplicatio
424 2578 481 2664 (l).
507 2579 607 2644 ludici
638 2583 748 2644 tamen
779 2579 957 2644 cavendum
986 2586 1108 2652 estne
1136 2583 1239 2665 potius
1267 2601 1360 2665 quiam

190 2707 346 2779 defensio,
370 2704 425 2771 flat
457 2706 591 2770 collusio
619 2703 660 2768 ad
690 2705 778 2770 litem
803 2704 836 2768 in
860 2703 1016 2770 infinitum
1048 2705 1295 2790 producendam.
1321 2709 1362 2771 Et

183 2849 284 2913 quum
301 2828 351 2892 rei
367 2833 477 2913 partes
493 2829 526 2892 in
543 2826 659 2892 iudicio
673 2828 738 2891 sint
753 2825 1008 2900 favorabiliores,
1025 2833 1134 2892 monet
1151 2829 1272 2893 Novell.
1290 2830 1360 2904 115,

183 2973 264 3038 cap.
287 2953 324 3026 2,
348 2971 514 3018 -rcum
538 2953 695 3043 ultimam
728 2971 798 3016 esse
823 2951 944 3018 debere
966 2954 1002 3017 ia
1028 2953 1275 3036 respondenda.
1300 2954 1361 3019 Sed

185 3079 363 3164 praecipue
386 3097 429 3141 ex
452 3077 523 3141 iure
546 3096 619 3142 can.
642 3078 674 3141 in
698 3075 894 3142 moderanda
916 3079 1055 3162 partium
1086 3078 1227 3164 legitima
1251 3079 1360 3144 ‹lesen-

275 3289 316 3360 (l)
336 3286 384 3342 Uti
405 3287 533 3357 exceptio
557 3288 666 3356 proprie
684 3287 759 3341 dicta
777 3286 1023 3358 habetur,quando
1043 3305 1105 3343 reus
1128 3289 1241 3358 aliquod
1264 3293 1363 3344 asserit

183 3397 292 3449 factum
306 3395 455 3448 intentioni
475 3395 578 3447 actoris
591 3393 739 3449 adversum
759 3393 842 3464 (quod
862 3411 924 3447 reus
938 3394 1078 3463 probando
1097 3396 1129 3448 fit
1142 3397 1246 3458 actor);
1268 3397 1306 3448 ita
1321 3414 1362 3450 re·

188 3502 304 3571 plicatio
318 3503 437 3572 proptio
450 3517 533 3556 sensu
551 3502 591 3568 fit,
605 3501 626 3553 si
641 3500 720 3555 novis
739 3501 939 3555 assertionibus
957 3501 1121 3572 excipientis
1135 3503 1254 3557 intentio
1269 3509 1362 3558 retun-

181 3603 268 3657 ditur.
289 3604 376 3658 Secus
396 3605 420 3657 si
439 3601 509 3657 nibil
528 3605 592 3658 nori
611 3603 752 3668 asseritur,
772 3604 820 3658 sed
841 3609 949 3658 tantum
969 3611 1087 3674 negatur
1104 3607 1209 3658 factum
1229 3605 1254 3657 iu
1282 3623 1363 3660 exce·

184 3706 282 3775 ptione
301 3711 437 3760 assertittn
456 3713 485 3760 et
498 3707 655 3774 negationis
673 3706 796 3760 rationes
815 3709 976 3775 probantur,
989 3711 1021 3761 sa
1041 3707 1118 3760 locus
1131 3706 1249 3775 simplici
1269 3707 1361 3760 defeu-

180 3810 272 3876 sioni3
296 3827 353 3865 non
372 3813 499 3881 propriae
524 3811 708 3881 replicationi.
736 3839 770 3852 -
790 3811 960 3866 lastinianus
980 3813 1008 3865 in
1030 3813 1094 3866 Insa
1116 3815 1175 3867 Lib.
1196 3815 1247 3878 ll',
1267 3818 1305 3865 tit.
1326 3814 1361 3865 ff

183 3917 225 3971 ita
243 3918 369 3987 explicat
381 3919 614 3988 replicationem
635 3919 773 3973 interdum
788 3920 882 3974 evenit
895 3924 926 3974 ut
945 3921 1079 3988 exceptio,
1099 3937 1169 3992 quae
1189 3923 1277 3990 prima
1290 3923 1360 3976 facie

183 4023 259 4077 iusta
271 4023 410 4088 videatur,
428 4023 522 4094 inique
534 4028 642 4079 noceat
650 4023 731 4089 ,Quod
751 4041 835 4095 qaum
849 4023 1024 4089 accidit,alia
1043 4026 1212 4094 allegatione
1232 4042 1300 4095 opus
1319 4029 1361 4080 est

181 4127 334 4183 adiuvandi
354 4129 458 4183 actoris
476 4130 577 4198 gratia,
595 4147 666 4200 quae
685 4131 832 4200 replicatio
845 4135 969 4197 vocatur,
983 4131 1047 4201 quia
1063 4147 1111 4200 per
1131 4149 1191 4185 eam
1211 4131 1361 4200 replicatur

181 4239 269 4306 aque
282 4234 432 4290 resolvitur
444 4235 486 4289 vis
503 4237 692 4306 exceptionis.
704 4276 709 4286 .
721 4275 746 4289 ,.
765 4239 783 4300 ἓ
803 4236 825 4288 1.
841 4236 946 4289 Rursus
965 4235 1102 4290 interdum
1123 4237 1216 4290 euenit
1236 4243 1265 4289 ut
1280 4235 1361 4304 repli-

180 4341 260 4395 catio
276 4357 350 4412 quac
369 4340 459 4418 prima
476 4341 547 4395 facie
565 4341 640 4395 iusta
657 4347 708 4408 cst,
727 4341 822 4414 inique
844 4349 951 4397 noceat.
971 4341 1047 4402 Quod
1073 4359 1156 4412 quum
1177 4341 1286 4405 accidit,
1304 4340 1361 4394 alia

181 4447 355 4516 allegatione
373 4464 443 4517 opas
466 4454 509 4502 est
533 4448 680 4502 adiuvandi
700 4449 740 4502 rei
763 4449 946 4519 gretia,quae
965 4449 1117 4519 duplicatio
1137 4419 1251 4503 vocatur
1271 4455 1323 4502 etr.
1343 4467 1360 4504 a
