3350 5117
291 298 357 363 440
816 320 900 367 raas
924 323 945 365 1.
1008 249 1011 254 Α

289 443 413 506 sionum
444 440 627 507 habitarum
659 443 699 507 ad
728 442 931 507 retinendum
962 447 1148 508 accusatum
1175 443 1392 513 criminosum,
1417 441 1469 504 la-

290 586 444 651 psumque
467 568 500 631 in
524 566 669 632 relativis
692 570 805 653 poenis
829 568 1041 633 canonicis».
1310 652 1313 658 Ι

379 689 454 755 418.
479 690 589 765 Quoad
615 691 741 756 modum
766 691 981 777 praeparandi
1005 690 1070 755 litis
1097 690 1363 755 contestationem
1387 688 1471 753 haec

290 813 511 879 advertantur.
528 854 573 862 -
589 819 687 901 Greg.
707 818 754 881 lx
770 818 824 890 ait,
843 836 907 881 non
923 814 1032 881 induci
1047 816 1112 880 litis
1128 814 1394 880 contestationem
1410 832 1470 897 per

289 942 526 1023 responsiones
541 942 587 1006 acl
600 943 783 1024 positiones
807 943 932 1009 actoris
940 962 954 1025 ,·
970 962 1075 1025 neque
1090 962 1150 1027 per
1165 940 1381 1023 exceptiones
1401 941 1470 1003 sive

290 1066 531 1133 declinatorias
552 1067 623 1150 fori
639 1070 707 1133 sive
719 1069 983 1151 peremptorias,
1001 1074 1036 1133 ut
1051 1068 1191 1153 disponit
1207 1067 1312 1132 Bonit.
1334 1068 1417 1133 VIII
1437 1068 1468 1130 in

291 1210 364 1273 cap.
382 1190 416 1263 2,
434 1190 464 1255 b.
483 1198 502 1255 t.
520 1192 557 1256 in
573 1192 596 1255 6
611 1190 667 1276 (11,
682 1194 726 1277 3).
742 1211 843 1276 quare
867 1194 978 1257 sedulo
1002 1192 1229 1258 attendendum
1248 1197 1297 1257 est
1311 1190 1470 1275 quomodo

291 1313 366 1378 huic
381 1314 573 1379 solemnitati
590 1313 852 1380 satisfaciendum
865 1316 915 1383 sit.
931 1316 1080 1379 lamvero
1092 1315 1188 1400 plane
1201 1315 1357 1379 solemnia
1369 1312 1470 1377 verba
1489 1312 1493 1319 '

290 1458 354 1502 non
371 1442 589 1522 requiruntur,
607 1440 663 1506 sed
679 1443 862 1525 requiritur
882 1460 1011 1526 semper
1033 1446 1069 1505 ut
1091 1439 1261 1506 affirmatio
1285 1448 1318 1505 et
1341 1442 1470 1525 negatio

289 1570 441 1629 moveant
463 1582 505 1628 ex
529 1565 644 1630 animo
669 1564 835 1649 litigandi;
860 1584 926 1628 nou
950 1563 1067 1629 suffieit
1091 1564 1173 1628 enirn
1205 1568 1328 1649 negare
1351 1564 1471 1626 actoris

289 1691 473 1774 petitionem
498 1689 537 1753 ad
558 1688 828 1755 introducendum
847 1690 1014 1765 iudicium;
1032 1689 1209 1773 requiritur
1226 1708 1306 1752 vero
1321 1687 1472 1752 voluntas

290 1813 474 1880 instituendi
497 1814 646 1879 iudicium
670 1815 711 1879 ad
736 1814 957 1901 repellendam
988 1816 1199 1883 intentionem
1229 1816 1359 1880 actoris.
1385 1812 1471 1877 Hinc

291 1936 451 2021 sequitur:

383 2061 413 2147 l)
437 2062 507 2127 Per
532 2082 567 2129 se
589 2064 797 2147 exceptiones
822 2080 1040 2146 quascumque
1063 2062 1166 2125 actori
1191 2062 1351 2145 oppositas
1381 2060 1471 2124 litem

291 2206 354 2249 non
378 2188 562 2258 contestari,
581 2189 654 2270 quia
670 2188 835 2253 continent
859 2188 1061 2270 negationem
1086 2187 1256 2270 petitionis,
1274 2185 1331 2249 sed
1353 2206 1412 2271 per
1435 2206 1472 2251 se

291 2330 356 2374 non
380 2312 545 2375 continent
567 2312 707 2377 animum
732 2310 891 2396 litigandi.
925 2311 994 2374 Imo
1021 2309 1197 2375 nonnullae
1225 2312 1362 2396 positive
1383 2310 1472 2375 bunc

291 2432 475 2513 excludunt,
493 2442 528 2499 ut
546 2434 776 2500 declinatorias
806 2435 871 2499 fori
903 2435 954 2498 vel
986 2418 1223 2520 perem'ptoriae
1252 2435 1376 2499 ratione
1404 2434 1471 2499 litis

290 2557 415 2641 finitae.

379 2680 412 2765 2)
438 2682 546 2764 Neque
567 2682 750 2764 positiones
775 2703 834 2768 per
851 2702 887 2746 se
904 2688 936 2746 et
952 2683 1107 2747 relativae
1132 2682 1357 2766 responsiones
1379 2679 1468 2744 litem

291 2809 521 2869 contestantur.
545 2842 591 2850 —
613 2806 695 2871 Usus
714 2806 929 2887 positionum
957 2808 1060 2871 estin
1085 2807 1184 2871 curiis
1208 2804 1322 2870 eccles.
1351 2824 1471 2888 peran-

290 2930 405 3013 tiquus.
422 2929 610 2996 Positiones
631 2934 705 2994 sunt
721 2929 880 3013 quaedam
897 2929 1120 2995 adiunctorurn
1141 2930 1217 2994 tacti
1235 2929 1472 2999 enarrationes,

292 3055 503 3133 continentes,
530 3055 720 3137 respective,
746 3055 943 3118 assertiones
972 3056 1091 3118 actoris
1114 3059 1169 3118 aut
1192 3054 1240 3118 rei
1264 3052 1368 3137 quoad
1391 3053 1468 3117 facti

228 3186 230 3191 '
291 3177 565 3264 speciem‚quibus
592 3178 821 3243 assertionibus
852 3196 909 3242 seu
933 3178 1240 3263 interrogationibus
1262 3178 1382 3264 petitur
1396 3177 1473 3240 'sin-

291 3304 424 3388 gillatim
441 3302 480 3367 ab
495 3302 682 3367 adversario
697 3301 899 3387 responderi,
917 3322 955 3367 eo
975 3303 1118 3376 consilio,
1132 3308 1168 3366 ut
1179 3305 1205 3367 si
1218 3307 1348 3381 annuat,
1366 3321 1473 3366 secer-

291 3434 411 3493 nantur
433 3432 543 3513 partes
566 3427 643 3492 facti
667 3448 731 3491 non
762 3432 996 3492 controversae
1019 3427 1059 3492 ab
1082 3428 1154 3493 aliis
1177 3428 1412 3492 controversis:
1428 3428 1473 3491 ita

291 3551 470 3636 expeditius
487 3551 631 3617 redditur
647 3551 807 3619 iudicium,
825 3552 1010 3636 expressius
1026 3550 1239 3615 determinato
1254 3549 1320 3616 litis
1335 3549 1471 3616 obiecto.

292 3676 343 3739 Ex
362 3673 585 3756 positionibus
601 3684 797 3740 enascuntur
814 3674 952 3739 articuli
967 3694 1023 3738 seu
1039 3675 1200 3756 capitula.
1219 3676 1298 3739 Nam
1319 3675 1394 3742 illae
1405 3695 1472 3759 po·

289 3796 425 3861 sitiones
441 3816 497 3860 seu
513 3796 707 3860 assertiones
727 3796 826 3860 unius
843 3796 944 3879 partis
960 3795 1001 3860 ab
1015 3795 1120 3860 altera
1140 3797 1193 3861 vel
1209 3798 1325 3881 partim
1348 3798 1401 3861 vel
1426 3815 1469 3860 ex

292 3924 418 4005 integro
433 3920 618 4005 denegatae,
635 3939 718 4004 quae
742 3920 882 4006 proinde
899 3921 1013 3985 inlitis
1037 3921 1273 3985 contentionem
1289 3921 1472 4006 ingrediun-

289 4050 353 4125 tur,
376 4044 532 4128 appellari
557 4045 661 4110 solent
684 4044 828 4111 articuli
854 4044 911 4130 (1).
930 4046 1155 4110 Determinatis
1177 4047 1223 4110 ita
1245 4044 1390 4110 articulis
1414 4065 1473 4109 sen

290 4165 445 4251 capitibus
469 4170 721 4241 controversiae,
748 4175 901 4254 superest
924 4174 960 4233 ut
982 4174 1093 4253 partes
1116 4170 1310 4233 conveniant
1334 4170 1367 4233 in
1391 4167 1471 4232 deli-

380 4329 419 4399 (l)
438 4326 491 4383 Sed
504 4328 574 4382 istae
587 4326 790 4397 appellationes
801 4344 856 4381 uon
868 4332 933 4381 stunt
946 4333 1112 4397 perpetuam
1127 4328 1182 4381 imo
1193 4327 1273 4383 hodie
1287 4330 1473 4400 potiusquam

288 4434 439 4501 positiones
457 4432 492 4486 ad
511 4431 732 4487 determinandos
750 4434 887 4486 articulos
907 4437 936 4487 et
950 4434 1074 4502 capitula
1093 4432 1184 4488 solent
1205 4434 1330 4503 usurpari
1350 4437 1473 4487 biterre-
