3350 5117
300 268 344 335 78
825 288 909 337 raas
933 288 955 335 1.

300 406 451 482 fiscalem,
469 411 522 493 qui
542 414 618 496 agat
639 410 694 475 vol
717 410 750 475 in
773 409 890 475 iudicio
920 408 1114 496 respondeat
1142 429 1202 494 pro
1233 408 1355 475 iuribus
1385 406 1477 475 fisca·

300 536 392 601 libus.
418 536 540 601 Causae
563 556 644 601 vero
674 534 800 601 fiscales
828 538 928 601 satius
958 540 1071 603 estut
1101 535 1293 601 dirimantur
1322 554 1383 619 per
1405 554 1477 600 sen·

299 663 434 728 tentiam
450 660 632 727 iudicialem
648 662 773 727 Vicarii
789 663 969 728 Generalis.
985 661 1130 738 —Quod
1147 664 1173 727 si
1189 668 1299 747 partes
1316 663 1478 748 exceptio-

301 809 375 853 nem
399 789 589 875 suspicionis
604 794 767 874 opponant
782 790 942 875 Episcopo
957 793 991 856 et
1005 789 1140 855 Vinario
1157 788 1320 872 Generali,
1337 808 1473 873 eamque

300 910 443 996 legitime
466 912 613 996 probant,
638 918 851 997 opportunum
875 918 961 979 esset
983 909 1052 979 flsci
1076 932 1174 979 nausa
1195 912 1384 979 submittere
1407 932 1479 979 sen·

300 1036 422 1101 tentiae
445 1035 652 1102 arbitrorum.

393 1161 526 1243 lnquam
549 1160 579 1226 si
601 1180 706 1227 causo
725 1163 897 1244 pertineat
918 1162 965 1228 od
980 1164 1099 1248 fiscum
1119 1162 1377 1246 Episcopolem5
1393 1161 1476 1226 'nam

300 1286 328 1349 si
352 1282 476 1349 directe
499 1285 662 1369 pertineat
684 1282 725 1349 ad
747 1286 851 1371 ipsum
875 1286 1024 1371 Episcopi
1055 1286 1215 1351 familiare
1237 1286 1476 1372 patrimonium,

303 1408 356 1472 vol
378 1408 506 1474 aliunde
529 1407 652 1473 directe
675 1408 825 1494 Episcopi
850 1428 1021 1494 personam
1042 1414 1164 1495 tangat.
1181 1408 1262 1475 adeo
1279 1416 1315 1475 ut
1331 1412 1365 1474 in
1380 1429 1481 1475 eausa

301 1551 376 1596 cum
400 1531 537 1615 quodam
561 1530 680 1597 clerico
703 1534 833 1618 agitata,
859 1533 927 1616 ipso
948 1551 1029 1597 reus
1052 1532 1104 1597 vel
1128 1537 1224 1599 octor
1247 1537 1342 1605 esset,
1359 1530 1478 1597 arbitri

302 1658 412 1719 essent
434 1650 660 1730 constituendi,
682 1656 771 1720 iuxta
794 1673 833 1719 ea
856 1660 920 1719 iam
943 1654 1117 1729 declarata,
1134 1661 1268 1741 agentes
1291 1654 1332 1722 de
1347 1655 1480 1721 arbitris

303 1776 394 1843 iuris.
420 1774 482 1842 Sed
505 1777 588 1842 haec
610 1776 733 1862 largius
756 1796 955 1863 exponemus
982 1778 1015 1842 in
1041 1782 1181 1845 tractatu
1206 1778 1255 1844 De
1282 1778 1418 1845 tudiciis
1441 1779 1479 1843 tn

302 1901 422 1984 speeie,
448 1902 578 1967 interim
601 1901 643 1968 cf.
669 1904 782 1977 Bonis,
807 1904 828 1967 l.
854 1923 880 1969 e.
893 1922 977 1989 pop.
995 1902 1077 1976 1170,
1093 1909 1126 1970 et
1144 1903 1331 1988 Pellegrini‚
1347 1902 1480 1969 Promis

314 2028 537 2102 Vioortoram
561 2028 657 2093 Part.
683 2027 715 2101 4,
741 2028 824 2095 Sect.
853 2030 881 2101 1,
905 2049 939 2094 n.
965 2026 1010 2094 18
1030 2047 1100 2113 sep.

393 2154 447 2220 55.
474 2155 605 2219 Partem
629 2173 694 2217 non
716 2154 934 2219 necessariam
966 2174 1022 2219 sou
1054 2153 1159 2217 minus
1190 2152 1401 2238 principalem
1425 2153 1483 2217 ha·

305 2280 382 2345 bent
404 2298 561 2365 personae
589 2277 727 2342 iudicem
750 2276 939 2343 adiuvantes
961 2298 1020 2342 seu
1043 2277 1164 2341 iudices
1188 2279 1410 2351 instructores,
1427 2297 1481 2344 as-

303 2422 457 2476 sessores,
482 2400 655 2474 auditoros,
680 2400 906 2473 referendarii,
930 2401 1057 2474 notarii,
1082 2400 1297 2485 apparitores;
1329 2419 1482 2465 necnon

305 2536 430 2615 partem
454 2530 668 2595 accessoriam
698 2526 819 2592 habent
849 2526 997 2591 advocati
1028 2531 1061 2590 et
1083 2530 1322 2612 procuratores,
1345 2526 1399 2609 qui
1424 2543 1482 2589 reo

262 2676 264 2681 ·
304 2659 339 2720 ot
371 2655 473 2720 actori
509 2672 610 2738 opera
640 2656 672 2716 et
701 2650 835 2715 consilio
863 2650 988 2715 adsunt.
1014 2650 1139 2715 Horum
1170 2652 1311 2716 omnium
1341 2648 1482 2715 officium

306 2779 399 2845 modo
423 2798 588 2863 exponere
611 2776 773 2857 debemus,
798 2776 853 2842 sed
883 2778 973 2863 prius
1003 2775 1043 2841 de
1073 2774 1305 2861 principalibus
1334 2795 1481 2861 agemus,

306 2910 418 2991 postea
442 2904 481 2969 de
504 2902 704 2969 accessoriis.
