3350 5117
389 298 391 305 '
456 311 499 358 ns
524 310 662 357 romeus
686 310 953 357 nccnnsmsrrors
1178 273 1181 278 ’
1226 292 1295 358 515

206 434 281 501 504.
306 433 440 509 Quando
463 434 560 499 iudex
584 434 716 508 accedit,
735 439 839 519 potest
855 434 994 498 invitare
1010 439 1128 519 partes,
1146 438 1179 499 et
1193 438 1295 500 testes

114 564 167 622 aut
192 560 314 643 peritos
336 558 500 639 adhibere,
521 560 574 643 qui
598 558 746 623 referant
760 557 799 622 de
816 558 878 623 loci
901 558 954 622 vel
973 560 1021 622 rei
1043 556 1290 635 conditionibns;

113 680 167 744 sed
193 700 260 744 non
283 684 413 747 tenetur
435 680 497 744 hoc
520 680 641 745 lacere.
664 715 709 726 -
735 680 857 744 Verum
879 680 953 763 quia
969 681 1018 744 ius
1042 699 1211 745 commune
1234 681 1292 746 hu·

114 805 250 871 iusmodi
274 806 492 873 solemnitates
515 825 579 871 non
603 806 752 890 exquirit,
770 804 897 869 modum
921 802 1110 889 perficiendi
1124 825 1291 872 accessum

113 930 213 995 index
244 929 477 1001 determinabit,
502 950 621 995 curans
648 934 685 994 ut
714 930 910 1025 examussim
942 928 1134 1014 respondeat
1163 931 1294 995 veritati

113 1078 260 1143 congrue
275 1057 484 1144 detegendae.
501 1058 546 1121 De
566 1056 674 1121 habito
690 1076 824 1121 accessu
841 1057 873 1119 in
890 1056 977 1120 actis
987 1075 1115 1141 semper
1131 1076 1293 1142 apparere

111 1182 210 1248 debet
231 1183 269 1248 in
291 1183 451 1249 ciuilibus.
470 1185 550 1249 Item
574 1181 810 1247 observandum
824 1182 858 1245 in
882 1180 1118 1247 criminalibus
1142 1184 1202 1247 nisi
1219 1200 1299 1267 gra·

112 1306 252 1370 vissimis
268 1304 307 1369 de
323 1306 427 1371 causis
444 1303 555 1369 iudicis
570 1323 740 1371 accessum
757 1303 868 1368 celare
883 1302 1043 1388 expediat.
1063 1304 1110 1369 Gt.
1128 1304 1294 1370 Schmnlz·

111 1428 257 1515 grueber
281 1428 327 1495 tie.
354 1430 403 1493 De
422 1430 520 1513 prob.
546 1450 579 1494 rr.
605 1430 657 1495 19.

205 1554 281 1620 505.
306 1554 373 1619 Pro
396 1574 529 1621 accessu
552 1554 690 1620 iudiciali
718 1554 834 1639 quippe
867 1558 921 1639 qui
952 1562 1001 1619 est
1029 1559 1121 1621 actus
1149 1560 1295 1620 extraor-

110 1676 261 1742 dinarius
283 1677 380 1743 iudex
405 1676 644 1743 indemnitatem
668 1700 687 1742 a
711 1679 856 1765 partibus
879 1700 938 1765 pro
962 1700 998 1744 se
1021 1684 1077 1745 aut
1100 1699 1160 1763 pro
1191 1678 1297 1745 iudice

111 1798 263 1885 delegato
287 1802 445 1885 exquiret.
475 1802 522 1867 el.
548 1821 621 1884 cap.
646 1804 692 1883 11,
716 1802 766 1868 De
789 1803 943 1885 rescript.
966 1803 1005 1867 in
1029 1803 1060 1876 6,
1084 1803 1106 1885 g
1134 1802 1296 1870 Adresso·

110 1941 187 1987 rem
215 1924 271 2004 (ll,
296 1922 342 2005 3).

184 2048 280 2146 Ι566.
306 2050 354 2113 Ea
377 2068 458 2133 quae
482 2036 688 2115 dissernimus
712 2050 751 2115 de
776 2051 893 2136 peritia
924 2055 957 2114 et
989 2070 1122 2115 accessu
1153 2050 1295 2115 iudiciali

110 2172 290 2257 praecipue
300 2172 584 2239 accommodantur
595 2176 759 2259 processui
776 2174 926 2239 incensis
943 2172 1108 2240 civilibus.
1122 2210 1166 2225 -
1182 2174 1296 2249 Quoad

107 2292 311 2359 criminales
333 2294 532 2376 advertatur,
556 2297 616 2360 has
639 2300 810 2379 utrumque
835 2295 974 2362 medium
1006 2297 1205 2381 probationis
1230 2316 1296 2361 non

108 2422 216 2488 semel
239 2424 456 2509 expostulare,
484 2422 540 2487 sed
568 2422 742 2487 adhibitum
768 2442 826 2507 per
857 2427 1017 2490 secretam
1043 2422 1295 2507 inquisitionem,

106 2550 191 2631 quin
215 2553 324 2633 tamen
347 2546 491 2633 partibus
515 2547 724 2633 prohibeatur
748 2550 933 2613 necessaria
947 2547 1092 2613 defensio
1118 2549 1196 2634 ipsis
1224 2530 1298 2611 con·

105 2668 260 2734 cedenda
279 2668 451 2753 publicato
471 2688 646 2753 processu.

102 3698 167 3735 urna
194 3696 258 3733 cum
284 3678 461 3743 cancellarie,
487 3680 591 3749 peritis,
611 3684 640 3735 et
665 3682 789 3749 partibus
815 3686 864 3735 aut
888 3698 1002 3747 earnm·
1009 3680 1244 3751 procuratoribus,
1269 3682 1294 3735 si

101 3792 213 3860 partes
231 3786 282 3841 hoc
301 3790 486 3856 opportunum
505 3803 564 3842 esse
583 3788 763 3855 arbitrentur,
783 3788 897 3843 accedet
914 3789 950 3843 ad
968 3787 1060 3842 locum
1079 3788 1296 3853 controversiae,

99 3902 135 3951 et
157 3899 282 3965 peraget
300 3895 486 3964 inspectiones
504 3896 532 3949 in
551 3896 691 3949 sententia
708 3894 850 3950 ordinatas
868 3914 894 3959 »3
914 3914 931 3949 a
949 3896 1016 3949 727:
1036 3897 1165 3950 «Partes
1184 3901 1233 3951 aut
1246 3914 1296 3952 ea·

100 4018 172 4055 rum
196 4002 391 4069 procuratores
411 4003 541 4068 poterunt
553 4001 582 4053 in
597 4016 725 4069 processu
742 4000 846 4067 scripto
858 4017 993 4065 accessus,
1007 4018 1054 4055 eas
1067 4002 1160 4055 facere
1173 4002 1298 4056 animad-

99 4105 267 4171 versiones,
286 4105 510 4173 protestationes,
529 4110 578 4159 snt
596 4106 798 4160 declarationes
817 4107 958 4177 quaesibi
978 4107 1062 4162 utiles
1081 4108 1257 4163 arbitrantur
1270 4127 1296 4173 η

98 4233 127 4267 a.
149 4212 227 4265 728:
246 4225 262 4262 a
281 4210 390 4265 Poterit
408 4210 490 4265 iudex
515 4211 667 4281 delegatus,
692 4213 842 4265 sunrmario
869 4212 950 4266 modo
975 4214 1003 4266 in
1028 4214 1090 4268 loco
1115 4214 1297 4284 inspectionis

97 4336 154 4373 eos
177 4316 270 4371 testes
288 4316 447 4372 examinare
466 4335 534 4388 quos
554 4335 608 4371 [rna
628 4324 676 4372 aut
702 4318 792 4373 altera
817 4337 881 4389 pars
907 4321 1055 4389 producet;
1080 4304 1239 4376 autetiam
1261 4342 1298 4377 ex

95 4422 203 4493 officio
227 4424 311 4475 testes
329 4422 501 4476 examinabit
519 4424 600 4477 iudex
619 4424 642 4475 si
662 4422 714 4477 hoc
734 4424 863 4493 expedire
884 4428 1036 4480 arbitratus
1057 4427 1176 4482 suerit...
1196 4448 1214 4483 »
