3350 5117
315 351 384 420 262
846 373 929 420 rans
954 372 977 419 1.

315 499 492 584 praecipue
524 507 674 564 auctores
703 499 849 584 practice
879 500 1047 564 materiam
1072 499 1158 564 hano
1186 503 1432 584 pertractantes,
1452 501 1502 563 uti

315 623 546 698 Menochium,
564 629 598 688 et
621 622 671 688 De
694 625 789 690 Luco
813 626 846 688 in
871 643 924 707 op.
941 624 1011 690 iam
1036 623 1089 689 cil.
1106 629 1139 689 et
1159 623 1324 688 Maronia
1342 659 1359 671 -
1384 623 1502 690 Tract.

313 745 369 813 De
393 747 467 815 ord.
492 747 563 813 iud.
583 767 620 830 p.
644 746 678 810 4.

405 871 481 937 227.
508 871 643 935 Praxim
667 870 972 967 hodiernamhq-uod
1004 876 1137 957 spectat,
1162 871 1364 952 advertatur,
1388 873 1420 936 in
1445 891 1505 937 ne·

517 945 775 972 Q-„m-m
812 957 817 962 ·

314 996 402 1081 gotio
419 998 630 1081 possessionis
646 996 864 1061 restituendae
874 996 972 1084 plura
984 995 1105 1060 referri
1121 1015 1140 1060 a
1156 997 1331 1084 canonistis
1343 995 1501 1077 remedia,

313 1117 483 1210 desumpta
505 1138 526 1182 a
548 1119 651 1188 varus
671 1118 798 1204 legibus
822 1124 855 1185 et
875 1119 1275 1203 dec1·etalibus„quaeper
1288 1119 1420 1202 predas
1434 1118 1502 1184 hoc

315 1243 496 1310 institutum
521 1245 741 1332 perfecerunt.
768 1247 819 1310 Ita
843 1245 1035 1311 Menochius
1054 1245 1117 1326 (De
1139 1246 1231 1330 adip.
1248 1251 1310 1311 ret.
1328 1251 1357 1311 et
1380 1264 1498 1329 recep.

308 1373 417 1453 poss.)
444 1376 614 1436 enumerat
636 1371 748 1437 decem
773 1377 807 1436 et
829 1377 952 1456 septem
983 1371 1163 1437 huiusmodi
1192 1372 1351 1447 remedia;
1377 1376 1410 1437 et
1431 1373 1503 1436 lla·

313 1499 411 1558 rauta
436 1494 566 1573 (Tract.
591 1494 645 1560 De
668 1495 742 1563 ord.
766 1496 837 1560 iud.
859 1515 939 1578 par.
965 1496 997 1568 4,
1023 1495 1097 1560 dist.
1124 1495 1158 1580 7)
1183 1495 1222 1559 ad
1248 1498 1369 1578 septem
1397 1499 1430 1559 et
1454 1495 1503 1557 vi-

312 1617 396 1701 ginti
420 1623 577 1682 recenset.
603 1655 645 1664 —
670 1618 732 1684 Sed
756 1618 856 1682 iudici
880 1619 1100 1684 ecclesiastico
1133 1639 1196 1682 non
1228 1625 1277 1682 est
1304 1617 1499 1710 adlaboran-

312 1742 388 1808 dum
413 1745 504 1808 circa
525 1744 585 1808 has
601 1743 815 1808 multiformes
831 1743 985 1816 actiones,
1000 1763 1096 1828 quum
1113 1747 1240 1807 constet
1254 1743 1325 1806 iure
1341 1761 1413 1806 can.
1430 1743 1499 1826 qui·

311 1865 511 1950 buscumque
533 1867 695 1933 violenter
718 1872 751 1931 et
767 1868 884 1933 iniuste
908 1868 1053 1953 spoliatis
1069 1869 1269 1952 possessione
1285 1885 1361 1931 suae
1377 1867 1424 1931 rei
1441 1869 1497 1932 vel

312 1993 394 2057 iuris
417 2013 447 2076 q.
465 1995 664 2078 possessione
687 1998 873 2078 competere
897 1995 1122 2078 exceptionem
1146 1992 1186 2056 ad
1211 1992 1430 2078 repellendam
1450 1993 1498 2057 in·

311 2116 464 2180 stantiam
481 2114 662 2180 iudicialem
685 2115 878 2200 spoliatoris,
895 2120 928 2181 et
950 2115 1110 2180 actionem
1133 2113 1174 2178 ad
1198 2111 1407 2199 repetendam
1424 2133 1497 2178 rem

311 2240 482 2322 spoliatam
505 2239 663 2304 adversus
679 2258 905 2322 quoscumque,
922 2239 1031 2323 prouti
1045 2234 1272 2322 praescribunt
1288 2235 1380 2300 modu
1397 2255 1495 2322 expo-

310 2363 375 2426 sita
397 2363 513 2446 capita,
529 2381 610 2445 quae
634 2362 821 2445 exprimunt
844 2367 876 2424 et
899 2358 1071 2446 perficiunt
1091 2358 1295 2424 interdictum
1313 2377 1492 2423 romanum.

312 2485 363 2552 Cf.
388 2486 436 2550 lle
459 2485 548 2549 Luca
571 2487 591 2550 l.
618 2506 644 2552 c.
670 2486 751 2551 disc.
775 2483 832 2565 44,
857 2485 911 2568 qui
943 2484 1075 2549 criterio
1102 2503 1182 2548 vere
1213 2485 1357 2568 practico
1384 2485 1497 2548 omnia

311 2610 457 2676 remedia
480 2609 608 2676 reducit
629 2611 667 2675 ad
692 2608 859 2675 actionem
884 2614 916 2674 et
939 2608 1172 2690 exceptionem
1195 2608 1297 2692 spolii.

402 2735 439 2798 ln
463 2733 546 2817 quod
570 2736 767 2820 propositum
790 2734 991 2812 advertatur,
1008 2733 1110 2816 ipsum
1136 2731 1230 2796 Card.
1249 2732 1295 2795 lle
1319 2730 1408 2795 Luca
1422 2730 1444 2795 1.
1462 2749 1494 2794 c.

310 2859 418 2939 fateri,
443 2859 616 2942 aliquando
639 2860 672 2921 in
695 2860 790 2942 praxi
812 2858 1015 2941 quaestiones
1038 2856 1264 2938 possessorium
1287 2855 1406 2920 resolvi
1431 2875 1494 2940 per

308 2982 663 3066 actionespetitorios.
687 2983 730 3047 Et
754 2981 816 3044 hoc
840 2987 889 3045 est
912 2980 1080 3045 conforme
1104 2980 1271 3064 principiis
1293 2999 1314 3044 a
1337 2981 1496 3044 Romanis

308 3107 513 3193 praedicatis,
539 3108 631 3173 iuxta
655 3106 675 3170 l.
700 3107 717 3169 1
740 3107 762 3187 ἓ
786 3106 808 3168 4
838 3105 891 3170 Uti
908 3105 1038 3187 possid.
1066 3103 1287 3169 «Restitutue
1305 3105 1492 3186 possessio·

309 3233 366 3299 nis
388 3234 473 3299 ordo
497 3238 554 3298 aut
575 3231 754 3297 interdicto
778 3229 949 3315 expeditur
963 3236 1019 3294 aut
1034 3249 1094 3315 per
1115 3230 1283 3295 actionem
1300 3253 1317 3290 »
1336 3229 1493 3295 nimirum

307 3359 502 3443 petitoriam.
520 3357 682 3442 Siquidem
703 3357 785 3421 nihil
808 3355 959 3441 prohibet
982 3375 1043 3439 quo
1067 3357 1173 3419 minus
1195 3374 1305 3419 rerum
1330 3355 1495 3438 possessio

307 3483 401 3548 nobis
425 3486 606 3549 retineatur
628 3489 685 3548 aut
707 3485 897 3549 restituatur
920 3483 952 3546 vi
976 3483 1111 3546 actionis
1135 3481 1314 3567 petitorias,
1339 3499 1401 3564 qua
1433 3479 1493 3546 do·

306 3626 418 3672 cemus
441 3605 538 3673 nobis
563 3625 626 3670 non
651 3605 705 3669 alii
729 3606 779 3669 ius
802 3623 873 3669 esse
901 3603 1109 3686 possidendi.
1132 3601 1310 3676 -Quare
1334 3603 1417 3668 haec
1441 3609 1495 3668 est

306 3727 490 3796 differentia
506 3734 592 3798 inter
615 3750 710 3795 unam
734 3735 768 3795 et
790 3729 927 3794 alteram
942 3729 1058 3815 agendi
1075 3731 1242 3802 rationem,
1260 3731 1412 3794 nimirum
1429 3749 1493 3814 per

305 3857 453 3922 actiones
476 3858 690 3941 possessorias
706 3854 907 3919 defendimus
926 3853 1045 3918 factum
1070 3854 1289 3939 possessionis,
1304 3873 1343 3916 ne
1360 3851 1400 3916 ab
1416 3853 1492 3918 aliis

305 3982 450 4043 mutetur
465 3983 522 4042 aut
537 3977 696 4052 turbatum
712 3996 772 4062 per
787 3977 930 4042 actiones
946 3976 1114 4061 petitorias
1129 3996 1295 4061 possumus
1311 3973 1493 4040 defendere

306 4103 549 4186 possessionem,
568 4100 763 4165 ostendendo
782 4099 874 4164 nobis
899 4119 962 4162 non
986 4099 1038 4163 alii
1064 4101 1117 4164 ius
1140 4119 1211 4166 esse
1234 4097 1427 4184 possidendi.
1444 4135 1490 4149 —

305 4223 402 4309 Apud
427 4225 589 4288 Romanos
613 4222 653 4286 ad
677 4223 765 4286 hunc
789 4219 938 4288 effectum
962 4222 1103 4285 maxime
1134 4227 1264 4306 praesto
1287 4225 1384 4287 erant
1406 4240 1489 4287 con·

304 4346 478 4418 dictiones,
503 4365 561 4410 seu
583 4347 727 4410 actiones
749 4344 936 4428 personales
960 4363 1135 4409 concessae
1158 4345 1315 4410 adversus
1339 4364 1411 4408 eum
1433 4345 1487 4427 qui

305 4472 381 4537 sine
404 4490 518 4552 causa,
543 4477 600 4535 aut
622 4469 663 4537 ob
686 4470 849 4536 iniustam
873 4487 1012 4536 causam
1035 4471 1226 4555 possideret,
1250 4477 1285 4536 ut
1315 4472 1491 4556 possessio·
