3350 5117
295 231 363 301 450
821 250 905 295 raras
930 250 952 294 1.

292 381 367 447 rios
396 398 453 443 seu
484 376 719 443 oeconomicus
748 395 807 459 pro
832 376 871 438 iis
893 374 1002 437 causis
1030 378 1065 437 et
1094 391 1265 436 causarum
1297 369 1472 455 generibus

292 505 455 589 expressis
488 504 519 565 in
551 498 652 567 Cleua.
677 500 729 566 cit.
755 498 805 564 Dc
827 497 920 563 verb.
943 498 1017 582 sip,
1038 516 1118 579 quas
1142 498 1228 559 inter
1258 502 1474 560 recensentur

290 632 385 695 etiam
410 628 671 705 matrimoniales,
693 627 810 709 quippe
834 643 947 688 omnes
970 624 1109 687 celerem
1135 624 1267 707 cupiunt
1298 621 1473 705 expeditio·

290 776 375 820 nem.
399 756 524 819 Verum
549 774 589 817 ne
613 751 765 817 celeritas
787 748 1019 835 praeiudicium
1040 753 1171 832 pareret
1186 753 1334 812 maturae
1349 746 1471 811 delibe-

289 883 407 947 rationi
431 882 511 947 tanli
536 880 666 963 negotii,
684 898 779 961 quum
805 878 837 939 in
862 877 935 939 loro
958 874 1038 939 eccl.
1055 874 1294 957 frequentiores
1310 872 1373 937 hae
1395 892 1469 937 era-

288 1008 391 1071 serint
417 1006 456 1069 ad
485 1005 678 1071 matrimonii
711 1002 964 1088 impugnandum
987 1002 1141 1065 valorem.
1167 998 1279 1064 sedulo
1301 999 1467 1065 observari

286 1129 405 1196 debent
435 1131 541 1196 Const.
572 1130 692 1193 Bencd.
717 1128 800 1195 XIV
832 1128 896 1194 nei
921 1130 1140 1194 miseralione
1169 1134 1203 1190 et
1232 1127 1316 1191 aliae
1341 1130 1467 1191 instru-

287 1255 410 1319 ctiones
445 1254 505 1319 has
538 1274 654 1319 causas
690 1254 921 1337 respicientes;
952 1253 1028 1334 quin
1064 1258 1172 1315 tamsm
1205 1252 1395 1337 derogatum
1426 1251 1468 1315 sit

286 1379 456 1465 privileffl’o
488 1386 522 1443 ut
553 1379 615 1443 hae
646 1399 763 1443 cauma
793 1378 865 1442 ritu
893 1378 1084 1443 snrnmario
1114 1378 1280 1461 agitentur
1301 1374 1359 1463 (l).
1384 1376 1466 1439 Nam

285 1503 465 1569 huiusmodi
489 1505 733 1567 constitutiones
755 1522 820 1566 non
849 1501 1076 1586 praescribunt
1105 1522 1277 1585 processus
1307 1500 1464 1566 ordinarii

284 1630 518 1703 solemnitates;
542 1627 598 1692 sed
622 1627 794 1691 nonnullas
818 1632 1002 1711 proponunt
1020 1624 1239 1691 observandas
1262 1626 1407 1691 cautelas
1431 1631 1465 1690 et

283 1754 439 1837 speciales
470 1752 674 1837 probationes
704 1750 922 1835 exquirendas
948 1751 1077 1813 omnino
1103 1750 1252 1835 proprias
1279 1756 1312 1814 et
1334 1770 1464 1815 accom-

283 1878 391 1945 modas
414 1878 594 1943 huiusmodi
618 1879 734 1952 causis;
751 1877 807 1941 sed
828 1876 868 1941 de
891 1877 943 1941 his
965 1896 1023 1940 suo
1046 1878 1118 1940 loco
1142 1896 1297 1961 expresse
1319 1896 1463 1962 agernus.

372 2004 446 2069 428.
474 2004 539 2067 Per
563 2002 671 2068 Const.
697 2002 913 2067 Clementinas
936 2001 1126 2085 derogatum
1156 2020 1229 2065 esse
1252 2002 1315 2066 iuri
1341 2002 1462 2066 [lecre-

279 2127 391 2191 talium
415 2128 447 2191 in
472 2126 534 2191 hoc
551 2126 644 2193 titulo
662 2128 844 2207 enunciato,
861 2125 990 2190 edocuit
1005 2126 1035 2191 S.
1053 2126 1088 2191 G.
1107 2126 1140 2190 C.
1166 2126 1199 2188 in
1223 2126 1346 2191 celebri
1361 2146 1460 2191 musa

281 2252 475 2317 Monacensi=
490 2252 557 2317 diei
580 2250 631 2316 23
656 2250 814 2315 Ianuarii
837 2250 1007 2332 18755111
1031 2270 1094 2333 qua
1124 2269 1313 2335 responsum
1342 2249 1461 2335 prodiit

277 2378 476 2442 contrarium
501 2378 747 2463 praescriptioni
778 2396 852 2457 cap.
877 2376 894 2437 1
918 2375 949 2438 lr.
975 2379 1008 2455 t,
1033 2376 1232 2455 decernenti,
1257 2394 1328 2440 non
1353 2395 1456 2458 posse

364 2673 388 2739 (l
394 2687 403 2737 p
418 2672 515 2735 Bonis,
528 2674 567 2725 De
582 2676 638 2724 init.
654 2673 752 2726 eccles.
768 2672 802 2724 ll
809 2692 838 2742 p.
849 2672 924 2736 415,
934 2666 1031 2725 cerrset
1043 2688 1089 2739 per
1102 2670 1196 2725 Gorrst.
1209 2673 1262 2724 Dei
1273 2674 1455 2725 miseratione

275 2794 373 2833 causas
391 2778 424 2833 de
438 2778 532 2833 valore
545 2780 668 2848 coniugii
683 2780 893 2849 pertractandas
905 2796 966 2833 esse
985 2780 1041 2832 ritu
1055 2782 1208 2838 ordinario.
1223 2796 1277 2833 non
1291 2780 1454 2843 surmnmn'o,

275 2888 366 2957 prouti
377 2894 460 2942 antea
473 2890 558 2942 fiebat
572 2890 607 2942 ob
622 2889 714 2941 Const.
733 2889 753 2942 C
756 2892 819 2942 lein
831 2918 865 2930 -
876 2888 930 2941 Sed
940 2887 1009 2943 haec
1019 2890 1159 2943 sententia
1169 2906 1259 2959 neque
1269 2889 1337 2942 iuris
1351 2889 1456 2957 princi·

273 2994 326 3063 piis
345 3012 433 3066 neque
447 2996 524 3065 praxi
539 2997 687 3050 conformis
701 3002 751 3050 est.
766 2996 837 3049 Nam
855 2996 942 3049 Clam.
957 2998 1171 3067 Dispendiosam
1184 2996 1285 3051 nullibi
1301 2998 1454 3067 reperimus

272 3098 435 3168 derogatam
458 3102 486 3155 in
504 3102 597 3155 Const.
618 3102 670 3155 Dei
692 3104 879 3167 miseratione,
897 3118 970 3172 quae
994 3105 1104 3155 tuntum
1130 3102 1295 3170 praeseribit
1319 3102 1453 3173 quasdam

272 3203 397 3259 cautelas
416 3206 444 3259 in
464 3206 673 3275 probationibus
692 3207 878 3277 exquirendis,
891 3208 937 3261 sed
951 3207 1143 3263 solemnitates
1162 3208 1233 3261 ritus
1250 3208 1376 3263 formalis
1395 3223 1452 3261 non

271 3309 403 3365 inculcat.
423 3312 493 3366 Hinc
512 3330 546 3369 ex
565 3314 704 3367 communi
724 3316 865 3368 curiarum
885 3316 965 3384 praxi
984 3333 1105 3386 unquam
1119 3318 1269 3385 reprobata
1286 3334 1304 3369 a
1322 3316 1349 3369 S.
1363 3316 1451 3387 cong.
1487 3308 1490 3312 ⁵

269 3414 395 3485 Concilii,
416 3435 559 3487 processus
578 3420 606 3473 in
626 3419 702 3476 hisce
727 3422 820 3474 causis
845 3423 944 3475 confici
969 3421 1070 3487 solent,
1090 3423 1146 3477 ritu
1171 3424 1331 3489 summario,
1350 3440 1450 3493 nempe

269 3540 326 3577 non
344 3530 455 3579 servata
474 3525 533 3580 litis
551 3528 765 3595 contestatione,
784 3527 904 3598 aliisque
923 3529 1126 3598 praetermissis
1143 3529 1368 3585 solemnitatibus
1388 3548 1452 3599 pro·

270 3630 338 3698 priis
356 3646 500 3699 processus
519 3635 666 3688 ordinarii.
686 3662 720 3675 -
741 3633 896 3703 pellegrini
915 3652 959 3705 op.
973 3636 1016 3688 cie.
1037 3635 1079 3688 De
1098 3636 1189 3689 causis
1207 3639 1368 3691 summariis
1386 3654 1413 3689 n.
1427 3638 1450 3687 3

269 3734 310 3788 ait
322 3739 489 3805 apposite:‹
505 3740 574 3793 Sunt
593 3758 693 3795 causae
712 3746 885 3797 seminariae
904 3760 975 3813 quoe
987 3745 1135 3812 requirunt
1152 3746 1254 3815 plenas
1269 3747 1449 3814 probationes

269 3852 294 3895 et
314 3854 375 3897 sulit
388 3854 495 3899 tantum
508 3852 678 3903 surntraorine
690 3852 785 3931 quoad
799 3852 989 3905 solennitates
1009 3854 1055 3906 vel
1067 3852 1179 3921 aliquas
1192 3870 1299 3919 eorum,
1312 3872 1367 3907 non
1379 3872 1448 3909 cero

267 3950 359 4017 quoad
372 3952 551 4018 probationes
571 3954 743 4006 necessarias
762 3954 791 4007 in
811 3972 896 4007 causo
909 3972 934 4010 n.
949 3954 1024 4009 Haec
1043 3955 1186 4009 distinctio
1206 3974 1272 4025 prae
1290 3959 1379 4012 oculis
1395 3957 1448 4012 ba-

267 4051 358 4105 benda
375 4058 426 4118 est,
441 4060 471 4107 ut
490 4063 565 4111 recte
591 4056 773 4127 explicentur,
786 4076 858 4129 qnae
874 4061 1049 4119 disseruntur
1067 4066 1096 4117 in
1115 4064 1186 4135 solio
1205 4082 1305 4121 causae
1326 4067 1446 4121 Tranen.

265 4161 439 4229 sponsalium
457 4164 501 4217 die
514 4164 557 4216 29
570 4164 699 4218 Ianuarii
709 4166 799 4233 1859,
810 4172 827 4233 ἓ
840 4169 974 4239 Denique,
987 4175 1016 4223 et
1029 4172 1156 4239 apposita
1170 4172 1304 4227 resolutio
1317 4176 1343 4228 S.
1356 4173 1442 4243 Cong.

263 4264 367 4320 Concil.
392 4295 426 4307 -
450 4268 508 4323 Hoc
533 4272 701 4325 examussim
722 4274 839 4343 quadrat
865 4276 893 4329 in
919 4293 1016 4331 earrsas
1041 4280 1270 4336 matrimoniales.
1295 4281 1336 4335 Cf.
1356 4282 1441 4352 Psya,

265 4372 307 4424 De
325 4374 427 4442 iamed.
448 4384 473 4427 et
493 4378 563 4447 disp.
583 4390 648 4432 mul.
667 4398 695 4433 n.
711 4380 784 4433 593.
