3350 5117
477 365 520 410 1>ss
545 363 683 410 tumens
707 363 970 411 Bcctssmsrlcls

573 649 753 714 TITULUS
776 649 872 715 VllI.

547 865 601 911 DE
639 863 897 912 susumus,

483 1011 533 1050 tluc
545 1005 660 1050 retentor
674 1009 710 1050 ut.
725 1007 760 1062 20,
774 1007 810 1060 21,
824 1007 864 1049 lib.
879 1006 911 1048 11.
926 1007 956 1048 x.

130 1185 349 1240 Summarinm.
369 1215 403 1228 -
421 1187 483 1240 465.
502 1183 692 1239 adumbratur
711 1185 784 1238 ratio
799 1187 828 1238 et
848 1182 965 1238 historia
982 1183 1065 1236 huius
1084 1183 1263 1254 probationis.
1276 1213 1313 1226 -

223 1293 281 1345 466.
302 1291 390 1346 Hodie
409 1293 438 1346 in
456 1291 597 1346 codicibus
615 1291 684 1345 iuris
702 1290 794 1346 civilis
810 1291 938 1361 probatio
954 1307 1009 1361 per
1028 1301 1111 1346 testes
1130 1307 1200 1362 pene
1219 1289 1312 1345 exclu-

223 1397 305 1450 ditur.
330 1395 375 1449 133
393 1413 459 1451 vere
484 1413 544 1450 can.
564 1400 624 1450 tum
649 1396 678 1450 in
697 1395 819 1465 negotiis
837 1396 967 1450 ciuilibus
985 1399 1045 1449 tum
1065 1397 1093 1449 in
1118 1397 1312 1452 criminalibus

222 1503 345 1558 admittit
359 1507 554 1574 probationem
568 1521 624 1575 per
641 1513 731 1570 testes,
745 1502 906 1574 relinquens
924 1503 1007 1556 iudici
1028 1502 1138 1572 plenam
1152 1501 1311 1558 libertatem

223 1611 347 1667 eamdem
357 1612 504 1668 adhibendi
515 1613 695 1684 eamdemque
705 1611 879 1678 excludendi,
889 1612 981 1682 prouti
991 1610 1169 1681 expostulant
1181 1610 1313 1664 adiuncta
1382 1671 1387 1683 Ι

224 1733 314 1770 rernm
333 1723 363 1772 et
382 1733 568 1788 personarum.
587 1746 624 1758 -
641 1717 702 1771 467.
721 1715 775 1772 Sed
795 1720 888 1771 tamen
908 1715 1003 1772 sedulo
1021 1715 1129 1770 adverti
1148 1715 1239 1781 debet,
1257 1731 1311 1769 non

223 1826 332 1880 easdem
358 1825 469 1894 regulas
494 1827 628 1881 moderari
649 1831 708 1881 tum
733 1829 829 1881 civitio
847 1831 906 1881 tum
933 1828 1093 1882 criminalia
1119 1825 1229 1892 iudicia,
1248 1825 1313 1892 imo,

224 1932 275 1986 hac
302 1933 336 1989 de
354 1951 392 1999 re,
413 1932 524 2002 regulas
547 1931 696 2002 plurimum
720 1933 794 1986 iuter
812 1949 842 1987 se
860 1931 980 1986 differre.
1001 1960 1034 1972 -
1054 1931 1114 1985 468.
1135 1929 1313 1998 Distinguen-

224 2046 269 2094 tur
288 2044 373 2094 testes
390 2041 540 2094 iudiciales
559 2041 594 2093 ab
614 2039 883 2093 caetraiudicialibus.

225 2220 299 2286 465.
325 2221 430 2286 Causa
453 2218 548 2286 fldem
572 2219 747 2285 detrahens
769 2220 907 2304 simplici
930 2218 1164 2284 asseverationi
1188 2218 1314 2286 actoris

124 2346 277 2411 sineret
299 2346 333 2411 in
357 2346 475 2412 iudicio
506 2347 563 2412 1113
585 2348 760 2431 praecipua
782 2350 841 2427 est,
866 2347 941 2430 quia
967 2364 1062 2409 nemo
1085 2345 1117 2408 13
1147 2344 1313 2429 proprium

124 2471 284 2536 damnum
315 2473 532 2557 praesumitur
561 2473 676 2553 testari
706 2471 800 2538 velle.
838 2467 980 2536 Proinde
1015 2487 1087 2533 cum
1123 2469 1247 2553 saepies
1281 2469 1313 2532 in

124 2613 288 2681 processu
310 2597 447 2680 partium
470 2595 676 2661 affirmationi
699 2595 847 2661 standum
871 2595 921 2670 sit,
949 2595 1132 2660 recurritur
1154 2591 1194 2658 ad
1226 2593 1312 2658 iura-

123 2717 234 2782 menti
256 2719 535 2805 religionemque
556 2720 697 2806 partium
719 2718 868 2783 voluntas
884 2723 917 2784 et
939 2718 1114 2784 auctoritas
1129 2715 1311 2780 roboratur.

123 2843 198 2909 Sed
214 2845 301 2910 aliud
316 2847 480 2911 occcurrit
503 2846 605 2930 magis
620 2843 770 2910 33133313
785 2843 924 2908 medium
940 2842 980 2907 ad
1004 2841 1215 2928 detegendam
1236 2840 1321 2933 13311Ι

122 2972 316 3052 veritatem,
332 2991 447 3057 nempe
471 2972 600 3036 illorum
615 2973 648 3036 13
672 2969 824 3036 iudicium
841 2971 994 3034 invocare
1014 2967 1234 3034 attestationes
1250 2967 1313 3050 qui,

122 3113 253 3160 causae
269 3097 428 3167 extranei,
446 3096 566 3160 iactum
583 3099 815 3180 cognoscentes
835 3097 1086 3180 praesumuntur
1103 3093 1261 3176 integram
1283 3098 1316 3157 et

121 3223 296 3287 sinceram
312 3223 398 3286 velle
414 3222 510 3287 fateri
525 3224 704 3290 veritatem.
728 3223 784 3286 Isti
801 3225 876 3286 3331
892 3226 987 3286 133133
1004 3225 1037 3286 31
1056 3239 1167 3284 eorum
1183 3237 1314 3283 asseve-

121 3347 279 3412 rationes
295 3347 446 3414 dicuntur
461 3347 688 3415 attestationes
691 3367 706 3431 ;
719 3347 803 3412 unde
819 3348 853 3411 ia
870 3346 1030 3411 Decretal.
1048 3347 1146 3430 Greg.
1165 3344 1224 3418 IX,
1243 3347 1315 3410 titu-

119 3469 328 3542 13323111.
344 3471 364 3534 l
365 3469 390 3545 1,
404 3471 592 3539 inscribitur
606 3491 623 3533 ‹
637 3471 687 3536 De
699 3470 834 3537 testibus
847 3475 878 3534 et
889 3465 1157 3534 attestationibus
1170 3488 1200 3530 ».
1214 3467 1315 3534 Nemo

119 3617 200 3661 non
231 3596 320 3660 videt
341 3597 426 3663 hanc
456 3599 596 3682 speciem
619 3596 817 3683 probationis
848 3593 983 3661 mirifice
1006 3595 1167 3662 inservire
1199 3615 1315 3662 causae

118 3722 354 3795 instruendae,
368 3740 469 3805 quare
485 3719 568 3806 apud
580 3721 714 3808 populos
726 3740 791 3784 non
806 3717 977 3784 admodum
990 3717 1137 3784 excultos
1153 3720 1313 3784 attestatio

116 3865 266 3930 semper
289 3845 349 3912 1311
374 3843 446 3910 1333
471 3847 584 3911 331333
607 3845 828 3931 probationum
856 3844 937 3910 sons.
972 3845 1021 3908 113
1044 3843 1129 3930 apud
1153 3844 1314 3910 Romanos

114 3973 168 4038 ab
200 3973 290 4038 initio
321 3974 559 4037 attestationum
588 3992 663 4037 usus
693 3971 764 4036 31113
794 3970 1036 4056 probationibus
1066 3969 1257 4056 praevaluit,
1284 3975 1317 4034 31

115 4099 263 4163 3333131
287 4099 486 4183 sequioribus
509 4099 646 4165 saeculis
669 4101 699 4165 ei
724 4104 909 4184 comparata
929 4098 990 4163 fuit
1013 4096 1159 4183 probatio
1183 4099 1314 4182 scripta.

113 4224 177 4292 Gt.
196 4222 273 4288 Aul.
288 4223 411 4289 Gellius
427 4224 478 4288 Xl
489 4225 522 4294 V,
534 4224 569 4289 2.
587 4258 630 4273 -
644 4225 762 4288 Postea
776 4225 860 4289 haec
875 4223 993 4288 sensim
1007 4222 1112 4307 coepit
1124 4220 1317 4307 praevalere

111 4353 212 4437 ipsis
228 4350 496 4422 attestationibus,
513 4356 549 4416 ut
563 4350 663 4417 habet
677 4348 797 4416 Paulus
811 4349 919 4436 (Sent.
942 4349 975 4424 V,
990 4347 1042 4422 15,
1056 4349 1077 4430 S
1093 4345 1172 4434 4).·<
1196 4345 1317 4428 Τ33133,

112 4453 300 4544 3313131133
315 4475 396 4561 fidei
411 4475 608 4542 tabularum
628 4475 779 4550 adhibiti,
798 4475 943 4542 titubare
962 4473 1132 4550 dicantur,
1150 4472 1316 4538 adversus
