3350 5117
330 254 375 319 48
856 270 940 319 raas
963 270 986 316 1.

330 392 417 456 tione
433 394 688 457 constituuntur:
707 411 808 475 quare
823 392 883 458 sibi
899 393 1058 478 imputare
1073 392 1192 461 debent
1206 400 1327 480 partes,
1345 397 1370 462 si
1390 398 1509 463 omisso

331 517 435 585 iudice
458 518 633 593 ordinaria,
657 538 717 604 per
739 518 880 585 arbitros
904 520 1012 585 laesae
1034 522 1109 587 sint.

419 644 453 729 4)
476 643 619 711 Tandem
642 664 685 711 ex
708 646 777 731 ipso
801 645 894 711 modo
918 646 1115 731 procedendi
1140 644 1294 714 differunt
1316 648 1470 717 arbitri
1456 671 1509 715 ιιι·

328 766 379 833 ris
401 788 421 832 a
444 769 802 852 compromissariisa
787 768 954 836 Arbitri
941 770 1029 836 raris
1041 770 1223 861 procedere
1238 771 1357 838 debent
1372 779 1506 877 servato

330 893 410 959 iuris
433 892 557 967 ordine,
581 912 647 980 non
670 913 764 959 secus
787 913 826 959 ac
849 894 904 958 alii
928 894 1050 959 iudices
1073 895 1165 960 iuxta
1186 896 1226 961 ea
1253 916 1337 980 quae
1367 896 1509 982 explica·

330 1024 433 1089 bimus
456 1021 496 1088 de
519 1042 674 1107 processu
697 1020 855 1095 iudiciali;
879 1019 994 1086 arbitri
1017 1041 1098 1086 vero
1121 1022 1414 1105 compromissarii
1440 1042 1507 1102 ser-

330 1165 412 1211 vare
436 1143 554 1209 debent
576 1142 704 1207 modum
727 1108 922 1228 procedendi
938 1122 1044 1207 sibi
1037 1162 1070 1207 m
1103 1129 1252 1208 mandato
1284 1146 1507 1228 compromissi

330 1268 548 1336 constitutum.
572 1262 650 1331 Si
631 1286 710 1332 iero
735 1266 842 1332 nullus
865 1268 1094 1351 praesignetur
1116 1266 1239 1348 modus,
1256 1275 1510 1353 praesumuntur

330 1398 441 1481 partes
465 1392 559 1473 velle,
584 1396 619 1458 ut
640 1390 754 1456 arbitri
778 1390 988 1477 procedant
981 1392 1060 1457 ruris
1083 1391 1195 1456 ordine
1224 1397 1364 1464 servato,
1389 1411 1510 1477 nempe

330 1521 422 1584 iuxta
448 1517 587 1582 formam
611 1517 791 1583 iudicialem
815 1536 1026 1591 communem,
1044 1538 1088 1583 ex
1110 1538 1184 1601 cap.
1205 1518 1237 1590 6.
1257 1520 1290 1584 b.
1307 1524 1328 1583 t.
1353 1518 1507 1585 Ceterum

330 1640 399 1705 sive
430 1638 535 1703 forma
569 1659 738 1725 processus
768 1637 914 1705 edicatur
940 1657 961 1703 a
987 1638 1142 1724 partibus.
1166 1641 1238 1706 sive
1269 1638 1456 1706 desumatur
1487 1662 1510 1705 a

331 1762 403 1827 iure
426 1762 572 1846 positivo,
597 1780 725 1847 semper
753 1760 880 1826 firmum
904 1767 1022 1835 manet,
1050 1763 1367 1845 «compromissum
1397 1762 1445 1829 aot
1466 1763 1508 1828 si-

331 1887 560 1953 militudinem
583 1886 787 1953 iudiciorum
814 1886 962 1972 rodigii>
986 1905 1033 1953 eor
1056 1888 1076 1953 t.
1100 1888 1136 1971 ff.
1160 1888 1191 1951 b.
1215 1893 1237 1953 t.

420 2010 474 2075 20.
499 2008 581 2085 Quia
603 2008 735 2073 arbitris
755 2007 1072 2091 compromissariia
1091 2029 1133 2074 ex
1148 2008 1379 2094 compromisso
1395 2006 1509 2073 modus

330 2155 460 2202 causam
484 2134 697 2221 cognoscendi
721 2135 952 2218 praestituitur,
977 2136 1123 2200 nascitur
1138 2133 1258 2220 duplex
1274 2135 1407 2201 istorum
1423 2134 1508 2199 arbi-

331 2264 456 2323 trorum
476 2256 617 2341 species:
642 2256 669 2320 si
695 2256 781 2321 enim
805 2256 957 2321 statuitur
978 2260 1014 2321 ut
1029 2255 1206 2341 procedant
1219 2254 1336 2337 sorana
1351 2254 1509 2322 iudiciali

26 2467 30 2484 1
331 2384 409 2445 tunc
431 2378 545 2443 arbitri
564 2378 710 2462 proprie
735 2377 907 2453 dicuntur,
936 2378 1005 2443 sive
1035 2377 1213 2462 procedant
1246 2377 1353 2443 forma
1375 2379 1506 2463 speciali

332 2503 402 2567 sive
426 2502 602 2567 communi:
619 2502 645 2565 si
670 2519 749 2565 vero
773 2500 911 2565 edicitur
933 2505 969 2565 ut
986 2499 1166 2584 procedant
1187 2500 1507 2575 eatraiudicialiter,

131 2687 133 2696 ,
333 2626 424 2710 quasi
446 2624 631 2689 amicabiles
655 2624 943 2708 compositores,t
945 2641 1008 2688 unc
1038 2622 1260 2690 arbitratoras
1290 2625 1455 2711 appellant
1456 2646 1505 2689 ur.

154 2728 160 2737 ’
223 2732 228 2741 ’
264 2731 267 2740 ’
333 2751 418 2814 Hinc
440 2748 628 2815 arbitrator
654 2766 718 2812 non
752 2752 800 2811 est
831 2746 930 2811 iudex
958 2750 1200 2845 controversiae
1231 2748 1287 2813 sed
1317 2750 1422 2834 potius
1452 2748 1508 2813 oir

325 2873 557 2958 probusetp
499 2872 664 2938 teritus
692 2874 754 2955 qui,
780 2876 896 2937 exorto
918 2872 1025 2955 aliquo
1048 2870 1154 2945 dubio,
1180 2871 1262 2937 vel
1255 2892 1288 2936 m
1313 2873 1506 2937 executione

332 2994 518 3063 contractus
541 2996 625 3061 vel
617 3016 650 3060 ιιι
673 2996 895 3061 aestimatione
920 2997 977 3069 rei,
1002 2997 1222 3083 interrogatus
1245 3016 1336 3062 suam
1352 2996 1510 3082 exprimit

330 3124 521 3188 sententiam
545 3121 647 3206 quoad
664 3128 786 3187 rectam
801 3123 967 3208 practicae
982 3120 1177 3189 difficultatis
1192 3123 1396 3190 solutionem.
1414 3122 1509 3190 Unde

331 3248 370 3313 ab
394 3247 524 3313 arbitris
548 3247 856 3330 compromissariis
878 3246 1053 3313 nullimode
1084 3246 1250 3333 appellare
1277 3247 1354 3313 licet
1381 3246 1435 3313 vel
1465 3247 1506 3312 ad

329 3371 410 3436 alios
432 3370 572 3436 arbitros
595 3388 791 3455 provocare;
815 3368 859 3436 ab
889 3369 1095 3436 arbitratora
1117 3389 1197 3435 vero
1226 3375 1360 3455 propter
1390 3369 1506 3435 laesio-

331 3516 405 3563 nem
427 3516 561 3583 gravem
586 3516 680 3580 quam
704 3515 780 3581 pars
802 3495 892 3561 laesa
921 3500 1036 3579 parata
1063 3499 1112 3561 est
1141 3494 1291 3580 probare,
1323 3494 1510 3560 recurritur

330 3620 371 3685 ad
393 3618 563 3685 arbitrium
586 3619 660 3684 boni
683 3620 746 3686 viri
770 3640 827 3685 seu
850 3617 892 3683 ad
915 3618 1053 3684 iudicem
1076 3618 1290 3695 ordinarium;
1315 3640 1358 3684 ex
1388 3620 1410 3685 l.
1443 3617 1506 3685 So·

332 3744 484 3811 metatam
506 3744 528 3826 5
552 3742 828 3827 Arbitroramff.
864 3741 935 3810 Pro
972 3742 1092 3826 Socio;
1126 3746 1160 3807 et
1189 3761 1265 3826 cap.
1293 3742 1337 3808 16
1364 3742 1416 3808 De
1446 3742 1509 3807 lu·

331 3866 415 3934 retu.
440 3868 474 3931 X
495 3866 642 3953 (11,24).
667 3866 708 3932 of.
735 3864 946 3933 Reiffenstuel
970 3867 1002 3931 h.
1026 3871 1050 3930 t.
1074 3886 1106 3929 n.
1140 3867 1191 3932 10.
1217 3867 1361 3950 Namque
1383 3864 1423 3930 ab
1447 3885 1507 3931 ar·

332 3990 494 4059 bitratore
529 4010 593 4056 non
626 3998 751 4057 tantum
784 3991 964 4060 attenditur
1002 3992 1122 4079 negotii
1159 3988 1302 4057 definitio
1336 3990 1508 4074 iudicialis,

332 4138 427 4203 quam
450 4116 536 4183 dubii
560 4118 675 4183 solutio
700 4116 963 4192 extraiudicialis‚
987 4117 1070 4201 quod
1094 4117 1224 4182 dubium
1246 4117 1273 4182 si
1298 4135 1416 4181 revera
1438 4135 1504 4181 non

332 4243 485 4318 solvatur,
510 4260 711 4326 consequens
735 4246 784 4306 est
805 4246 842 4309 ut
857 4241 991 4308 alterius
1006 4242 1100 4327 periti
1117 4247 1150 4307 et
1166 4241 1257 4327 probi
1274 4242 1336 4306 viri
1354 4246 1506 4328 expostu-
