3350 5117
503 364 547 411 nu
571 360 712 411 runicus
743 360 1009 409 nocnnsrnsrrcre
1280 342 1347 407 155

162 495 260 575 parte
280 491 333 555 rei
355 490 408 574 qui
434 488 622 555 defensione
645 486 775 573 indiget,
792 488 867 570 quia
888 485 1060 552 naturalis
1081 484 1172 551 ratio
1188 485 1291 551 umal
1315 468 1352 551 et

102 638 110 655 ·
163 613 275 681 dritta
296 614 415 681 suadet
439 612 582 679 niteatur
605 612 831 680 conditionem
855 611 958 677 etiam
987 609 1181 697 ipnoraatis
1206 630 1273 694 per
1295 611 1346 675 al·

165 742 279 805 lerum
307 740 384 824 fieri
413 738 589 805 meliorem
611 756 722 822 posce,
747 756 790 803 ex
821 736 842 801 l.
867 732 1036 801 Solemrdo
1059 732 1110 800 39
1130 736 1166 821 ff.
1190 734 1241 801 De
1269 752 1346 821 nep.

164 870 264 950 pect.;
276 868 309 929 et
325 867 421 931 etiam
438 864 552 949 «quia
563 862 700 947 publice
714 863 852 928 interest
868 861 1021 927 absentes
1035 861 1139 927 etium
1150 860 1348 949 ipnoranter

160 1010 231 1075 per
261 1010 509 1075 quencumque
539 988 689 1073 defendi,
709 1008 752 1055 ne
782 988 900 1075 ipnnrt
926 988 1108 1070 patiantur
1135 988 1345 1055 damnum

166 1115 188 1180 l.
215 1114 362 1181 Sauum
383 1110 435 1180 33
455 1114 490 1198 ff.
515 1112 569 1179 De
587 1118 764 1196 procurat.
792 1116 798 1131 “

258 1234 316 1311 Ad
330 1234 465 1317 fraudes
488 1232 731 1321 praecavendas
747 1253 828 1319 quae
853 1234 994 1300 faciliter
1010 1234 1133 1299 exoriri
1149 1238 1282 1320 possunt
1305 1252 1348 1297 ex

166 1359 333 1426 mandute
353 1364 589 1442 praesumpto,
602 1359 850 1443 expostulentur
873 1358 1038 1427 cautiones
1062 1357 1186 1435 dandae
1209 1377 1229 1421 a
1251 1376 1347 1443 prae·

166 1484 296 1572 snmpto
327 1485 549 1568 procuratore.
573 1516 618 1531 -
641 1480 725 1547 Sane
748 1480 788 1546 ab
813 1482 929 1566 coqui
953 1481 999 1545 ita
1021 1478 1200 1545 admittitur
1227 1478 1267 1544 ad
1290 1477 1348 1544 de·

168 1603 366 1669 tendendum
391 1624 491 1678 reum,
517 1606 703 1691 exposcitur
733 1604 909 1671 sutmdutio
933 1604 976 1669 de
997 1602 1148 1670 iudmato
1175 1602 1349 1676 solvendo,

166 1751 225 1795 seu
249 1729 335 1816 quod
358 1732 426 1817 ipse
450 1730 645 1817 respondeat
666 1730 762 1797 iudici
787 1736 820 1796 et
842 1732 937 1796 alteri
961 1730 1046 1817 parti
1070 1747 1130 1816 pro
1160 1749 1228 1801 reo,
1252 1727 1348 1793 etiam

167 1854 274 1939 quoad
298 1874 369 1921 rem
392 1856 618 1941 praestandam
641 1858 675 1922 in
699 1858 891 1923 executione
923 1855 1040 1937 iudicii,
1064 1874 1142 1919 casu
1172 1874 1237 1939 quo
1268 1872 1348 1918 con·

167 1983 287 2043 ventus
311 1997 368 2043 seu
396 1978 551 2060 dominus,
568 1978 747 2044 sententiae
770 1998 889 2064 parere
912 1982 1050 2043 recuset.
1067 2010 1111 2025 -—
1127 1976 1190 2051 Qui
1205 1994 1285 2041 vero
1307 1974 1348 2040 ad

167 2102 344 2189 coendum
368 2102 555 2177 admittitur,
581 2104 733 2169 nimirum
757 2123 798 2167 ex
822 2107 1026 2189 praesumpto
1049 2102 1170 2168 actoris
1190 2099 1348 2170 mandato.

167 2226 213 2292 de
241 2234 319 2294 rato
351 2248 472 2295 cavere
502 2228 606 2302 debet,
630 2250 688 2295 seu
720 2227 882 2314 spondere
908 2228 1141 2313 principalem
1171 2226 1350 2293 dominum

167 2353 278 2415 totum
308 2349 345 2415 id
375 2354 492 2416 rutum
521 2348 718 2417 habiturum
740 2370 812 2417 erre
842 2352 934 2436 quod
962 2350 1000 2416 ia
1028 2349 1155 2417 iudicio
1183 2369 1205 2414 a
1228 2366 1265 2414 oe
1292 2366 1350 2435 pe-

168 2471 263 2536 ritur
286 2470 342 2557 (l).

262 2597 405 2663 Proinde
428 2596 574 2687 dominus
597 2596 784 2687 principalis
808 2598 876 2662 sive
900 2602 992 2667 actor
1014 2598 1085 2663 sive
1108 2617 1183 2663 reus
1207 2616 1352 2685 eaquae

168 2731 263 2817 geste
286 2730 361 2790 sunt
384 2744 413 2809 a.
424 2728 638 2811 procuratore
663 2725 716 2790 vel
740 2745 782 2789 ex
806 2724 957 2789 mandato
981 2743 1144 2809 expresso
1167 2726 1220 2789 vel
1246 2744 1349 2808 prac-

168 2856 317 2935 sumpto,
342 2848 437 2935 debet
453 2856 538 2916 'roto
561 2849 692 2933 habere,
717 2850 769 2915 vel
798 2855 989 2932 praestare,
1015 2855 1048 2915 et
1070 2870 1110 2915 ea
1132 2850 1351 2918 tantummodo

169 2994 322 3073 PF9-!¹.⁰¹¹
345 2976 445 3065 gestis
467 2973 725 3061 haberenpotest
739 2992 821 3057 quae
841 2972 894 3037 vel
917 2994 937 3036 a
960 2972 1042 3038 salso
1057 2978 1282 3060 procuratore,
1297 2973 1351 3038 vel
1446 3043 1449 3047 A

169 3105 430 3193 amecuratoro
453 3104 605 3189 revocato
627 3100 681 3164 vel
696 3118 725 3197 a
745 3103 961 3196 procuratore
984 3096 1065 3164 fines
1087 3098 1228 3164 mandati
1252 3115 1350 3163 exce-

170 3226 271 3333 dente
294 3229 386 3325 gesta
410 3228 492 3289 sunt.
518 3223 638 3289 Contra
660 3222 771 3289 taliter
793 3228 887 3308 gesta
908 3225 1080 3309 opponitur
1096 3222 1248 3307 exceptio
1269 3222 1353 3307 satri

262 3521 304 3593 (l)
323 3520 394 3583 Quin
417 3538 481 3576 reue
499 3520 529 3575 in
549 3520 659 3588 iudicio,
678 3522 836 3578 necessario
861 3523 898 3576 nb
923 3526 1019 3576 actore
1043 3520 1216 3587 convenitur,
1235 3525 1263 3575 et
1288 3518 1353 3574 hinc

171 3628 339 3684 defensione
357 3628 473 3698 indiget,
487 3642 521 3683 ne
535 3628 708 3699 opprimatur
734 3628 768 3682 ab
792 3627 897 3682 actoris
921 3626 1065 3692 instantia,
1084 3629 1248 3695 procurator
1270 3622 1353 3679 facile

171 3734 335 3790 admittitur
354 3751 391 3789 ex
408 3738 539 3789 mandato
554 3743 746 3805 praesumpto,
764 3733 851 3788 etiem
868 3734 956 3787 invito
974 3740 1076 3799 actore,
1095 3731 1131 3784 ad
1151 3729 1352 3786 defendendum

172 3846 353 3909 conventum,
375 3840 521 3895 dummodo
545 3840 661 3895 setiedet
684 3843 720 3895 de
743 3840 864 3894 iudicato
887 3839 1023 3893 solvendo
1048 3841 1077 3893 et
1101 3836 1214 3892 aliunde
1238 3836 1353 3891 idonens

172 3948 218 4003 eit
241 3974 276 3990 -
296 3946 337 4002 Ea
357 3952 455 4003 contre
472 3964 557 4018 quum
574 3964 656 4003 nemo
675 3948 776 4001 inuitur
795 3962 883 4015 apere
908 3954 1034 4015 cupatur,
1052 3960 1107 3999 nou
1132 3943 1291 3998 admittitur
1308 3942 1353 3995 fe·

173 4054 228 4111 cilo
248 4058 413 4125 procurator
431 4058 468 4109 ad
487 4054 627 4125 apendum
652 4052 713 4109 nine
737 4051 868 4107 mandato
890 4068 1028 4122 expresso,
1037 4051 1094 4106 etsi
1114 4060 1210 4106 caveat
1227 4052 1263 4107 de
1280 4060 1352 4105 rato.

172 4158 394 4231 Praesumptum
412 4174 479 4214 vero
496 4156 657 4213 mandatum
676 4156 711 4211 ad
729 4156 877 4226 egendum,
896 4155 1058 4224 attenditur,
1071 4156 1095 4209 ei
1114 4154 1263 4211 vehemeuu
1281 4154 1355 4209 adsit

172 4266 248 4321 ratio
267 4265 461 4337 praesumendi
475 4264 632 4319 mandentis
645 4262 825 4330 voluntatem,
839 4266 940 4331 utputa
952 4260 1062 4332 quando
1076 4260 1170 4331 agitur
1182 4260 1216 4315 de
1229 4257 1354 4329 personis

172 4374 252 4425 arcte
274 4370 431 4425 coniunctis
449 4386 512 4424 cum
530 4370 708 4440 praesumpto
727 4370 916 4435 procuratore,
935 4364 970 4417 cf.
991 4381 1014 4420 c.
1031 4364 1053 4433 1,
1067 4366 1092 4418 lu
1107 4374 1123 4417 t.
1140 4365 1176 4431 X,
1191 4366 1220 4419 et
1234 4364 1253 4417 l.
1268 4364 1287 4417 l.
1298 4364 1353 4429 35,

171 4480 225 4549 40,
243 4482 262 4545 ς
280 4480 310 4547 2,
334 4478 477 4551 rapu.
497 4488 515 4533 ι.
