3350 5117
350 343 418 410 334
877 363 962 411 rans
986 368 1009 415 1.

350 484 442 552 diatc
464 484 530 549 huc
552 489 677 569 spectat
706 484 1036 563 conditionum‘usus,
1049 489 1203 554 nimirum
1226 486 1273 553 ad
1294 485 1537 552 resolvendam

350 606 414 689 ins,
438 605 523 672 unde
546 585 682 693 excepto
711 612 872 691 ternpore,
899 609 932 675 in
956 610 1028 676 aliis
1050 609 1189 674 habetur
1211 607 1325 675 modus
1355 607 1447 692 quasi
1479 625 1539 672 ne·

351 714 498 819 patiens.
522 732 687 808 Quomodo
710 734 773 800 hoc
799 733 865 809 fiat,
892 737 988 801 modo
1010 734 1252 821 explicabimus.

439 857 515 924 304.
541 857 618 922 Cum
649 858 764 941 primis
788 857 905 924 titntns
929 878 994 923 non
1018 859 1206 942 requiritur,
1222 857 1298 942 quia
1321 875 1386 921 non
1411 855 1539 922 debent

349 979 459 1043 sanari
483 977 628 1046 deiectus
651 981 873 1064 acquisitionis
896 999 1018 1062 rerum,
1035 981 1093 1046 sed
1115 979 1236 1046 resolvi
1259 981 1341 1053 iura,
1366 953 1536 1064 obligatio

350 1122 409 1167 nes
431 1107 465 1167 et
486 1103 651 1188 appositae
674 1105 831 1169 actiones.

442 1227 516 1293 305.
545 1227 713 1294 Obiectnm
741 1229 961 1296 emanationis
982 1230 1253 1314 praescriptione
1275 1234 1356 1296 sunt.
1372 1230 1456 1302 iura
1481 1228 1542 1294 sed

353 1353 510 1418 nonnulla
534 1331 791 1439 effipl'debent,
1209 1427 1214 1438 ‚

383 1537 385 1542 .
442 1476 563 1542 Primo
587 1478 793 1564 excipiuntur
817 1480 998 1566 iura,quae
1029 1501 1049 1546 a
1072 1481 1207 1565 privatis
1230 1478 1353 1545 civibus
1378 1479 1434 1544 vel
1458 1477 1543 1544 fide-

353 1596 436 1662 libus
460 1595 584 1682 disponi
607 1619 672 1663 non
696 1606 838 1684 possunt.
864 1601 985 1686 Nempe
1001 1621 1041 1666 ea
1064 1620 1145 1685 quae
1168 1603 1333 1686 pertinent
1353 1599 1395 1665 ad
1419 1605 1542 1666 statum

352 1697 561 1806 reipublicae,
586 1723 737 1787 nimirum
760 1722 800 1788 ad
824 1725 965 1789 civitatis
987 1724 1041 1789 ins
1058 1723 1259 1808 publicum
1287 1743 1349 1789 nec
1372 1742 1438 1789 non
1462 1724 1542 1786 iura

355 1844 396 1910 ad
418 1844 581 1930 publicum
604 1845 722 1912 bouum
746 1854 940 1934 comparata,
964 1849 1072 1933 qualia
1093 1853 1168 1915 sunt
1190 1869 1305 1914 munus
1327 1870 1355 1917 s.
1381 1849 1544 1914 visitatio·

354 1967 405 2032 nis
428 1968 636 2054 Episcopalis,
668 1969 919 2055 praedicationis
955 1977 988 2035 et
1017 1971 1080 2036 alia
1108 1971 1352 2053 huiusmodiuin
1374 1971 1539 2037 Ecclesia

354 2097 456 2172 Haec,
474 2099 501 2161 si
531 2079 597 2161 non
628 2103 702 2164 sunt
731 2097 750 2162 d

352 2221 515 2307 abrogari,
540 2221 691 2306 derogari
717 2227 861 2306 possunt,
886 2242 950 2287 non
975 2243 1055 2289 vero
1075 2224 1358 2307 praescriptione.

389 2413 393 2418 ,
441 2341 596 2412 Secundo
620 2344 826 2429 excipiuntur
855 2347 930 2410 iura
950 2344 1164 2428 facultatiola,
1190 2349 1265 2432 quia
1290 2368 1308 2410 ‹
1331 2348 1370 2413 in
1391 2347 1545 2430 faculta-

352 2466 429 2533 tiois
450 2486 521 2532 non
544 2467 648 2533 datur
666 2468 895 2552 praescriptio
912 2490 943 2533 ›.
968 2471 1014 2537 At
1036 2471 1267 2554 quaerendum,
1292 2490 1452 2556 quaenam
1474 2471 1545 2536 sint

353 2594 425 2658 iura
446 2593 657 2678 facultatiaa,
687 2613 761 2658 cum
792 2595 901 2658 omnia
931 2594 1004 2658 iura
1026 2597 1091 2660 sint
1117 2595 1234 2681 agendi
1265 2596 1405 2677 morales
1428 2594 1542 2661 facul-

353 2723 446 2783 tates.
470 2754 515 2764 -
539 2718 581 2782 nt
605 2718 638 2782 in
661 2717 746 2782 hanc
769 2721 992 2802 quaestionem
1016 2719 1050 2784 in
1081 2721 1194 2805 primis
1216 2719 1416 2801 advertatur,
1439 2740 1542 2806 prae·

351 2845 529 2930 scriptione
552 2825 730 2909 extinctiva
762 2846 924 2911 contineri
947 2845 1193 2927 alienationem3
1217 2847 1267 2912 ius
1290 2848 1376 2911 enim
1399 2847 1455 2912 uni
1485 2866 1543 2912 ex-

351 2974 487 3037 tinctum
511 2971 606 3037 alteri
631 2972 819 3055 acquiritur,
845 2970 898 3036 vel
928 2972 1097 3037 accrescit.
1123 2973 1168 3036 At
1197 2971 1355 3037 nonnulla
1377 2971 1452 3036 iura
1475 2991 1542 3037 nec

352 3092 478 3176 acquiri
501 3111 562 3157 uec
593 3092 731 3156 alienari
753 3092 873 3166 valent,
898 3095 1005 3179 prouti
1028 3098 1106 3158 sunt
1136 3113 1280 3177 eaquae
1304 3094 1473 3180 pertinent
1497 3093 1540 3158 ad

355 3215 536 3280 naturalem
553 3215 697 3282 bominis
712 3216 906 3287 libertatem,
920 3216 1022 3282 veluti
1036 3236 1097 3303 per
1112 3219 1181 3283 vias
1196 3217 1341 3303 publicas
1356 3213 1542 3292 ambulare,

354 3338 491 3402 facultas
514 3357 569 3402 res
585 3359 659 3404 suas
681 3339 825 3425 legitimo
850 3340 944 3405 modo
967 3340 1078 3405 tuendi
1102 3346 1135 3407 et
1156 3341 1221 3404 alia
1244 3339 1437 3405 huiusmodi.
1455 3341 1542 3408 Item

353 3483 498 3548 eaquae
522 3464 684 3549 pertinent
708 3463 748 3528 ad
772 3469 891 3529 statum
915 3464 1008 3539 civis,
1029 3466 1154 3531 scilicet
1176 3465 1216 3530 ad
1240 3465 1313 3530 iura
1335 3464 1486 3531 omnibus
1509 3472 1544 3530 et

354 3591 489 3676 singulis
514 3588 636 3655 civibus
660 3573 863 3675 comparatass
888 3595 1003 3676 utputa
1025 3591 1073 3655 ius
1089 3583 1283 3656 recurrendi
1305 3589 1346 3656 ad
1361 3589 1542 3657 tribunalia

355 3731 413 3798 pro
436 3713 502 3778 suis
532 3711 655 3776 iuribus
687 3711 777 3779 iuxta
806 3703 898 3798 leges
920 3712 1147 3798 experiundis3
1179 3713 1263 3778 haec
1286 3713 1440 3777 nimirum
1465 3713 1543 3777 iura

353 3855 414 3920 per
436 3854 501 3900 non
525 3855 617 3902 usum
642 3855 804 3920 nunquam
830 3837 1092 3921 extinguuntur..

444 3955 569 4022 Verum
586 3975 650 4020 non
666 3975 770 4042 pauca
794 3957 862 4021 sive
886 3957 1024 4022 hominis
1047 3959 1124 4052 sive·
1132 3959 1212 4024 civis
1227 3959 1300 4022 iura
1315 3961 1450 4042 possunt
1464 3954 1539 4022 deri

353 4076 514 4143 obiectum
544 4079 831 4158 conventiculam
863 4079 954 4144 cuius
977 4079 1097 4164 aliquid
1128 4078 1200 4145 fieri
1233 4079 1359 4152 debeat,
1387 4079 1461 4145 dari
1487 4079 1541 4144 vel

353 4205 530 4286 praestari;
559 4205 712 4268 nimirum
745 4205 814 4288 quis
838 4209 943 4291 potest
973 4227 1063 4270 suam
1092 4207 1277 4275 libertatem
1310 4208 1540 4292 constringere

354 4328 482 4392 vinculo
506 4328 709 4414 obligationis
732 4350 853 4416 suaque
877 4334 949 4397 iura
971 4333 1005 4396 in
1029 4337 1159 4417 pactum
1182 4331 1362 4410 deducere;
1387 4354 1428 4399 en
1454 4332 1541 4398 obie

352 4455 441 4516 ctum
463 4452 726 4538 praescriptionis
742 4455 948 4520 extinctivae.
975 4453 1163 4520 Huiusmodi
1180 4458 1266 4522 enim
1289 4457 1363 4522 iura
1385 4477 1452 4523 non
1466 4475 1543 4524 am·
