3350 5117
296 343 364 408 646
820 364 905 411 rans
927 364 952 410 1.

387 485 564 554 Praeterea
591 506 753 573 expensae
784 493 1036 573 compensantur
1065 488 1153 553 inter
1182 493 1303 572 partes,
1326 505 1383 552 seu
1409 506 1475 550 non

295 610 332 678 fit
361 613 584 679 condemnatio
613 634 832 700 expensarum
863 615 891 679 si
922 635 975 679 ex.
1005 635 1055 700 gr.
1086 615 1248 678 alteruter
1277 613 1407 698 litigans
1439 613 1474 676 in

297 759 360 803 uno
394 739 531 803 articulo
561 740 652 812 iuste,
679 741 710 802 in
741 739 806 804 alio
837 745 963 804 temere
995 740 1191 825 litigaverit3
1223 739 1277 802 rel
1311 739 1344 801 in
1377 755 1476 800 causa

295 863 412 948 partim
436 864 551 935 victor,
574 865 691 950 partim
714 867 819 930 victus
842 865 912 930 fuit.
937 865 1064 929 Verum
1080 862 1193 928 iudicis
1215 882 1318 946 aequo
1340 860 1477 924 arbitrio

294 986 462 1050 remissum
486 991 535 1050 est
559 985 729 1052 declarare
750 1007 815 1051 non
831 988 944 1060 solum,
961 1007 1005 1051 an
1027 989 1132 1053 rictus
1147 995 1271 1051 temere
1296 984 1347 1048 vel
1369 985 1477 1048 minus

294 1109 479 1195 litigaverit,
504 1110 562 1176 sed
588 1111 683 1175 etiam
708 1131 771 1196 qua
795 1133 949 1176 mensura
970 1113 1177 1184 temeritaris‚
1201 1113 1247 1175 ita
1268 1117 1304 1175 ut
1329 1109 1476 1175 condem·

294 1235 382 1299 natio
412 1253 628 1319 expensarum
653 1236 684 1297 in
718 1255 757 1300 ea
780 1237 962 1320 quantitate
989 1233 1060 1300 fieri
1083 1234 1209 1308 debeat
1234 1241 1271 1300 ut
1299 1235 1341 1298 sit
1370 1253 1477 1318 poena

294 1363 417 1424 temere
438 1358 603 1444 litigantis.

383 1479 416 1564 3)
441 1479 532 1554 Quod
555 1481 706 1546 statuitur
722 1479 761 1544 de
780 1482 886 1565 prima
902 1482 1065 1553 instantia,
1081 1480 1256 1546 tenendum
1280 1485 1329 1543 est
1347 1496 1477 1562 quoque

293 1623 353 1690 pro
376 1604 528 1669 instantia
550 1604 785 1690 appellationis.

383 1729 461 1795 (lum
499 1731 611 1816 primis
649 1733 845 1815 interposita
880 1731 1054 1815 appellatio
1092 1731 1125 1794 in
1163 1749 1261 1794 causa
1303 1727 1473 1814 principali

293 1873 358 1918 non
391 1853 556 1938 suspendit
590 1853 784 1920 decisionem
820 1853 934 1920 iudicis
968 1854 1134 1918 interioris
1163 1851 1267 1938 quoad
1300 1869 1473 1936 expensas.

293 1977 397 2042 ludex
420 1997 500 2043 vero
522 1979 745 2064 appellationis
770 1981 838 2063 ipse
862 1999 999 2064 pensare
1022 1979 1127 2060 debet,
1144 1999 1187 2044 an
1205 1982 1310 2044 victus
1326 1980 1357 2041 in
1373 1997 1475 2042 causa

291 2104 515 2190 appellationis
537 2105 652 2169 victori
676 2107 708 2169 in
734 2123 895 2192 expensas
910 2107 952 2169 sit
967 2104 1231 2170 condemnandus
1254 2105 1343 2186 quasi
1367 2109 1472 2166 teme-

292 2229 399 2294 rarius
421 2229 574 2314 litigator.
607 2231 649 2293 Et
672 2230 882 2294 condemnari
906 2229 1040 2294 deberet
1065 2229 1242 2314 appellans.
1267 2230 1294 2292 si
1317 2248 1358 2292 ex
1385 2244 1473 2290 nova

290 2352 443 2418 instantia
465 2357 629 2438 appareat,
648 2355 748 2438 ipsum
773 2359 897 2418 temere
920 2352 960 2417 ad
984 2354 1207 2439 appellationis
1223 2352 1373 2417 iudicium
1391 2371 1469 2435 pro-

291 2492 445 2550 vocasse;
481 2481 513 2541 ot
547 2477 619 2560 ipse
648 2467 827 2560 appellatus
863 2476 970 2540 victor
1004 2477 1037 2538 in
1072 2475 1136 2539 alia
1170 2475 1337 2556 instantia,
1365 2476 1472 2538 victus

291 2598 321 2660 in
358 2596 461 2682 gradu
495 2599 716 2684 appellationis
753 2597 1016 2664 condemnandus
1050 2606 1100 2664 est
1133 2601 1251 2666 victori
1281 2598 1471 2683 appellanti,

290 2725 317 2790 si
341 2745 383 2790 ex
405 2725 485 2790 actis
508 2730 628 2809 pateat,
654 2727 754 2810 ipsum
787 2727 948 2791 immerito
981 2727 1194 2792 favorabilem
1222 2728 1373 2792 retulisse
1394 2747 1470 2791 sen-

290 2847 421 2912 tantiam
445 2849 478 2912 in
503 2849 606 2932 prima
629 2849 791 2930 instantia,
816 2851 887 2915 iure
909 2841 1016 2914 autem
1041 2851 1219 2933 meritoque
1247 2849 1346 2913 fuisse
1378 2848 1470 2912 dam-

289 2975 399 3036 natum
435 2975 467 3036 iu
502 2991 598 3036 causa
627 2973 865 3057 appellationis;
897 2975 942 3037 ita
974 2972 1091 3037 docent
1125 2991 1237 3036 omnes
1270 2973 1468 3056 interpretes

289 3097 369 3163 iuris
391 3097 582 3171 communis;
606 3097 648 3160 cl.
675 3093 841 3161 Reiffenst.
867 3097 928 3161 loc.
953 3096 1005 3161 cit.
1029 3115 1064 3160 a.
1088 3096 1164 3161 209
1179 3115 1228 3180 sq.
1253 3102 1286 3161 et
1308 3096 1468 3161 Schmalz.

289 3216 362 3283 eod.
387 3217 432 3282 tit.
456 3217 638 3302 a.121sq.
665 3216 711 3302 (l)
736 3217 919 3302 Appellatio
942 3235 1022 3281 vero
1046 3217 1187 3282 vicissim
1218 3219 1381 3302 interponi
1410 3236 1468 3300 po·

288 3347 353 3408 test
379 3343 517 3406 etiama
547 3342 814 3407 condemnatione
839 3343 871 3404 in
903 3360 1072 3424 expensas,
1097 3343 1213 3426 quippe
1246 3348 1295 3405 est
1322 3343 1468 3424 quaestio

287 3462 442 3543 incidens,
467 3483 547 3547 quae
571 3483 591 3528 a
617 3464 776 3528 sententia
799 3463 986 3547 principalis
1015 3481 1133 3527 causae
1156 3460 1321 3528 definitiva
1344 3461 1467 3546 corrigi

288 3609 352 3654 non
382 3589 479 3654 valet.
511 3591 554 3656 Et
576 3589 673 3654 iudex
704 3597 771 3654 tum
795 3590 920 3674 primae
943 3594 1010 3652 tum
1042 3589 1202 3654 secundae
1225 3589 1396 3652 instantiae
1424 3587 1466 3653 de

376 3835 415 3908 (l)
435 3837 493 3891 Hoc
512 3835 545 3892 de
564 3840 628 3891 iure
649 3837 799 3902 communi,
819 3853 884 3889 nam
902 3837 935 3890 de
954 3836 1015 3890 iure
1034 3835 1168 3905 peculiari
1187 3837 1271 3891 etiam
1291 3837 1385 3889 curiae
1398 3851 1465 3888 rom.

286 3951 315 4000 et
328 3945 354 3999 S.
366 3945 455 4000 Rotae
470 3947 547 3998 Rom.
561 3945 638 3999 aliud
653 3945 819 4016 principium
833 3949 974 3999 servatum
984 3946 1046 4011 snit,
1059 3963 1158 4015 nempe
1168 3946 1272 3999 victum
1283 3945 1381 3999 victori
1395 3961 1467 3998 senr-

287 4067 336 4120 per
349 4051 377 4103 in
391 4066 525 4120 expensas
544 4048 782 4104 condemnandum
797 4065 871 4104 ease:
885 4051 919 4102 cs.
933 4049 1097 4120 Pellegrini,
1113 4050 1162 4120 Op.
1176 4051 1219 4104 cit.
1234 4051 1265 4104 P.
1280 4049 1313 4103 ΙΙ
1324 4049 1394 4104 Soet.
1409 4049 1465 4112 lll,

286 4161 359 4212 subs.
374 4157 397 4224 J,
410 4176 436 4210 n.
452 4157 493 4210 99
506 4163 534 4212 et
549 4157 587 4210 De
600 4157 684 4224 Luca,
700 4159 742 4212 De
754 4159 812 4212 aud
826 4157 902 4211 Dirc.
915 4159 966 4221 39,
979 4177 1007 4210 a.
1022 4159 1071 4224 10,·
1090 4169 1118 4212 ot
1129 4176 1157 4211 n.
1172 4160 1202 4211 11
1214 4158 1349 4213 advertit:
1363 4176 1379 4209 ι
1393 4157 1464 4212 Mihi

284 4282 351 4320 vero
369 4283 510 4336 nunquam
525 4265 630 4335 placuit
648 4265 701 4320 isto
713 4265 804 4334 stylus
817 4266 892 4319 circa
911 4283 1055 4335 expensas,
1068 4267 1200 4337 quoniam
1213 4283 1277 4320 cum
1296 4283 1395 4322 revera
1407 4267 1462 4320 ista

285 4376 322 4428 sit
334 4373 440 4442 species
459 4389 572 4442 poenae,
588 4371 653 4426 hinc
672 4371 905 4428 irrationabiliter
922 4373 1039 4438 videtur,
1054 4379 1085 4428 ut
1096 4374 1122 4429 ei
1139 4375 1283 4430 subiacere
1298 4374 1400 4431 doboat
1415 4375 1466 4429 illo

285 4481 333 4552 qui
351 4479 512 4534 nullatenus
529 4479 692 4550 delinquens
708 4479 751 4534 vel
771 4479 937 4535 criminosus
956 4481 1008 4534 dici
1029 4485 1158 4550 potest».
1177 4481 1230 4536 Sed
1249 4480 1318 4536 haec
1337 4481 1465 4535 animad-
