3350 5117
794 611 975 678 TITULUS
999 610 1025 676 Ι.

684 809 730 856 DE
752 808 942 856 SENTENTIA
966 806 1142 855 lunlclsnl.

714 930 766 971 Huc
780 928 873 971 reserat.
884 928 920 970 tit.
935 928 970 978 27,
980 926 1018 969 lib.
1030 926 1108 979 11„x.

320 1119 537 1177 summarium.
554 1152 592 1165 -
613 1124 675 1177 602
695 1122 842 1178 Sententia
859 1123 934 1177 dicte
952 1126 996 1177 est
1014 1139 1032 1175 a
1049 1120 1202 1186 sentiendo,
1221 1120 1287 1191 quie
1308 1118 1439 1173 dictanda
1457 1122 1505 1172 est

409 1228 489 1283 iuxta
499 1229 587 1284 enimi
598 1246 720 1297 sensum,
734 1236 840 1284 motum
860 1232 895 1284 ab
910 1230 1010 1284 intima
1022 1230 1208 1299 persussione
1218 1226 1325 1281 -603
1336 1227 1505 1281 Sententiae

408 1335 487 1389 notio
504 1336 620 1407 eiusque
638 1337 774 1408 requisita
792 1338 852 1391 sive
872 1339 1026 1391 intrinseca
1045 1336 1104 1391 sire
1122 1335 1288 1390 extrinseca
1302 1361 1338 1375 —
1355 1332 1417 1387 604,
1437 1332 1505 1385 Pri-

408 1456 484 1491 mnm
511 1442 675 1511 requisitum
702 1446 746 1497 est
772 1441 974 1510 competentia3
998 1446 1028 1493 at
1055 1440 1200 1511 quaeritur
1224 1437 1362 1509 quomodo
1387 1436 1505 1501 iudices,

408 1542 521 1599 aliunde
538 1551 738 1617 competentes,
756 1546 926 1601 sententiam
947 1546 1106 1615 significent
1127 1562 1211 1616 quum
1230 1542 1419 1612 collegieliter
1438 1558 1506 1611 pro-

409 1648 517 1703 cedunt
537 1624 643 1705 -oo5.
654 1651 810 1706 &cundum
823 1652 987 1723 requisitum
1001 1657 1044 1705 est
1058 1656 1089 1704 ut
1101 1649 1241 1705 sententis
1259 1649 1298 1702 sit
1312 1650 1384 1701 iusta
1402 1652 1431 1702 et
1446 1662 1504 1699 non

409 1760 501 1813 dueta.
508 1760 613 1814 -606,
620 1758 698 1814 Iusta
707 1760 753 1826 sit,
761 1776 860 1829 nempe
870 1776 905 1815 ne
916 1759 1009 1815 laedat
1019 1775 1108 1830 neque
1118 1758 1161 1812 ius
1170 1758 1330 1828 positivum,
1337 1773 1387 1811 seu
1397 1755 1506 1825 legem,

410 1885 500 1941 neque
512 1869 555 1923 ius
567 1869 736 1939 particulare
749 1869 900 1939 litigantis.
913 1897 949 1911 —
961 1870 1022 1923 607.
1033 1868 1172 1923 Adversus
1191 1867 1310 1922 iudicem
1323 1869 1425 1920 iniuste
1439 1882 1507 1935 pro-

407 1979 587 2033 nunciantem
599 1979 735 2049 competit
747 1978 824 2033 laeso
837 1978 912 2032 ectio
930 1978 964 2031 ed
979 1956 1196 2042 indemnitatem,
1209 1982 1239 2033 et
1251 1976 1337 2031 etiam
1350 1974 1425 2029 ectio
1435 1992 1506 2046 poe-

408 2086 490 2139 nalis.
500 2113 536 2125 -
545 2084 607 2138 608.
615 2085 712 2156 Neque
721 2086 807 2138 dubia
816 2085 855 2137 sit
863 2089 983 2154 oportet,
992 2088 1024 2137 ut
1034 2100 1130 2153 reapse
1139 2082 1331 2137 controversie
1340 2080 1504 2137 definietur.

408 2214 444 2227 —
455 2188 516 2241 609.
537 2188 661 2259 Denique
673 2189 815 2244 sententis
831 2189 915 2244 debet
933 2204 993 2243 esse
1006 2186 1156 2241 conformis
1168 2185 1267 2241 libello
1281 2202 1330 2241 seu
1350 2186 1504 2239 intentioni

411 2296 516 2349 actoris
541 2312 664 2365 congrue
688 2300 871 2362 contestatae,
896 2311 1025 2365 expresse
1043 2294 1088 2348 vel
1106 2294 1192 2347 terite
1215 2293 1274 2347 sive
1298 2297 1362 2346 ectu
1381 2290 1502 2346 solemni

409 2402 621 2457 contestationis
639 2402 698 2457 litis
716 2403 775 2457 sive
793 2403 823 2457 in
848 2402 965 2457 decursu
985 2401 1177 2456 instructionis
1195 2414 1303 2453 causae.
1317 2426 1353 2441 -·
1366 2398 1427 2452 610.
1448 2398 1505 2453 Re·

409 2507 542 2578 quisitum
562 2510 750 2562 estrimecum
766 2507 886 2561 hebetur
905 2506 934 2561 in
952 2508 1042 2560 forme
1054 2504 1226 2561 observande
1244 2505 1274 2558 in
1294 2504 1505 2574 pronuncianda

409 2615 559 2669 sententie.
578 2644 612 2657 -
637 2615 698 2668 611.
718 2614 760 2668 Ex
785 2613 862 2668 hisce
886 2615 995 2668 actibus
1013 2611 1190 2666 iudicialibus
1209 2612 1228 2664 ii
1252 2611 1300 2681 qui
1319 2614 1448 2679 spectent
1467 2610 1504 2663 sd

408 2716 613 2772 solemnitatem
626 2719 812 2772 observentur
825 2721 935 2770 tentum
949 2716 977 2769 in
991 2714 1098 2770 edenda
1110 2714 1249 2769 sententia
1263 2714 1291 2767 in
1307 2712 1408 2767 iudicio
1421 2713 1503 2765 ordi-

408 2829 498 2879 nario.
515 2853 552 2867 -
569 2826 631 2881 612
651 2828 696 2880 An
715 2826 856 2881 sententie
876 2827 979 2879 referre
999 2824 1099 2880 debeat
1118 2824 1241 2877 rationes
1258 2820 1410 2876 decidendi.

410 3042 486 3107 602.
517 3042 619 3106 ludex
649 3062 797 3127 gressum
829 3041 909 3106 facit
939 3040 979 3105 ab
1008 3041 1220 3106 instructione
1243 3038 1283 3103 ad
1308 3039 1503 3103 sententiam

321 3163 526 3239 definitivam,
551 3166 679 3250 quando
702 3184 745 3231 ex
767 3171 862 3251 parte
885 3165 944 3230 sibi
968 3167 1001 3230 in
1024 3167 1131 3230 animo
1154 3164 1269 3229 morali
1294 3162 1501 3233 certitudine.

320 3292 478 3377 persentit
500 3311 582 3376 pene
605 3292 825 3356 necessarium
852 3290 961 3355 enimi
982 3290 1036 3357 sui
1055 3294 1194 3371 motum,
1211 3296 1247 3354 ut
1261 3288 1404 3371 loquitur
1421 3308 1448 3353 c.
1468 3286 1502 3357 6,

322 3418 373 3483 De
394 3438 546 3489 renunc,
570 3416 605 3481 X
628 3416 667 3503 (Ι,
692 3415 726 3503 9)
750 3418 856 3501 potius
880 3418 913 3481 in
945 3436 1041 3481 unam
1065 3434 1160 3500 quem
1187 3416 1219 3479 in
1243 3414 1339 3479 aliam
1365 3420 1503 3479 cuntro-

322 3541 449 3606 versiee
473 3546 614 3625 partem,
639 3562 695 3606 seu
718 3541 929 3606 subiectivem
954 3541 1194 3625 persuasionem
1215 3537 1434 3622 impellentem
1459 3537 1503 3602 ad

322 3680 453 3725 oensem
476 3664 566 3726 iuxta
589 3662 758 3727 veritatem
781 3658 1009 3736 definiendam
1034 3679 1136 3744 quare
1159 3659 1319 3725 sententia
1340 3657 1425 3723 dicte
1450 3664 1503 3725 est

322 3804 345 3850 a
366 3785 539 3851 sentiendo
563 3806 620 3849 seu
643 3784 683 3849 ab
707 3786 818 3851 intimo
841 3786 939 3849 enimi
956 3803 1051 3850 sensu
1066 3782 1186 3866 aliquid
1202 3784 1245 3849 uti
1264 3789 1389 3847 certum
1408 3803 1506 3867 repu-

323 3910 427 3974 tantis.
454 3908 549 3973 Henc
579 3908 736 3973 moralem
760 3907 986 3973 certitudinem
1010 3908 1210 3992 praerequiri
1239 3906 1502 3991 pronunciationi

323 4033 548 4115 cuiuscumque
572 4032 751 4097 sententiae
775 4032 845 4095 sive
861 4028 1046 4095 definitivae
1068 4031 1136 4095 sive
1156 4029 1429 4101 interlocutoriae,
1447 4048 1504 4093 ex·

322 4157 528 4242 ploratissimi
552 4158 631 4222 iuris
654 4164 712 4223 est.

411 4280 486 4345 603.
505 4280 671 4347 Sententia
686 4283 755 4346 sive
771 4300 890 4346 causae
906 4280 1076 4365 principali
1101 4299 1143 4345 ex
1166 4279 1330 4345 ordinario
1346 4274 1403 4344 eut
1418 4299 1504 4343 sum-

322 4403 426 4471 mario
441 4425 607 4492 processu,
624 4408 693 4471 sive
708 4406 864 4472 incidenti
882 4403 980 4469 finem
996 4406 1138 4491 imponet
1160 4409 1209 4471 est
1226 4424 1244 4467 ‹
1258 4402 1503 4487 pronunciatio
