3350 5117
241 306 307 371 454
779 324 863 373 rans
888 326 910 372 1.

332 450 408 515 431.
437 452 509 516 lam
526 449 723 514 advertimus
739 470 781 513 ex
797 450 869 515 11119
884 451 1024 536 positivo
1040 470 1112 514 can.
1127 449 1275 515 adbiberi
1290 450 1427 515 mixtum

245 581 396 661 systema,
413 594 529 661 nempe
552 574 716 658 scriptum
741 580 773 641 et
798 576 894 641 orale
917 577 950 640 in
973 596 1126 662 processu
1151 566 1345 651 euoluendo;
1369 576 1428 641 sed

244 701 277 765 io
302 700 502 785 propositum
528 698 753 784 explicandum
777 704 827 765 est
850 720 988 783 quonam
1012 700 1105 765 modo
1128 705 1162 766 91
1183 699 1297 764 ordine
1312 698 1430 784 proba·

244 827 349 889 tiones
372 820 562 904 afferantur,
587 829 619 889 et
643 822 768 906 quando
785 823 875 887 locus
898 821 954 888 liat
977 822 1218 908 probationibus
1232 824 1353 908 scripto
1377 843 1429 889 re-

243 948 318 1014 latis
342 955 375 1015 et
399 948 526 1033 quando
551 948 783 1013 concertationi
807 948 882 1011 viva
905 967 986 1012 voce
1009 948 1200 1032 explicatae.

334 1072 484 1136 Iamvero
516 1069 619 1153 quoad
651 1068 778 1133 modum
809 1064 967 1133 afferendi
996 1067 1212 1153 probationes,
1237 1068 1269 1130 io
1301 1068 1429 1152 primis,

242 1193 445 1275 advertatur,
470 1192 587 1278 duplici
611 1193 737 1256 ratione
761 1193 820 1257 has
843 1212 938 1277 posse
960 1192 1102 1276 produci.
1123 1192 1203 1255 Nam
1225 1191 1278 1255 rel
1302 1192 1360 1275 ipsi
1383 1191 1423 1255 li-

245 1322 388 1407 tigantes
411 1319 471 1384 sibi
496 1321 633 1383 invicem
657 1319 897 1384 communicant
919 1316 1142 1403 probationum
1166 1317 1290 1399 species
1313 1321 1346 1380 et
1367 1336 1429 1400 ap-

244 1446 363 1529 positas
388 1443 599 1529 allegationes
623 1449 656 1507 et
679 1442 987 1515 animadversiones,
1011 1441 1124 1506 iudicis
1154 1440 1293 1505 officium
1324 1460 1428 1525 expo-

244 1570 424 1636 stulaturae
455 1589 515 1655 pro
546 1565 731 1633 definitione
759 1567 877 1647 iudicii,
900 1565 1026 1651 quando
1056 1567 1267 1639 arbitrantur,
1296 1585 1429 1631 causam

245 1715 318 1761 esse
335 1692 577 1779 probationibus
593 1690 792 1757 sufficienter
809 1694 999 1757 instructam
1016 1712 1151 1775 eamque
1170 1690 1319 1757 solutioni
1335 1711 1425 1775 para·

243 1826 318 1885 tam.
335 1821 547 1885 Nihilominus
560 1821 594 1883 in
611 1820 678 1903 ipso
695 1818 833 1883 decursu
850 1819 1074 1883 instructionis
1090 1816 1235 1904 partibus
1250 1817 1431 1882 necessitas

244 1962 279 2008 se
303 1940 426 2007 offerre
439 1947 555 2027 potest
578 1941 771 2026 impetrandi
788 1940 905 2006 iudicis
920 1939 1058 2005 officium
1075 1940 1127 2005 rel
1151 1938 1190 2003 ad
1214 1938 1427 2004 dirimendam

244 2068 462 2151 quaestionem
487 2066 692 2137 incidentem,
717 2066 816 2130 veluti
841 2086 883 2129 an
906 2065 1012 2129 adsint
1035 2062 1230 2131 sufficientes
1246 2083 1362 2128 causae
1385 2064 1426 2129 ad

184 2246 188 2257 .
245 2191 471 2264 recusandum,
497 2192 543 2256 uti
574 2198 766 2277 suspectum,
790 2196 1045 2277 procuratorem,
1069 2190 1122 2253 vel
1152 2189 1193 2252 ad
1221 2188 1429 2254 obtinendam

246 2318 386 2402 aliquam
404 2318 543 2403 speciem
560 2317 765 2401 probationis,
784 2318 933 2380 nimirum
958 2322 994 2380 111
1018 2314 1115 2379 iudex
1129 2320 1229 2380 testes
1245 2317 1428 2400 interroget

244 2450 301 2509 aut
324 2432 416 2508 viros'
436 2444 557 2527 peritos
581 2442 711 2527 deputet
735 2438 789 2526 (l).

336 2565 398 2631 Sed
422 2565 486 2628 alio
511 2570 686 2650 systemate
710 2562 841 2648 procedi
867 2562 954 2627 valet
970 2564 1002 2626 io
1018 2572 1117 2627 cansa
1139 2583 1199 2647 per
1221 2562 1430 2646 probationes

245 2688 445 2755 instruenda.
470 2688 629 2772 Siquidem
653 2688 750 2752 iudex
774 2691 842 2773 ipse
866 2693 970 2773 potest
993 2689 1142 2753 constitui
1168 2687 1352 2752 moderator
1375 2688 1426 2750 in-

246 2816 433 2880 structionis
456 2833 580 2885 censae,
596 2811 675 2877 adeo
699 2818 734 2877 111
757 2812 963 2905 probationes
987 2832 1098 2879 omnes
1114 2812 1308 2876 111111911919
1328 2811 1425 2875 iudici

245 2936 437 3009 offerantur,
463 2940 554 3003 cuius
584 2944 632 3003 est
662 2938 883 3003 adversarium
914 2938 1089 3001 admonere
1119 2937 1159 3002 de
1190 2936 1296 3002 allatis
1326 2957 1424 3022 argu-

246 3038 376 3144 mentis,
400 3067 573 3128 utcontra
604 3062 689 3127 dicat
713 3067 803 3127 etse
826 3082 969 3147 congrue
1000 3061 1159 3126 defendat.
1184 3097 1228 3107 -
1252 3062 1303 3126 Uti
1327 3064 1429 3145 patet,

247 3204 294 3251 cx
310 3187 445 3284 simplici
463 3188 697 3257 emundatione,
715 3185 776 3249 boc
793 3191 935 3271 systema
951 3183 1048 3248 indoli
1063 3185 1166 3268 magis
1182 3186 1332 3267 congruit
1347 3185 1429 3247 iuris

246 3330 330 3383 can,
347 3312 454 3395 prouti
471 3312 532 3373 iam
546 3310 772 3395 perpendimus
789 3310 990 3395 explicantes
1004 3308 1134 3373 modum
1149 3308 1186 3373 111
1202 3310 1255 3373 ius
1270 3308 1427 3388 vocandi,

248 3454 307 3500 sen
332 3435 447 3500 edendi
471 3436 664 3501 citationem.
690 3434 780 3499 Haec
809 3434 893 3498 enim
917 3435 950 3497 in
974 3434 1046 3496 loro
1076 3433 1192 3498 eccles.
1217 3452 1281 3496 noo
1311 3451 1332 3495 a
1357 3433 1428 3517 pri-

244 3563 321 3623 vato
348 3560 419 3623 cire
443 3558 598 3623 adversus
622 3558 718 3621 alium
737 3556 852 3629 editur,
870 3556 926 3621 sed
950 3557 1017 3641 ipse
1033 3556 1131 3620 iudex
1150 3556 1209 3621 sibi
1225 3557 1357 3620 assumit
1372 3576 1430 3619 ne-

246 3683 369 3768 gotium
402 3682 439 3747 111
470 3683 523 3747 ius
554 3682 708 3763 9119911111,
738 3688 769 3745 91
800 3681 885 3763 dein,
913 3680 1025 3745 endem
1055 3682 1190 3752 ratione,
1221 3682 1430 3766 prosequitur

336 3910 375 3981 (1)
397 3909 427 3963 ln
447 3910 587 3963 codicibus
607 3908 747 3963 hodiernis
766 3908 820 3961 ind.
835 3908 965 3962 civilibus
984 3908 1128 3977 praevalet
1140 3907 1192 3961 hoc
1213 3913 1351 3979 systema;
1369 3907 1427 3963 liti·

244 4016 386 4084 gantibus
398 4031 465 4069 vero
478 4030 528 4083 pro
541 4014 592 4067 sibi
607 4014 786 4075 conserendis,
802 4014 835 4066 ad
848 4013 977 4078 invicem,
987 4013 1179 4067 instrumentis
1192 4018 1221 4069 91
1233 4014 1368 4083 appositis
1380 4032 1428 4085 pe·

243 4118 395 4173 titionibus
414 4124 443 4173 ot
462 4119 686 4188 responsionibus
704 4124 814 4187 praesto
833 4124 876 4173 est
894 4135 980 4188 opera
998 4118 1102 4187 publici
1122 4120 1250 4173 officialis
1273 4135 1322 4173 seu
1341 4137 1426 4190 appa·

244 4228 351 4297 nitoris,
367 4232 415 4302 qui
435 4236 498 4285 actu
525 4229 651 4299 legitimo
675 4230 757 4284 fidem
782 4230 851 4283 iacit
874 4230 908 4283 de
933 4230 1042 4283 actibus
1067 4226 1243 4282 iudicialibus
1268 4226 1387 4297 expletis
1408 4246 1441 4282 a·

241 4336 428 4406 litigantibus
452 4338 487 4391 ad
512 4354 623 4391 causam
649 4335 847 4390 instruendam.
870 4336 910 4389 Cs.
930 4335 1076 4390 Mettirolo
1096 4352 1139 4406 op.
1156 4337 1199 4389 cit.
1218 4336 1351 4389 volumen
1369 4334 1428 4403 ΙΙΙ,

242 4459 269 4495 n.
289 4442 427 4515 483Jseq.
