3350 5117
502 346 545 392 on
576 345 1010 395 1uororrsrccnasmsrrcrs
1120 379 1122 388 .
1279 328 1344 394 157

165 468 309 536 mandati
339 471 538 540 custodiendi
564 482 648 547 sunt,
672 476 825 559 namqui
853 474 994 539 excessit
1023 472 1110 541 aliud
1135 473 1209 559 qnid
1232 473 1344 539 facere

164 594 294 661 videtur
309 616 341 660 a.
365 594 523 663 Mandane
540 618 619 663 vero
642 618 685 662 ex
708 597 771 663 hac
793 602 951 683 potestate
966 598 1171 683 procuratori
1188 616 1343 661 concessa

164 718 261 785 debet
282 724 389 787 ratum
419 721 551 795 habere,
571 722 656 807 quod
678 722 718 787 ab
741 721 854 789 eodem
876 724 909 787 vi
933 721 1075 788 mandati
1104 724 1228 809 agitem
1251 722 1344 787 iuxta

162 864 234 931 rep.
261 845 311 911 72
335 847 372 911 in
394 848 429 913 6:
454 848 551 924 «Qui
573 850 653 916 facit
682 870 742 937 per
763 850 872 923 aliurn,
892 848 1028 936 perinde
1054 856 1105 917 est
1131 869 1170 915 ac
1194 850 1221 913 ei
1243 846 1343 915 iaciat

162 986 225 1051 per
246 968 433 1053 seipsum».

258 1092 331 1159 125.
356 1092 460 1169 Quum
483 1103 679 1180 procurator
701 1102 776 1183 agat
799 1100 929 1163 nomine
959 1096 1150 1178 mandantis,
1174 1096 1343 1181 quaeritur

161 1236 207 1281 an
230 1218 317 1283 male
339 1219 464 1305 agendo
486 1220 539 1285 vel
562 1220 682 1305 aliquid
705 1220 881 1289 omittendo
902 1226 1020 1288 noceat
1041 1219 1189 1287 dominoi
1213 1221 1265 1286 Ita
1286 1239 1341 1285 re-

160 1344 364 1428 ponendum:

254 1468 289 1553 α)
311 1468 555 1559 §.procurator
577 1470 715 1549 excedat
745 1468 837 1559 flues·
858 1472 1009 1555 mandati,
1026 1476 1124 1563 ‘'cer-te
1146 1490 1215 1563 {¹9¹¹
1245 1474 1343 1543 nocet

160 1590 303 1697 demitto,
328 1594 401 1689 qpia
424 1594 558 1692 appplius
582 1596 650 1689 <pius
673 1595 803 1677 nomine
827 1616 892 1677 pon
915 1597 992 1681 agit

229 1686 287 1805 .b)
310 1720 455 1809 §erratis
477 1740 557 1787 vero
581 1722 722 1795 mandati
744 1722 908 1803 limitibus,
925 1722 1021 1808 culpa
1045 1722 1269 1813 procuratoris
1291 1721 1341 1785 iu·

159 1846 281 1939 (ficium
305 1846 448 1932 legitime
470 1852 622 1934 prosequi
646 1849 849 1937 negligentis,
862 1857 959 1917 nocet
972 1848 1111 1924 domino,
1128 1850 1183 1935 qui
1200 1848 1263 1917 sibi
1283 1850 1339 1915 im·

158 1978 279 2059 putare
301 1970 397 2037 debet
419 1973 444 2036 si
468 1972 565 2037 talem
589 1980 835 2063 procuratorem
859 1973 967 2059 elegit,
990 1990 1037 2039 eoe
1058 1993 1086 2039 o.
1111 1993 1138 2039 c.
1161 1972 1198 2047 2,
1221 1972 1244 2055 5
1267 1970 1342 2038 Nos

158 2092 279 2179 mitur,
304 2093 354 2160 De
376 2095 477 2181 iatep.
500 2100 578 2169 rest.
595 2096 630 2160 X
650 2094 688 2181 (1,
706 2097 762 2182 41)
785 2101 817 2163 et
839 2095 863 2160 7
886 2096 937 2163 De
952 2114 1045 2162 eous.
1065 2114 1193 2181 posses.
1209 2100 1241 2161 et
1259 2112 1341 2179 pro·
1424 2178 1428 2183 .

153 2217 263 2300 pm'et.
285 2217 318 2283 X
340 2218 379 2301 (Ι,
404 2218 470 2305 62).

253 2344 284 2430 c)
307 2342 443 2419 Quando
465 2349 572 2411 autem
591 2345 687 2443 dotus
710 2345 762 2411 vel
785 2346 877 2442 irena
899 2347 1122 2437 PQissris
1144 2346 1342 2437 constituant

157 2467 324 2543 delictum,
345 2471 444 2535 veluti
468 2472 495 2537 si
517 2478 711 2555 procurator
739 2472 870 2555 salsum
893 2473 1011 2538 iecerit
1037 2473 1071 2537 in
1093 2472 1264 2558 scripturis
1286 2472 1340 2537 vei

157 2562 302 2659 indicem
325 2599 457 2679 spernat
479 2600 535 2660 aut
557 2594 758 2664 contumeliis
780 2592 910 2677 afficiat,
926 2602 1003 2687 tunc
1014 2614 1129 2691 poena
1143 2594 1196 2694 pel
1211 2595 1339 2661 moleto

157 2720 252 2815 tenet
274 2722 397 2781 tantum
420 2722 683 2802 procuratorem;
708 2738 781 2783 narn
809 2738 912 2785 «non
936 2718 1031 2785 debet
1053 2716 1179 2803 aliquia
1196 2718 1342 2783 alcaeus

155 2812 240 2909 boo
259 2812 494 2928 pr'aeyravam·
518 2864 536 2907 ›
560 2863 606 2911 eo
627 2863 697 2932 roy.
721 2844 774 2909 22
795 2844 884 2910 rora
905 2845 944 2911 a
966 2844 998 2918 e,
1023 2850 1057 2911 et
1079 2845 1142 2910 hoo
1173 2864 1269 2910 sensu
1293 2844 1325 2909 10

158 2970 273 3055 quitur
297 2971 355 3035 lex
376 2989 435 3035 un.
458 2970 480 3052 ἓ
505 2969 543 3037 si
560 2971 830 3054 procuroloaff.
856 2970 895 3035 Si
918 2970 994 3054 quio
1016 2969 1071 3035 ius
1092 2968 1218 3036 dicenti
1238 3005 1255 3019 -
1273 2975 1338 3037 sta·

157 3100 272 3161 tuens:
292 3113 311 3158 ‹
328 3094 367 3161 si
384 3100 594 3179 procurator
616 3100 694 3161 tuus
716 3098 770 3161 oet
794 3101 885 3162 tutor
906 3098 958 3161 vet
982 3100 1121 3162 curator
1143 3096 1198 3161 ius
1212 3096 1339 3163 dicenti

157 3240 230 3286 non
246 3219 528 3303 obtemperaverit
543 3222 605 3288 hoc
620 3222 748 3295 Edicto,
760 3221 834 3305 ipse
845 3220 1002 3305 punitor,
1015 3240 1085 3288 non
1100 3222 1260 3289 dominae
1281 3224 1336 3289 vel

153 3345 313 3428 pupiltos
329 3364 360 3408 >.
376 3379 422 3394 -
436 3344 498 3411 Sed
522 3366 565 3411 ex
587 3346 644 3412 tali
668 3346 740 3411 dolo
763 3345 816 3411 vel
839 3345 1037 3431 negligentia
1058 3350 1192 3429 possunt
1213 3347 1339 3412 exoriri

158 3462 295 3532 effectus
317 3465 446 3533 domino
469 3474 639 3545 nocentes;
664 3475 699 3534 ut
714 3489 791 3535 ecce
814 3470 841 3535 si
864 3476 1067 3555 procurator,
1083 3471 1218 3555 prolatis
1235 3469 1335 3543 falsis,

157 3590 306 3655 omiserit
328 3609 425 3655 veras
455 3589 661 3675 probationes
691 3591 852 3677 proferre,
876 3592 929 3656 vel
956 3611 1114 3677 spernens
1145 3593 1258 3658 iudicis
1281 3592 1337 3658 de·

157 3718 262 3787 creta
279 3734 316 3779 se
335 3720 557 3781 contumacem
581 3716 613 3779 in
629 3714 745 3782 iudicio
762 3715 956 3790 exhibuerit
973 3722 1064 3782 certe
1087 3720 1183 3782 nocet
1197 3715 1335 3781 domino.

252 3836 326 3901 126.
352 3836 477 3902 Verum
499 3838 539 3904 ad
563 3838 626 3903 hoo
648 3838 869 3923 repellendum
892 3837 1052 3919 damnum,
1066 3841 1116 3902 est
1129 3836 1258 3902 domiuo
1280 3856 1339 3903 seu

158 3963 326 4030 mandanti
342 3968 561 4050 comparatum
578 3966 765 4031 remedium.
784 3966 864 4031 Nam
880 3984 924 4049 ex
939 3962 1089 4030 mandato
1111 3964 1338 4049 procuratorio

158 4086 281 4181 Q
303 4089 450 4179 nasci-tm
471 4090 574 4179 ato-tim
596 4090 702 4177 attera
724 4110 841 4175 nempe
855 4090 985 4167 directo
1007 4090 1122 4165 farore
1137 4089 1336 4164 mandantis;

157 4214 265 4309 Q&
294 4215 470 4313 CQ
496 4214 611 4301 sapore
638 4219 868 4307 procuratoris.
890 4219 961 4299 i³er
982 4218 1150 4306 directam
1175 4217 1336 4281 actionem

157 4337 316 4404 mandans
339 4339 463 4407 obtinet
484 4345 520 4406 ut
541 4346 744 4438 mecumter,

248 4461 284 4548 α)
307 4462 348 4529 de
371 4462 517 4531 omnibus
540 4466 639 4561 gestis
662 4466 821 4531 rationem
846 4464 970 4541 reddat¹

313 4536 477 4561 *NF-n...-
