3350 5117
315 273 381 337 392
851 289 934 337 runs
960 290 982 336 1.

314 413 436 497 quibua
458 414 705 480 determinatur
720 414 843 480 enectus
866 414 1091 499 cognoscendi
1114 420 1146 479 et
1161 412 1347 499 definiendi
1369 429 1495 478 musas

314 539 410 621 opud
431 539 558 605 iudices
582 538 822 605 ecclesiasticos
846 559 876 622 a.
903 539 992 604 Idem
1023 557 1194 624 processus
1217 539 1244 603 si
1268 535 1495 602 consideretur

313 666 500 750 arroteritae,
528 671 685 749 quatenus
716 665 885 731 constituit
907 665 1201 748 iusproeemuote
1222 660 1349 728 definiri
1368 667 1491 746 potest:

315 788 557 871 «Compteecur
573 793 711 853 actuum
735 786 857 871 quibus
882 792 987 857 octor,
1010 805 1092 852 reus
1114 791 1147 851 et
1167 786 1274 850 iudea
1297 783 1446 870 lepitime
1461 787 1495 849 et

313 910 494 993 respective
516 910 553 975 in
577 910 740 975 tribunati
763 910 879 975 eccles.
896 908 1149 974 incumbentia
1172 926 1358 974 causarum
1381 906 1496 992 opita·

314 1036 436 1101 tionem
468 1042 498 1101 et
529 1036 756 1121 definitionem
782 1056 813 1100 ›.
840 1034 1002 1109 Quocirca
1032 1033 1198 1099 iudicium
1228 1034 1325 1099 latius
1349 1038 1437 1118 patet
1461 1036 1498 1095 et

313 1160 353 1225 ad
372 1179 571 1243 processum
594 1179 630 1225 se
653 1159 759 1233 habet,
786 1161 831 1226 uti
855 1165 958 1226 totum
981 1158 1021 1224 ad
1044 1166 1181 1244 partem.

402 1282 478 1348 355.
497 1284 626 1348 Revera
641 1282 788 1348 diversae
813 1282 919 1348 iudicii
936 1288 1047 1369 partes
1064 1284 1109 1348 ita
1124 1284 1211 1347 inter
1234 1302 1268 1347 se
1291 1279 1499 1346 ordinandae

313 1413 416 1482 erant,
442 1414 476 1473 ut
499 1428 615 1475 causae
639 1410 771 1494 agitatio
803 1408 955 1493 expedite
979 1408 1171 1495 procederet
1193 1408 1233 1474 ad
1257 1413 1495 1493 congruentem

246 1592 249 1599 .
313 1534 538 1601 definitionem.
565 1534 706 1599 Proinde
730 1535 939 1600 determinari
960 1554 1033 1600 cum
1057 1536 1169 1619 primis
1192 1534 1330 1599 debebat
1352 1554 1498 1618 quonam

312 1658 426 1723 ordine
449 1658 596 1723 diversae
621 1660 872 1732 controversiae,
897 1660 929 1722 in
955 1678 1083 1723 causam
1107 1658 1319 1744 principalem
1344 1657 1429 1722 forte
1449 1659 1500 1721 in-

312 1778 458 1843 cidentes
479 1777 678 1843 definiendae
702 1782 817 1851 essent,
835 1784 868 1843 et
891 1780 953 1844 hoc
969 1778 1107 1845 edicitur
1122 1780 1155 1843 in
1172 1779 1218 1844 tit.
1234 1779 1288 1853 10,
1306 1778 1361 1844 tib.
1375 1778 1422 1849 II,
1442 1778 1487 1851 X,

311 1902 361 1966 De
384 1901 505 1967 ordine
528 1902 769 1988 cognitionum.

402 2026 487 2093 Dein
519 2027 559 2091 de
584 2034 733 2110 tempore
756 2033 788 2093 et
815 2030 887 2093 toeo
911 2034 1040 2093 actuum
1063 2028 1326 2113 processualium.
1348 2026 1499 2092 edendae

311 2157 405 2217 erant
420 2151 699 2236 praescriptiones,
717 2170 800 2233 quae
817 2150 922 2233 quoad
945 2155 1078 2232 tempus
1096 2152 1290 2235 praecipuae
1306 2149 1399 2215 datae
1415 2157 1497 2215 sunt

312 2275 343 2339 in
368 2275 414 2339 tit.
440 2278 471 2356 9,
495 2275 545 2340 De
559 2274 665 2357 feriit,
684 2276 724 2355 X,
751 2276 802 2357 H,·
818 2274 923 2358 quoad
942 2276 1063 2356 iocum,
1090 2277 1207 2359 passim
1227 2278 1261 2340 in
1283 2276 1355 2342 aliis
1377 2275 1493 2358 titulis,

311 2395 577 2478 determinantur,
602 2398 676 2461 data
699 2397 880 2462 occasione.

402 2522 516 2586 Partes
539 2542 617 2586 vero
641 2541 723 2605 quae
746 2542 806 2606 per
833 2541 869 2586 se
899 2527 955 2586 aut
978 2542 1037 2607 per
1064 2528 1295 2607 procuratores
1317 2528 1373 2587 aut
1395 2523 1497 2587 advo

311 2652 399 2712 catos
422 2648 545 2714 actibus
568 2647 824 2733 processualibus
849 2647 1038 2745 incumbere
1061 2647 1235 2733 diligenter
1254 2647 1381 2721 debent,
1399 2654 1495 2714 certo

311 2774 454 2859 indigent
476 2775 567 2859 lapsu
592 2775 742 2859 temporis
766 2774 807 2837 ad
832 2780 924 2839 aetus
948 2773 1153 2839 considerate
1176 2776 1359 2861 ponendos,
1388 2794 1496 2859 quare

311 2900 514 2966 dilationum
538 2922 612 2965 usus
636 2899 746 2964 sedulo
772 2900 981 3000 constituitur
1004 2900 1036 2962 in
1061 2899 1107 2963 tit.
1133 2898 1164 2970 8.
1189 2900 1230 2980 Χ,
1248 2898 1298 2964 De
1313 2899 1485 2964 dilationi·

314 3026 383 3097 bus,
406 3027 457 3106 Il.

400 3151 523 3217 Verum
554 3170 665 3215 omues
696 3149 769 3214 fare
794 3148 1020 3234 processuales
1052 3149 1185 3233 regulae
1217 3151 1249 3213 in
1277 3151 1404 3214 irritum
1437 3170 1498 3215 ca·

311 3269 390 3335 dunt
412 3277 444 3336 et
467 3272 569 3356 potius
593 3271 758 3355 implicant
773 3289 870 3353 quam
891 3269 1043 3334 iudicium
1059 3269 1243 3355 expediant,
1261 3272 1287 3334 si
1304 3271 1381 3337 doto
1397 3273 1496 3336 maio

311 3396 420 3461 iisdem
436 3396 610 3462 abutantur
626 3394 877 3470 contendentes;
903 3401 1101 3480 quapropter
1124 3398 1155 3460 in
1181 3396 1253 3461 foro
1273 3396 1497 3463 ecclesiastico

310 3522 543 3587 consultissime
567 3521 700 3585 invaluit
720 3542 797 3585 usus
814 3520 967 3605 exigendi
991 3520 1169 3604 apartibus
1185 3522 1410 3592 iuramentum.
1429 3543 1498 3605 quo

309 3648 570 3729 protestarentur
593 3663 627 3707 se
650 3643 703 3705 vei
720 3640 871 3705 iudicium
893 3640 1018 3725 ingredi
1035 3641 1087 3705 vel
1105 3647 1229 3708 certum
1246 3662 1367 3727 ponere
1382 3651 1495 3708 actum

310 3766 440 3832 sincere
463 3786 504 3829 ex
528 3765 610 3829 bona
633 3762 695 3827 fide
716 3784 773 3828 seu
797 3783 841 3827 ex
865 3765 1074 3848 persuasione
1098 3767 1146 3829 sui
1170 3765 1244 3830 boni
1268 3766 1359 3836 iuris,
1385 3766 1495 3849 prouti

310 3897 444 3955 cavetur
466 3891 499 3954 in
524 3890 568 3954 tit.
595 3888 626 3961 7,
652 3889 701 3953 De
724 3889 920 3954 iuramento
945 3888 1148 3960 calumniae,
1165 3890 1200 3952 X
1213 3890 1277 3970 (II,
1296 3889 1344 3971 7).

399 4015 577 4078 Praeterea
600 4014 674 4095 quia
690 4010 861 4095 aliquando
880 4016 1034 4096 praestat,
1051 4031 1110 4096 per
1130 4014 1422 4097 confirnmtionem
1436 4032 1497 4078 su-

303 4136 462 4220 perioris,
476 4138 631 4200 maiorem
647 4136 824 4200 conciliare
842 4137 1067 4201 auctoritatem
1084 4137 1208 4201 actibus
1224 4136 1496 4220 processualibus,

308 4262 360 4324 vel
384 4260 423 4323 ab
447 4260 566 4325 eisdem
591 4278 716 4322 omnem
741 4259 904 4343 repetiere
931 4260 1088 4325 nullitatis
1111 4262 1336 4345 suspicionem,
1360 4262 1413 4326 vel
1438 4282 1497 4327 eo·

307 4384 453 4449 rumdem
469 4404 585 4450 sanare
602 4388 656 4447 aut
672 4384 841 4470 corrigere
857 4384 1011 4468 defectus,
1028 4386 1106 4451 hinc
1129 4406 1261 4472 agemus
1280 4387 1321 4452 de
1344 4388 1494 4453 remedio
