3350 5117
496 361 540 406 nn
564 359 700 408 romeus
723 359 989 408 eccunsmsrrcrs
1249 342 1331 408 „617

150 479 279 563 quaudo
302 501 342 545 ea
365 483 398 546 iu
422 479 572 545 iudicium
595 479 696 544 allata
718 478 807 543 nulla
830 486 964 564 possunt
984 481 1256 566 tergiversatione
1276 501 1330 546 ce-

150 606 223 678 lari,
246 611 359 692 utputa
382 609 408 672 si
440 607 605 692 appellans
634 607 731 689 fucta
753 612 850 672 antea
881 605 1123 673 confirmaverit
1154 629 1213 694 per
1241 629 1331 674 suam

150 729 398 812 confessionem,
423 729 568 794 omnibus
590 730 795 795 adminiculis
817 729 1007 815 praeditam.
1034 733 1218 798 Notorietas
1245 733 1333 798 iuris

149 859 209 926 est,
233 856 266 918 in
290 855 396 919 causis
418 852 534 917 decisis
556 852 731 916 secundum
755 851 864 917 claros
889 825 1003 919 ¹tentus
1034 855 1123 934 iuris,
1148 856 1191 919 ita
1223 861 1257 920 ut
1280 874 1332 939 ap·

150 979 281 1062 pellatio
304 984 420 1042 contra
442 975 524 1041 tales
548 976 724 1040 sententias
751 977 857 1059 potius
880 981 996 1040 contra
1027 979 1127 1061 ipsam
1157 978 1264 1063 legem
1288 978 1332 1040 vi·

148 1101 265 1167 deatur
279 1102 420 1178 directa;
439 1121 487 1168 ex·
499 1121 525 1167 c.
541 1122 569 1167 c.
586 1101 645 1174 26,
661 1101 722 1176 29,
741 1102 770 1164 b.
791 1105 812 1164 t.
823 1093 868 1176 X,
885 1107 916 1167 et
935 1101 1037 1168 Clam
1051 1100 1085 1184 3,
1104 1101 1135 1166 b¹
1155 1107 1175 1166 t.
1193 1101 1250 1189 (ll,
1265 1101 1330 1188 ll).

238 1227 272 1315 3)
295 1231 325 1294 Α
347 1231 509 1294 sententia
531 1249 610 1294 vero
634 1230 761 1294 notorie
785 1228 927 1292 invalida
949 1249 1012 1292 non
1034 1228 1131 1296 datur
1147 1230 1329 1316 appellatio,

146 1353 205 1418 sed
219 1357 273 1440 agi
289 1355 383 1420 debet
398 1356 539 1440 querela
562 1355 730 1422 nuttitotis
737 1374 751 1436 ;
774 1354 859 1439 quod
875 1355 1053 1420 remedium
1070 1355 1207 1421 inferius
1231 1355 1331 1441 expli·

147 1478 301 1545 cabimua

238 1603 271 1687 4)
295 1603 439 1686 Denique
455 1603 487 1665 ln
508 1621 630 1687 genere
646 1622 711 1665 non
726 1601 905 1666 admittitur
920 1603 1101 1688 appellatio,
1119 1623 1200 1686 quae
1217 1607 1329 1688 aperte

146 1725 296 1792 videatur
311 1727 431 1791 frivola
454 1732 487 1791 et
501 1726 726 1792 frustratoria:
745 1747 786 1791 ex
803 1745 877 1809 cop.
891 1725 950 1808 53,
964 1727 995 1791 b.
1010 1733 1029 1792 t.
1044 1728 1085 1792 X.
1105 1729 1151 1794 Of.
1170 1729 1327 1794 Sohmalz.

146 1853 179 1914 b.
205 1856 226 1915 t.
249 1871 284 1915 n.
307 1851 367 1916 29.

236 1973 271 2058 5)
295 1975 325 2038 A
347 1931 508 2038 sententia
531 1973 644 2039 iudicis
668 1973 807 2059 delegati
831 1974 883 2037 cui
908 1975 1076 2038 commissa
1093 1979 1142 2038 est
1157 1995 1255 2041 causa
1271 1975 1329 2040 sub

144 2096 291 2162 clausula
316 2133 333 2144 -
365 2097 594 2180 appellatione
620 2103 755 2164 remoto
789 2134 806 2145 -
839 2115 905 2162 non
938 2098 1126 2162 conceditur
1157 2098 1329 2184 appellatio

143 2217 335 2291 ordinario,
353 2218 408 2283 sed
424 2210 512 2305 patet
526 2237 688 2285 recursem
707 2219 755 2284 od
766 2219 972 2302 principem.
991 2218 1099 2292 Quare
1115 2221 1202 2285 hunc
1218 2240 1327 2286 casum

142 2342 381 2429 explicabimus
403 2351 537 2429 agentes
561 2344 603 2409 de
625 2363 780 2412 recursu.

236 2469 311 2534 634.
335 2468 399 2534 Sed
420 2468 583 2553 inquisitio
607 2470 716 2555 magni
740 2471 893 2533 momenti
918 2475 976 2544 est,
996 2469 1109 2554 quibus
1125 2464 1280 2535 incensis
1297 2477 1328 2536 et

141 2591 303 2674 quomodo
325 2590 514 2656 admittatur
536 2591 709 2676 appellatio
725 2590 1009 2656 eoetraiudiciotts.
1028 2591 1133 2655 Etiam
1150 2590 1254 2676 quoad
1270 2612 1327 2657 ne-

143 2718 233 2802 gotia
256 2717 534 2782 eoetroiudiciutte
557 2717 750 2802 principium
775 2716 931 2801 generale
953 2723 1011 2787 est.
1029 2735 1156 2802 semper
1171 2717 1327 2802 appellari

142 2836 248 2930 possa*
262 2843 388 2928 quando
412 2842 564 2928 explicite
588 2864 652 2908 non
670 2843 897 2930 prohibeatur;
914 2844 970 2908 sed
999 2865 1040 2909 ne
1064 2846 1125 2909 hoc
1151 2846 1326 2912 remedium

141 2970 335 3035 traheretur
356 2967 396 3032 ad
420 2967 561 3039 fraudes,
591 2967 732 3033 decretis
755 2969 948 3052 praesertim
974 2969 1071 3033 Conc.
1089 2970 1178 3036 Trid.
1194 2991 1259 3034 non
1275 2991 1327 3056 pa·

142 3113 218 3159 rum
241 3097 441 3159 coarctatum
464 3093 526 3157 fuit
549 3094 582 3157 in
611 3096 678 3158 suis
709 3091 886 3158 effectibus.
912 3093 1036 3179 Quippe
1068 3095 1271 3180 gravioribus
1294 3097 1325 3162 in

143 3218 282 3304 negotiis
306 3218 501 3302 permittitur
524 3219 708 3304 appellatio,
725 3220 781 3284 sed
802 3241 875 3284 cum
902 3216 1017 3286 effectu
1040 3225 1165 3286 tantum
1189 3221 1326 3289 devotu-

141 3345 220 3415 tioo.
245 3343 406 3430 prohibito
429 3340 546 3410 effectu
568 3345 776 3426 serpentino.

233 3469 309 3533 635.
336 3469 466 3533 Revera
489 3470 522 3532 in
545 3488 621 3551 cap.
645 3471 697 3540 10,
723 3470 754 3534 b.
779 3475 799 3534 t.
824 3470 862 3534 in
886 3469 917 3550 6,
942 3473 1093 3536 statuitur
1124 3473 1246 3538 admitti
1276 3473 1325 3557 ef·

138 3593 268 3674 fectum
292 3590 538 3673 rumentinam,
564 3591 624 3654 nisi
650 3591 872 3675 prohibeatur.
897 3590 1093 3659 Prohibetur
1117 3616 1195 3660 veru
1289 3626 1290 3630 ¹

138 3781 141 3785 ,
235 3716 267 3800 l)
291 3718 322 3780 in
346 3716 614 3802 appellationibus
637 3736 656 3781 a
683 3718 829 3782 censuris
849 3719 920 3782 ium
936 3719 1093 3802 inflicttr;
1110 3741 1151 3784 ex
1168 3742 1194 3786 c.
1220 3742 1247 3788 c.
1265 3720 1323 3796 53,

142 3840 174 3904 h.
188 3846 208 3904 t.
223 3841 254 3904 X
271 3847 302 3905 et
316 3840 376 3914 20,
390 3841 440 3905 De
454 3846 537 3906 sent.
553 3860 684 3908 emcom.
703 3843 757 3925 (V,
774 3841 841 3928 39).
859 3843 982 3906 Dicitur
1001 3844 1072 3907 ioue
1087 3845 1233 3926 inflictis,
1250 3847 1325 3929 quia

138 3965 166 4030 si
190 3964 294 4030 solum
321 3965 526 4029 comminatio
557 3964 646 4030 facta
675 3966 725 4036 sit,
750 3965 803 4029 vel
835 3965 893 4031 sub
922 3966 1106 4031 conditione
1135 3967 1235 4034 fuerit
1256 3970 1323 4033 lata

137 4107 289 4168 censura,
313 4087 497 4152 conditione
521 4106 586 4150 non
613 4087 754 4172 impleta,
779 4088 954 4172 appellatio
980 4089 1170 4174 interposita
1193 4090 1324 4176 impedit

138 4231 300 4277 censurae
322 4211 536 4275 comminatae
567 4216 623 4274 aut
653 4210 838 4276 conditione
870 4231 1045 4300 suspensae
1079 4215 1321 4291 executionem3

137 4353 216 4399 nam
244 4345 322 4398 tunc
352 4331 522 4417 appellatio
554 4332 718 4416 suspendit
748 4336 995 4418 competentiam
1028 4336 1151 4411 iudicis,
1178 4344 1211 4404 et
1244 4337 1321 4402 hinc

134 4459 320 4528 sententiae
344 4459 585 4524 executionem:
610 4459 651 4523 of.
677 4459 878 4547 Schmalzgr.
905 4463 935 4526 h.
962 4469 982 4528 t.
1007 4483 1041 4527 n.
1066 4463 1138 4528 109
1160 4483 1228 4548 seq.
