3350 5117
317 305 384 371 166
776 370 785 383 ,
841 327 925 374 raas
948 327 971 374 r.

319 454 523 514 contractum
546 470 619 515 cum
636 454 729 536 parte
745 449 883 516 adversa
901 450 1025 524 initum,
1042 452 1221 536 requiritur
1235 452 1305 519 eius
1318 469 1495 517 consensus

319 590 415 656 quem
438 572 602 659 denegare
625 592 689 636 non
713 578 825 659 potest,
843 574 871 637 si
891 572 1035 658 legitima
1056 572 1140 639 adsit
1162 592 1278 654 causa,
1301 574 1378 657 quia
1400 592 1496 639 nemo

319 698 589 764 irrationabiiiter
612 700 732 765 invitus
748 720 819 767 esse
835 704 948 784 potest.
965 699 1009 765 At
1024 700 1196 763 existentia
1210 718 1327 765 causae
1342 701 1496 785 cognosci

318 820 454 888 deberet
476 843 496 887 a
519 822 622 889 iudice
646 823 687 887 ab
710 842 812 908 eoque
828 824 1053 889 controversia
1068 821 1195 889 definiri
1210 843 1270 909 per
1285 825 1496 899 sententiam

316 945 360 1011 ci.
385 946 633 1032 Smalzgrueber
657 948 703 1013 m.
727 946 778 1013 De
796 950 973 1029 procurat.
997 967 1031 1011 n.
1055 945 1115 1013 39.

407 1070 440 1159 2)
465 1072 577 1140 Cessat
598 1072 825 1155 redemtorem
848 1072 923 1155 quia
945 1073 1135 1156 cuicumque
1151 1072 1184 1136 in
1199 1091 1238 1137 re
1253 1092 1311 1137 sua
1326 1071 1496 1138 consilium

321 1200 448 1263 mutare
472 1198 661 1282 permissum
687 1203 749 1273 est;
773 1201 823 1262 ast
849 1202 945 1263 cavet
966 1196 1080 1282 reguia
1102 1195 1169 1263 iur.
1193 1195 1244 1263 33
1264 1196 1303 1261 m
1325 1196 1359 1262 6:
1381 1196 1497 1263 ‹Mu-

319 1325 394 1387 tare
416 1322 595 1388 canalium
627 1322 703 1407 quis
730 1341 801 1389 mom
825 1326 935 1404 potest
964 1320 1002 1386 im
1032 1321 1172 1387 atterius
1202 1320 1442 1390 detrimentum
1462 1342 1497 1385 ›.

319 1444 463 1511 Proinde
487 1446 615 1531 quando
638 1466 691 1511 res
714 1462 779 1509 non
802 1449 853 1509 est
881 1444 1018 1530 amplius
1046 1444 1191 1530 integra,
1212 1464 1270 1508 seu
1291 1446 1325 1508 in
1348 1443 1499 1510 iudicia·

318 1570 405 1637 limes
428 1590 525 1654 quum
548 1574 740 1657 procurator
770 1569 862 1634 litem
893 1573 1091 1633 contestatus
1114 1569 1172 1642 sit,
1197 1573 1229 1632 et
1251 1570 1285 1633 in
1307 1569 1497 1634 emtraiudi-

320 1693 463 1761 malibus
485 1713 600 1779 reapse
623 1693 785 1778 negotium
809 1692 1027 1765 inchoaverit,
1051 1691 1101 1756 ius
1123 1691 1279 1777 litigantis
1308 1691 1500 1777 expostulat

320 1821 355 1884 ut
374 1823 577 1903 procurator,
594 1818 713 1901 absque
737 1820 806 1884 eius
828 1836 998 1890 consensu,
1013 1837 1079 1881 non
1096 1816 1227 1882 recedat
1240 1835 1260 1879 a
1275 1814 1393 1882 iudicio
1409 1814 1496 1899 quod

323 1964 397 2010 cum
412 1943 481 2029 ipso
497 1943 576 2017 iniit,
593 1943 681 2008 litem
698 1940 919 2007 contestando.
935 1976 979 1989 -
994 1939 1041 2005 At
1055 1959 1093 2005 re
1107 1941 1242 2027 integra
1256 1960 1333 2026 pars
1355 1940 1496 2006 adversa

318 2067 518 2133 revocationi
542 2086 576 2132 se
600 2084 763 2150 opponere
794 2084 859 2129 non
890 2064 987 2129 valet.
1018 2065 1086 2129 Nec
1106 2065 1176 2149 ipse
1198 2069 1392 2149 procurator
1413 2082 1495 2143 con-

317 2190 481 2257 tradicere
501 2194 613 2275 potest,
631 2191 747 2275 quippe
770 2188 847 2253 licet
870 2188 965 2253 etiam
981 2189 1116 2253 invitum
1132 2208 1299 2263 revocare,
1316 2208 1359 2255 ex
1375 2207 1452 2272 cap.
1466 2189 1500 2254 2

319 2314 372 2381 De
390 2320 567 2397 procurat.
588 2315 625 2379 m
641 2314 664 2378 6
680 2313 718 2398 (Ι,
736 2313 800 2399 19).
825 2313 874 2379 Ne
897 2319 1004 2378 tamen
1021 2314 1071 2377 ius
1094 2313 1242 2379 naturaie
1258 2313 1416 2387 laedatur.
1441 2312 1498 2378 do-

316 2438 423 2503 minus
446 2457 604 2503 revocans
629 2438 787 2501 rationem
818 2436 937 2503 habeat
966 2436 1071 2502 famae
1093 2436 1314 2522 procuratoris
1336 2442 1370 2502 et
1392 2436 1498 2521 quod-

319 2579 456 2645 cumque
472 2560 623 2625 damnum
647 2578 710 2624 non
734 2560 806 2623 iure
829 2558 953 2624 illatum
977 2556 1111 2623 reficiat.
1128 2559 1238 2623 —Re
1258 2577 1328 2624 mom
1344 2559 1499 2643 emptius

318 2684 455 2771 integra
477 2702 538 2750 nec
561 2688 755 2769 procurator
777 2683 817 2747 ad
841 2685 972 2769 negotia
987 2704 1048 2749 nec
1064 2682 1104 2748 ad
1119 2683 1194 2748 lites
1208 2684 1358 2747 revocari
1373 2684 1496 2751 invitus

317 2814 432 2897 potest,
446 2810 508 2875 nisi
530 2808 613 2874 adsit
635 2809 778 2893 legitima
797 2828 904 2874 causa.
922 2810 1075 2874 Decernit
1091 2807 1195 2874 Bonis.
1213 2808 1309 2889 VIII,
1326 2809 1359 2872 in
1376 2827 1451 2891 cap.
1465 2808 1499 2873 2

318 2934 479 3008 Quamvis
501 2934 551 2999 De
570 2938 747 3017 procurat.
764 2935 801 2997 m
817 2934 859 2998 6:
883 2954 901 2997 c
918 2934 1072 3009 Quamvis
1085 2938 1279 3021 procurator
1294 2935 1395 3019 possit
1416 2938 1498 3000 ante

316 3060 411 3126 litem
435 3062 655 3129 contestatam,
681 3058 776 3122 etiam
800 3059 870 3122 sine
894 3076 1000 3131 causa,
1022 3057 1127 3123 libere
1147 3076 1169 3121 a
1186 3056 1315 3123 domino
1331 3058 1493 3140 revocari,

315 3186 429 3269 postea
451 3186 558 3246 tamen
575 3182 643 3266 ipso
659 3180 789 3246 nolente
812 3181 972 3264 nequibit;
996 3181 1057 3246 nisi
1080 3200 1159 3246 eum
1174 3198 1250 3247 cum
1268 3180 1407 3245 domimo
1427 3179 1496 3244 iai·

317 3302 446 3370 micam
469 3301 545 3389 fieri
567 3308 627 3367 aut
648 3306 840 3384 arepertum
857 3304 918 3366 out
931 3301 1130 3367 adversario
1147 3298 1311 3385 affinitate
1330 3298 1495 3385 coniungi

317 3431 371 3497 vel
389 3428 462 3495 eim
478 3427 657 3494 haeredem
680 3426 755 3513 fiem'
771 3432 831 3491 om
846 3426 982 3512 ingredi
995 3424 1208 3512 Religionem
1223 3429 1283 3490 aut
1296 3424 1334 3490 in
1350 3424 1493 3509 tomum

312 3550 536 3639 peregrinari
558 3552 609 3617 oet
633 3550 847 3637 aegritudine
869 3553 930 3614 aut
943 3549 1086 3615 vincatis
1101 3546 1245 3614 detineri
1267 3545 1442 3632 contingat
1455 3564 1496 3628 »ς

316 3683 373 3745 aut
394 3676 459 3741 alia
481 3674 681 3740 rationabilis
704 3694 802 3739 causa
824 3673 935 3747 subsit,
953 3677 1088 3759 propter
1110 3692 1205 3756 quam
1228 3673 1270 3737 sit
1298 3673 1415 3737 merito
1438 3692 1494 3737 re·

311 3799 486 3869 vocandus.

403 3926 548 3994 Mandati
571 3926 735 3991 revocatio
758 3922 865 3991 iudici
886 3928 942 3988 aut
964 3923 1130 3990 adversae
1151 3925 1235 4010 parti
1260 3923 1493 3987 communicari

314 4050 411 4118 debet
433 4055 469 4115 ut
491 4068 582 4115 suum
606 4047 724 4114 habeat
747 4048 879 4121 exitum,
896 4066 990 4112 secus
1012 4046 1098 4112 enim
1120 4050 1212 4131 gesta
1234 4065 1254 4109 a
1276 4047 1496 4130 procuratore

313 4182 467 4245 revocato
490 4174 599 4241 valida
621 4179 727 4241 erunt.
745 4174 886 4239 Interest
909 4174 993 4237 enim
1010 4174 1112 4259 partis
1126 4171 1295 4245 adversae,
1309 4188 1351 4235 ne
1366 4174 1495 4237 temere

312 4306 507 4390 procurator
529 4304 712 4365 revocetur.
738 4298 818 4363 Nam
842 4298 870 4363 si
892 4298 982 4364 nulla
1005 4298 1087 4364 adsit
1102 4317 1209 4370 causa,
1224 4317 1291 4362 non
1310 4302 1442 4362 tenetur
1456 4298 1492 4362 in

313 4428 554 4496 revocationem
579 4424 772 4499 consentire
797 4424 822 4489 si
846 4422 938 4498 adsit,
955 4424 1051 4489 debet
1065 4443 1136 4490 eam
1154 4422 1256 4509 probe
1278 4442 1491 4510 cognoscere,
