3350 5117
448 599 471 682 ἓ
495 604 525 666 4.
552 601 603 668 De
626 609 789 692 concepta
809 607 1030 704 possessionis
1053 607 1415 698 pissettana-*saridim

760 731 904 819 eae—iare
928 733 1102 822 aanoaipo.

345 953 561 1012 Summarium.
580 987 614 1000 -
632 959 693 1013 210.
713 959 759 1014 1116
780 977 840 1015 aare
861 961 1020 1016 institutum
1040 963 1238 1034 possessorium
1257 963 1383 1018 extendit
1402 963 1436 1016 ad
1458 963 1522 1018 iura

434 1063 591 1132 personalia
609 1069 639 1120 et
655 1065 821 1135 spiritualia„
843 1095 879 1108 -
898 1067 958 1120 211.
979 1067 1071 1122 Etiam
1091 1069 1151 1124 iure
1169 1085 1229 1122 ean.
1248 1067 1302 1122 duo
1320 1071 1386 1122 sunt
1405 1067 1521 1122 effectus

326 1156 329 1160 ’
432 1169 554 1223 instituti
576 1170 748 1240 possessorii.
768 1199 806 1214 -
826 1171 887 1227 212.
908 1171 967 1226 1106
987 1173 1146 1226 institutum
1165 1171 1383 1243 iurisprudentia
1400 1171 1520 1227 lorensis

432 1280 524 1334 civilis
542 1296 597 1334 non
615 1299 714 1352 parum
733 1283 900 1338 immutavit
920 1311 955 1326 -
973 1283 1034 1338 213.
1054 1283 1115 1336 Νοη
1134 1283 1178 1338 1116
1195 1301 1256 1338 ean.
1270 1299 1376 1352 comm,
1390 1283 1437 1338 sed
1457 1299 1520 1352 par·

432 1384 564 1440 tiaulares
582 1387 722 1440 curiarum
740 1387 955 1443 consuetudines
973 1387 1129 1444 huiusmodi
1149 1389 1357 1444 immutationes
1376 1385 1518 1458 paulisper

432 1497 610 1562 exceperunt.
628 1523 662 1534 -
681 1495 742 1548 214.
762 1494 914 1550 interdieta
938 1497 1165 1567 «adipiscendae
1185 1498 1399 1568 possessionis»
1425 1492 1520 1562 potius

432 1603 560 1668 spectant
583 1599 619 1655 etl
642 1596 840 1656 beneficiorum
865 1608 915 1656 aut
939 1601 1092 1658 officiorum
1117 1605 1315 1658 institutionem
1340 1601 1457 1658 rentem
1483 1629 1518 1644 -

430 1706 492 1761 215.
512 1707 555 1760 Ad
572 1711 678 1762 rectam
693 1711 723 1762 et
733 1707 893 1776 ,expeditam
912 1707 1129 1779 applicationem
1143 1708 1256 1764 remedii
1270 1707 1432 1779 possessorii
1447 1723 1520 1772 cam,

430 1813 583 1884 requiritur
600 1814 723 1883 genuina
741 1814 865 1883 cognitio
884 1815 1007 1870 instituti
1027 1815 1187 1886 possessorii
1206 1831 1276 1870 rom.

430 2031 506 2096 210.
531 2031 679 2098 Evolulio
702 2033 838 2097 instituti
864 2033 1052 2117 possessorii
1081 2032 1164 2118 apud
1188 2033 1350 2097 Romanos
1374 2049 1517 2116 eousque

341 2175 514 2242 progressa
530 2163 578 2222 est
592 2161 628 2223 ut
640 2156 867 2222 admitteretur
884 2157 999 2223 inrium
1025 2157 1160 2223 realium
1182 2175 1297 2242 nempe
1321 2158 1513 2222 servitutum

340 2281 441 2366 quasi
468 2283 637 2364 possessio
644 2302 659 2364 ,·
681 2301 785 2366 neque
820 2283 979 2356 omnium,
1002 2281 1297 2356 indiscriminatim,
1321 2281 1378 2348 sed
1401 2301 1514 2346 aarum

340 2408 537 2492 potissimum
560 2427 642 2491 quae
664 2408 845 2473 continuae
867 2405 1026 2480 dicuntur,
1047 2427 1181 2494 quarum
1204 2417 1320 2494 nempe
1347 2428 1422 2472 usus
1449 2427 1516 2472 non

340 2536 485 2601 consistit
507 2535 539 2598 in
563 2531 687 2598 actibus
705 2532 845 2598 hominis
861 2553 903 2598 ex
918 2533 1092 2598 intervallo
1112 2533 1232 2618 positis,
1248 2531 1348 2598 veluti
1365 2533 1398 2596 in
1415 2532 1516 2596 servi-

337 2666 407 2726 tute
423 2661 548 2726 itineris
570 2665 625 2724 aut
646 2678 749 2742 aquae
772 2659 916 2724 haustus.
942 2659 980 2723 In
1004 2659 1094 2724 hisee
1121 2659 1207 2722 enim
1230 2657 1332 2722 visum
1358 2662 1408 2724 est
1431 2677 1516 2742 pene

339 2782 478 2850 delicere
502 2783 743 2847 tundamentum
767 2783 975 2867 possessionis
999 2785 1097 2846 etiam
1120 2781 1341 2864 impropriae,
1361 2782 1512 2846 nimirum

340 2908 506 2994 quemdam
533 2908 610 2973 fanti
637 2913 763 2979 statum,
792 2927 857 2971 non
881 2912 1137 2972 momentaneum
1164 2904 1220 2971 sed
1244 2907 1440 2971 continuum.
1467 2941 1512 2956 -

339 3031 386 3096 De
401 3029 472 3094 aliis
488 3026 610 3093 iuribus
624 3029 704 3092 ortis
719 3046 762 3091 ex
776 3033 862 3093 statu
878 3028 1017 3092 hominis
1033 3033 1088 3093 eut
1107 3026 1248 3091 familiae
1267 3025 1319 3090 161
1336 3045 1378 3090 ex
1395 3024 1513 3102 officio,

338 3153 391 3218 161
407 3173 451 3218 ex
465 3151 719 3237 obligationibus,
733 3171 797 3217 non
820 3150 959 3216 admisse
978 3151 1039 3216 fuit
1054 3150 1220 3234 possessio
1236 3149 1342 3218 civilis
1358 3170 1415 3216 seu
1431 3169 1515 3234 quse

339 3277 481 3343 iuridicis
505 3274 669 3342 effectibus
691 3278 849 3343 instructa
872 3280 966 3342 esset.

427 3403 562 3486 Inquam
581 3439 598 3451 -
613 3403 779 3486 possessio
795 3401 902 3468 eiaitis
920 3436 937 3450 -
954 3401 1062 3486 aliqua
1077 3403 1162 3468 enirn
1178 3401 1336 3468 naturalis
1351 3405 1512 3488 possessio

338 3545 396 3590 seu
418 3530 518 3592 status
542 3524 618 3590 lacti
641 3543 835 3610 permanens
865 3525 1051 3610 recognitus
1081 3525 1142 3592 tuit
1171 3523 1211 3590 ab
1242 3525 1319 3612 ipsis
1350 3527 1512 3592 iuriscon-

338 3654 429 3720 sultis
452 3653 593 3717 romanis
613 3652 702 3716 hisce
719 3671 844 3736 qunque
867 3653 899 3716 in
924 3649 1045 3716 iuribus
1069 3651 1124 3717 sed
1148 3649 1188 3716 de
1210 3651 1348 3717 iuridiea
1371 3652 1514 3718 tuitione

338 3777 457 3844 eisdem
472 3775 686 3863 impertienda
699 3796 742 3842 ne
757 3777 931 3862 cogitatum
948 3775 1074 3860 quidem
1099 3775 1169 3844 luit.
1194 3776 1355 3861 Siquidem
1374 3777 1405 3841 in
1423 3775 1512 3862 frag-

337 3901 454 3964 mentis
476 3899 669 3979 noniinatur‚
690 3898 856 3982 possessio
888 3897 1059 3970 libertatis,
1084 3897 1312 3983 tapetiaitatis,
1342 3895 1512 3964 1111611ἰηί-

336 4022 413 4086 tatis
428 4019 484 4106 (l),
502 4026 534 4085 61
557 4021 619 4085 1111
635 4022 668 4084 in
685 4039 820 4085 uxorem
845 4021 1013 4106 recognita
1037 4018 1098 4084 luit
1119 4019 1277 4104 possessio
1300 4019 1341 4084 ud
1359 4016 1511 4084 effectum

335 4145 533 4228 acquirendi,
550 4145 649 4230 quasi
671 4145 889 4228 usucapione,
914 4146 1138 4210 auctoritatem
1162 4143 1343 4209 maritalem
1367 4165 1423 4218 seu
1440 4165 1512 4210 ma·

425 4408 464 4475 (l)
484 4408 523 4462 Cl.
544 4407 678 4478 Ruggari,
696 4425 738 4479 op.
758 4409 801 4462 eit.
820 4413 859 4474 §5
878 4411 928 4475 23,
949 4410 997 4474 83,
1016 4409 1089 4462 2153.
