3350 5117
298 337 342 402 88
823 364 908 415 anas
931 366 952 413 1.

300 482 403 553 riorio
426 484 538 551 valide
561 484 753 554 obtinuerit:
778 509 854 555 nam
877 485 936 556 ius'
949 489 1075 577 spondi
1089 494 1121 557 el
1136 490 1172 555 io
1195 490 1321 557 iudicio
1337 510 1476 575 reapon-

301 606 405 674 dcodi
427 615 477 678 est
499 612 547 677 ins
571 612 746 680 inhaerens
761 613 911 683 beneficii
934 616 1218 681 administrationi:
1236 636 1279 681 ex
1294 635 1370 699 cap.
1390 616 1479 683 Cum

301 732 462 815 Depuloti
483 736 534 808 16,
558 736 610 801 De
632 738 766 804 iudiciis
789 740 824 803 X
844 736 953 825 (II-l).
979 738 1068 804 Idem
1092 739 1217 805 dicatur
1241 737 1281 804 de
1312 739 1478 826 Religioso

301 864 449 942 promoto
471 859 513 925 ad
536 862 773 948 Episcopatum.
792 864 838 930 Ol.
856 866 1055 951 Schmalzgr.
1073 866 1120 931 til.
1137 864 1187 931 Dc
1201 864 1273 932 iud.
1289 886 1322 930 a.
1343 863 1393 931 37
1408 884 1478 951 seq.

302 980 529 1051 -Concessa
553 987 636 1051 enim
662 988 825 1074 Religioso
849 990 945 1054 venia
968 988 1156 1074 capessendi
1172 987 1312 1055 officium
1334 988 1475 1071 aliquod,

302 1107 456 1192 implicite
479 1109 666 1178 facultatem
690 1114 835 1177 continet
851 1112 1027 1199 peragendi
1044 1133 1083 1179 ea
1106 1133 1187 1197 quae
1204 1113 1389 1179 necessaria
1405 1117 1481 1179 sunt

302 1228 343 1293 ad
367 1228 505 1297 officium
529 1234 591 1297 rite
613 1234 818 1319 explendum.

392 1360 425 1444 4)
450 1360 517 1445 agit
538 1361 676 1427 nomine
698 1382 770 1437 suo,
787 1365 857 1428 sine
873 1364 1049 1448 superioris
1064 1363 1205 1443 licentia,
1218 1361 1258 1427 de
1274 1361 1340 1426 suis
1355 1359 1479 1426 iuribus

303 1482 531 1567 spiritualibus,
557 1483 712 1551 adversus
737 1487 838 1572 ipsum
862 1488 1093 1551 monasterium
1116 1488 1142 1551 si
1166 1471 1342 1551 eum'velit
1364 1486 1483 1551 iniusto

302 1606 469 1691 expellere
493 1608 545 1673 vel
569 1609 728 1676 alimentis
759 1612 892 1697 privare
915 1612 968 1676 vel
997 1612 1061 1676 alio
1086 1613 1156 1676 iure
1183 1611 1323 1697 spoliare
1347 1610 1381 1674 in
1405 1629 1483 1695 pro-

305 1732 445 1797 fessione
472 1740 636 1819 suscepto:
665 1755 708 1801 ex
731 1754 806 1820 cap.
829 1736 891 1809 22.
916 1737 966 1802 De
991 1735 1187 1819 Rescripta,
1215 1738 1251 1801 X
1276 1733 1366 1824 (1-3).
1398 1738 1481 1803 Item

304 1855 486 1941 Religiosus
508 1858 603 1943 pleno
627 1858 748 1925 fruitur
771 1861 842 1924 iure
866 1858 983 1947 agendi
1007 1859 1047 1924 de
1071 1860 1183 1926 valore
1208 1880 1285 1925 suae
1308 1858 1482 1944 professio·

303 1980 368 2044 nis:
394 1980 435 2046 cf.
463 1980 586 2047 Concil.
622 1982 715 2049 Trid.
742 1983 828 2050 Sena.
860 1985 921 2059 25,
947 1985 1050 2058 c.·19‚
1068 1984 1118 2051 De
1141 1982 1234 2068 Ref.‚·
1251 1982 1370 2049 Bened.
1395 1983 1482 2048 XlV

304 2102 412 2168 Const.
431 2091 469 2169 Si
483 2104 611 2179 datam,
629 2111 661 2173 et
677 2106 806 2179 Suarez,
820 2107 870 2173 De
888 2108 968 2173 Virt.
981 2113 1012 2173 et
1022 2112 1131 2174 status
1145 2107 1300 2193 relipioo.
1320 2106 1432 2173 Tract.
1446 2106 1480 2181 8,

305 2225 361 2292 tit.
386 2226 433 2299 ΙΙ,
459 2248 532 2311 cap.
557 2230 602 2293 11.
628 2230 707 2295 Nam
740 2232 921 2317 Religiosus
952 2252 1016 2296 non
1040 2232 1142 2297 solum
1166 2233 1215 2297 ius
1246 2229 1344 2297 habet
1367 2230 1482 2295 delen-

302 2346 401 2414 dendi
416 2351 469 2415 vel
485 2352 692 2439 impugnandi
708 2354 853 2420 valorem
869 2374 946 2419 suae
963 2354 1190 2439 professionis;
1206 2354 1262 2419 sed
1279 2355 1376 2418 ctiam
1391 2359 1482 2419 sarta

303 2477 339 2536 et
360 2478 447 2539 tecta
470 2476 622 2543 servandi
647 2478 718 2542 iura
741 2479 848 2543 omnia
871 2498 931 2564 per
954 2479 1188 2565 professionem
1211 2478 1270 2545 sibi
1294 2482 1483 2562 comparata

305 2604 339 2663 ct
362 2601 549 2667 solemniter
572 2606 748 2689 recognita.

396 2723 429 2810 5)
452 2727 529 2793 item
567 2728 705 2794 nomine
734 2748 796 2795 suo
825 2730 932 2810 etiam,
956 2728 1076 2813 absque
1106 2729 1282 2814 superioris
1313 2747 1483 2797 consensu,

307 2850 547 2917 conveniendus
571 2855 620 2917 est
642 2853 675 2917 in
699 2854 825 2920 actione
849 2853 1026 2919 criminali:
1043 2874 1086 2919 ex
1102 2873 1175 2937 cop.
1194 2852 1343 2918 Dilectus
1357 2850 1448 2937 filius
1465 2886 1484 2897 -

305 2974 357 3040 De
381 2974 545 3057 dimonia,
570 2976 604 3041 X
626 2972 721 3063 (tr-3)
746 2982 778 3041 et
803 2978 908 3043 Const.
935 2978 1026 3042 Pauli
1051 2977 1084 3041 V
1107 2976 1286 3043 Romanus
1308 2974 1484 3058 Pontifex.

305 3100 539 3167 Monasterium
563 3102 648 3166 enim
679 3122 743 3166 non
772 3107 877 3187 potest
900 3103 1068 3167 conveniri
1101 3101 1140 3165 ob
1172 3104 1295 3167 crimen
1325 3100 1484 3185 religiosa

306 3246 351 3291 ex
374 3247 445 3312 rep.
470 3228 518 3292 76
540 3228 686 3293 inrisio
710 3230 732 3293 6
756 3226 811 3315 (1).

204 3437 207 3443 Ι
399 3352 450 3417 66.
476 3353 616 3418 Tandem
641 3353 796 3425 nonnulli,
815 3354 860 3419 uti
884 3352 1096 3423 distinximus,
1114 3371 1178 3415 non
1190 3370 1258 3434 per
1280 3370 1316 3415 se
1338 3350 1399 3415 aed
1416 3367 1486 3433 per

81 3428 196 3610 ΗΥ,
209 3443 394 3581 wibertina
410 3498 513 3566 apere
526 3485 559 3546 ct
572 3480 779 3561 respondere
799 3478 927 3545 debent.
947 3480 1023 3543 lure
1039 3449 1258 3543 Romanorum
1273 3496 1333 3562 pro
1357 3476 1486 3540 infanti-

70 3616 185 3679 Μ
203 3632 268 3661 m
308 3602 377 3675 bus,
391 3602 569 3667 amentibus
580 3602 713 3686 aliisque
731 3604 801 3667 iure
818 3601 959 3667 naturali
972 3601 1132 3687 impeditis
1144 3600 1293 3666 iudicium
1306 3599 1487 3684 suscipiunt

83 3696 275 3821 fflff*
308 3732 433 3794 tutores
455 3727 509 3792 vel
539 3732 718 3795 curatores.
748 3726 903 3813 Prodipi
931 3725 1066 3810 pupilli,
1090 3726 1250 3797 minores,
1274 3744 1339 3789 non
1367 3743 1427 3809 per
1450 3743 1486 3789 se

96 3824 223 3919 im*
306 3850 363 3916 sed
388 3852 569 3936 respective
592 3869 652 3935 per
676 3852 846 3914 curatores
870 3849 922 3913 vel
946 3868 1005 3935 per
1027 3854 1152 3913 tutores
1168 3866 1268 3933 agere
1292 3846 1410 3911 debent
1425 3845 1484 3931 (2).

400 4061 439 4131 (l)
458 4062 557 4115 Obstat
571 4062 644 4115 enirn
658 4061 757 4131 regula
774 4062 816 4114 76
829 4063 900 4115 iuris
913 4062 943 4114 in
958 4061 986 4113 6.·
998 4074 1015 4111 «ι
1029 4060 1170 4113 Delictum
1181 4075 1320 4129 personae
1337 4075 1394 4112 non
1407 4059 1489 4113 debet

309 4174 339 4223 in
357 4172 556 4226 detrimentum
582 4170 727 4225 Ecclesiae
753 4171 916 4224 redundare
936 4186 960 4226 p.
981 4168 1085 4223 Tamen
1111 4172 1210 4221 notant
1235 4167 1367 4221 Doctores
1386 4166 1414 4219 in
1435 4164 1488 4220 hoc

310 4274 489 4343 propositum,
510 4273 709 4329 monasterium
730 4274 818 4327 teneri
837 4272 871 4325 ad
890 4270 1104 4342 suppeditandao
1123 4287 1259 4341 expansas
1284 4269 1417 4339 religioso
1437 4287 1488 4325 ne·

312 4382 446 4435 caesarias
464 4381 497 4434 ad
516 4381 557 4434 sui
577 4380 774 4435 defensionem.

400 4489 439 4560 (2)
458 4487 489 4542 In
508 4488 648 4542 codicibus
667 4486 796 4541 civilibus
814 4486 956 4542 hodiernis
974 4486 1046 4541 solet
1064 4483 1176 4540 decerni
1195 4500 1212 4536 a
1230 4483 1320 4539 iudice
1337 4485 1490 4553 impetran-
