3350 5117
461 278 505 325 ns
529 278 666 327 rumcns
690 278 955 327 sccnusmsrrms
1233 261 1300 327 443

119 402 228 489 eligit.
243 452 249 465 .
265 422 292 485 .;
314 402 344 468 si
366 402 579 489 nequiverint
602 402 742 487 (arbitri)
767 403 805 468 in
827 423 937 469 unum
961 404 1171 471 concordare
1194 404 1299 470 advo-

118 532 194 591 cent
218 526 353 592 lmtium
377 548 409 591 s.
433 526 490 592 Isti
514 532 589 592 sunt
611 526 734 594 arbitri
757 528 854 608 iuris,
878 531 911 593 et
933 527 975 592 sb
999 547 1113 592 eorum
1140 530 1301 593 sententia

118 650 276 735 appellari
300 654 419 733 potest:
445 648 560 713 horum
592 646 731 713 officium
764 653 797 713 et
820 650 1046 715 auctoritatem
1068 651 1131 714 iam
1156 649 1301 735 explica·

118 777 232 839 vimus.

209 900 344 984 Inquam
362 936 379 949 -
397 898 605 987 regulariter
622 934 640 947 -
659 901 845 963 recurriIur
860 898 901 963 ad
917 899 1067 981 arbitros,
1084 920 1159 965 nam
1175 919 1250 983 cap.
1267 900 1300 973 4,

119 1024 175 1088 Dc
197 1025 252 1107 off.
275 1023 347 1088 iud.
372 1023 478 1109 deieg.
502 1023 540 1089 in
563 1022 587 1087 6
609 1020 648 1107 (Ι,
676 1022 729 1108 14)
754 1022 845 1106 ponit
868 1026 936 1088 tres
959 1042 1053 1087 casus
1076 1024 1110 1087 in
1133 1022 1246 1108 quibus
1261 1022 1301 1087 de

118 1146 301 1229 suspicione
325 1165 435 1211 coram
459 1145 590 1212 arbitris
615 1164 679 1211 non
703 1149 874 1216 tractatur,
899 1165 1028 1231 nempe:

212 1272 243 1360 1)
267 1273 346 1341 Cum
379 1279 550 1339 recusatur
581 1294 664 1337 unus
694 1292 737 1337 ex
768 1272 925 1359 delegans
952 1271 1108 1338 iudicibus
1138 1272 1221 1337 datis
1243 1272 1301 1338 sub

118 1395 281 1460 clausula:
306 1396 336 1461 si
351 1414 468 1463 omnes
482 1414 553 1461 non
574 1395 712 1477 potestis
735 1413 827 1459 untes
841 1395 893 1461 uel
917 1394 985 1460 duo
998 1394 1303 1476 procederemus

117 1519 206 1582 enim
223 1536 287 1581 non
305 1521 472 1583 recusatus
488 1516 608 1583 iudicat
623 1515 662 1580 de
679 1536 777 1581 causa
792 1516 992 1601 suspicionis,
1018 1515 1161 1581 Proinde
1177 1514 1303 1602 quaudo

117 1644 229 1728 agitur
252 1643 292 1707 de
316 1642 454 1728 collegio
478 1641 615 1719 iudicum
640 1643 709 1707 sive
726 1641 966 1707 ordinariorum
983 1644 1052 1707 sire
1072 1642 1302 1728 delegatorum,

117 1768 295 1834 videndum
320 1774 369 1834 est
391 1788 433 1833 en
457 1788 569 1833 omnes
592 1767 774 1853 procedere
789 1766 930 1832 debeant
952 1768 1181 1853 collegialiter;
1206 1768 1251 1833 ita
1267 1774 1303 1833 ut

117 1894 146 1958 si
172 1913 255 1979 unus
279 1912 344 1957 non
368 1893 549 1963 conveniat,
574 1892 736 1958 sententia
758 1891 841 1957 ferri
865 1911 929 1956 non
952 1894 1062 1977 possit.
1087 1892 1188 1965 Tunc,
1210 1911 1303 1957 recu·

118 2022 192 2081 sato
218 2038 280 2081 uno
305 2036 348 2082 ex
371 2016 536 2087 iudicibus,
555 2034 652 2082 causa
675 2016 866 2101 suspicionis
889 2015 1067 2081 deferenda
1090 2021 1140 2082 est
1161 2016 1202 2082 ad
1219 2014 1302 2081 arbi·

116 2148 200 2207 tros.
227 2141 416 2208 Huiusmodi
432 2144 517 2207 enim
534 2141 707 2227 collegium
730 2142 811 2206 nihil
828 2140 959 2207 edicere
974 2142 1070 2216 valet,
1088 2144 1115 2209 si
1131 2163 1214 2207 unus
1230 2162 1303 2207 con·

117 2266 237 2331 venire
260 2285 326 2329 non
350 2266 450 2351 possit
472 2271 527 2331 aut
550 2285 615 2330 non
638 2264 763 2332 debeat.
791 2267 972 2331 Recusatus
993 2272 1101 2332 autem
1116 2268 1151 2331 in
1174 2286 1304 2333 causam

117 2390 315 2475 suspicionis
339 2394 430 2454 certe
452 2386 641 2475 suffragium
664 2388 757 2455 ferre
775 2411 841 2455 nou
864 2390 967 2456 debet.
986 2391 1078 2457 Unde
1102 2390 1207 2456 BoniI.
1220 2388 1305 2458 VIII

117 2519 152 2581 iu
181 2516 234 2583 cit.
252 2535 325 2600 cap.
343 2517 385 2583 de
409 2517 548 2603 callepio
572 2517 725 2584 iudicum
749 2518 984 2605 delegatorum
1007 2521 1068 2585 ait:
1096 2541 1115 2583 ι
1134 2520 1167 2586 Si
1191 2525 1306 2587 contra

116 2661 223 2705 unum
247 2660 290 2705 ex
314 2641 436 2707 duobus
460 2640 616 2706 iudicibus
635 2662 707 2707 curn
733 2643 789 2707 illa
805 2642 949 2708 clausula
971 2643 1064 2728 quod
1086 2643 1116 2709 si
1138 2642 1238 2711 ambo
1254 2644 1305 2709 in·

119 2770 248 2829 teresse
269 2782 341 2829 non
359 2768 513 2846 possunt,
538 2764 627 2829 alter
642 2782 762 2829 eorem
787 2763 825 2828 in
848 2783 953 2830 causa
971 2764 1190 2847 procedat...
1206 2767 1306 2850 suspi·

117 2890 227 2955 cienis
251 2909 349 2955 causa
372 2889 515 2974 legitime
530 2894 749 2975 proponetur;
774 2909 872 2954 causa
894 2890 965 2974 ipsa
987 2891 1176 2975 suspicionis
1196 2910 1306 2956 coram

117 3034 186 3079 nou
214 3018 363 3078 recusato
387 3012 555 3077 conludice
578 3011 637 3098 (ud
660 3032 761 3097 quem
786 3031 831 3078 em
853 3012 888 3077 vi
906 3012 1110 3095 praedictae
1133 3013 1307 3079 clausulae

116 3136 222 3203 debet
243 3135 350 3219 ipsius
373 3156 497 3203 causae
513 3136 659 3223 cognitio
678 3136 867 3220 periinere)
890 3136 1022 3222 probari
1040 3141 1072 3201 et
1087 3136 1127 3212 ab
1151 3138 1189 3201 eo
1206 3156 1306 3222 expe-

115 3264 188 3329 diri
213 3262 349 3328 debebit.
374 3261 434 3329 Ubi
451 3282 530 3327 vero
554 3282 619 3327 non
643 3267 691 3328 est
715 3261 802 3326 dicta
825 3259 970 3325 clausula
986 3263 1018 3325 in
1037 3261 1196 3345 rescripto
1211 3260 1307 3328 debet

116 3408 225 3473 super
247 3387 309 3451 hoc
332 3387 371 3452 ad
396 3387 537 3452 arbitros
560 3408 714 3452 recursus
738 3384 852 3451 baberi
874 3406 904 3449 ›.
1330 3370 1337 3383 ’

215 3511 249 3600 2)
260 3561 263 3567 ,
274 3514 352 3579 Cum
376 3518 547 3579 recusatur
563 3482 740 3597 delegetus
757 3512 921 3598 delegans,
939 3513 965 3577 si
988 3512 1071 3577 adsit
1095 3518 1127 3577 et
1143 3514 1307 3578 commode

113 3642 209 3709 adIri
232 3616 341 3727 possit,
365 3641 453 3706 videt
477 3640 515 3706 de
532 3640 724 3725 suspicione.

216 3763 249 3848 3)
273 3765 450 3848 Episcopus
472 3764 593 3830 iudicat
616 3765 656 3829 de
679 3765 862 3850 suspicIone
886 3783 949 3847 qua
973 3769 1144 3829 recusatur
1167 3765 1236 3828 eius
1252 3762 1309 3827 Vi-

114 3908 246 3955 carrus.

218 4010 293 4075 549.
319 4010 397 4075 Cum
421 4030 465 4075 en
487 4012 556 4096 ipso
573 4010 644 4075 iure
667 4010 809 4074 natirrali
834 4011 973 4094 suspIcio
996 4009 1134 4076 Iudicem
1159 4009 1311 4095 impediat

113 4154 137 4199 a
165 4120 351 4211 iudicend0,
376 4135 412 4195 ut
433 4132 479 4198 ait
501 4131 554 4198 cii.
579 4151 606 4195 c.
628 4130 668 4195 ll
694 4130 724 4195 u.
742 4136 765 4196 t.
789 4132 823 4195 X
844 4131 943 4195 iudex
964 4136 1141 4216 suspectus,
1165 4133 1311 4218 opposita

112 4256 319 4341 suspicione,
343 4260 513 4338 antequam
530 4255 637 4339 aliqua
660 4253 715 4319 nat
731 4274 849 4321 causae
865 4256 1016 4340 cognitio,
1033 4260 1137 4341 potest
1160 4276 1194 4321 se
1210 4255 1310 4321 absti-

111 4401 220 4461 nere,
244 4382 317 4451 imo,
342 4386 374 4444 et
411 4380 500 4445 nulla
524 4381 687 4465 proposita
711 4380 916 4465 exceptione,
941 4380 981 4445 ob
1009 4377 1208 4465 probabilem
1233 4400 1310 4446 cau-
