3350 5117
542 335 586 382 os
609 332 749 382 ionicus
773 332 1038 381 accasamentis
1310 314 1373 379 571

197 462 305 527 nalem
321 460 465 527 obtineat
475 462 658 536 victoriam
671 461 717 524 ita
729 458 878 526 Clemens
890 459 923 525 V
938 460 971 523 in
988 478 1062 542 cap.
1072 480 1130 524 ua.
1145 459 1175 523 tt.
1187 464 1207 523 t.
1221 458 1257 523 iu
1271 458 1377 525 Clam,

195 585 253 671 (ΙΙ,
268 584 311 670 6).
325 585 494 671 Dispositio
511 586 592 650 haec
606 585 705 651 Clam.
715 585 747 650 V
763 591 900 649 extensa
917 584 976 650 luit
991 604 1011 649 a
1028 586 1087 649 Pio
1101 584 1149 649 IV
1166 584 1206 649 ad
1221 581 1380 649 beneficia

197 711 338 797 litigiosa
359 715 534 777 reseruata
558 710 589 776 S.
607 709 681 776 Sedi
705 711 738 777 in
762 714 862 775 const.
889 708 1108 776 Sanctissimo
1131 707 1175 773 26
1199 712 1261 773 oct.
1283 706 1376 773 1560.

197 870 240 881 -
254 834 285 900 S.
304 835 427 900 PiusV
449 854 529 899 vero
553 837 586 899 in
602 840 704 902 const.
732 833 836 901 Cordi
859 834 903 899 30
926 834 1033 901 martii
1059 831 1146 898 1568
1170 830 1317 896 extendit
1338 829 1378 895 ad

197 976 428 1043 quoscumque
449 956 680 1024 beneficiorum
703 958 860 1042 fructum
882 964 919 1023 ut
940 958 1002 1039 isti,
1019 958 1076 1022 lite
1099 956 1269 1041 pendente,
1287 955 1379 1040 depo

196 1086 318 1146 uantur
345 1082 429 1167 apud
459 1103 630 1167 personam
662 1083 819 1148 idoneam.
850 1081 1262 1164 destructamque
1292 1080 1381 1144 iuris

196 1206 307 1281 Petet..
332 1208 429 1273 Part.
455 1210 482 1278 l,
507 1206 592 1275 Seri.
616 1209 703 1291 252,
727 1209 811 1277 258.
838 1210 875 1273 ln
900 1210 959 1274 has
987 1212 1088 1272 const.
1114 1206 1378 1271 commentarium

197 1334 348 1397 exaravit
369 1334 440 1397 Pax
460 1333 618 1400 Iordanus
641 1334 692 1400 De
714 1354 754 1400 re
776 1333 945 1416 iudiciali,
970 1334 1016 1399 tit.
1035 1334 1084 1399 De
1107 1332 1378 1417 sequestratione.
1430 1364 1432 1367 ·

289 1456 365 1521 586.
390 1457 505 1522 Modus
529 1457 725 1523 decernendi
749 1459 1038 1542 sequestrationem
1063 1463 1111 1522 est
1134 1476 1288 1540 sequens:

287 1578 320 1662 l)
343 1576 379 1642 Si
402 1579 566 1646 instantia
585 1580 699 1664 portis
724 1580 950 1666 praecesserit,
978 1578 1074 1645 iudex
1104 1578 1199 1644 debet
1228 1577 1381 1662 praemit-

196 1707 269 1768 tere
292 1705 499 1768 summariam
523 1706 739 1789 cognitionem
764 1704 804 1770 de
827 1707 899 1770 iure
922 1704 1095 1789 litigatoris
1121 1701 1310 1787 postulantis
1332 1721 1380 1766 se

197 1830 458 1913 questrationem‚
471 1850 598 1895 necnon
620 1830 659 1895 de
682 1828 920 1896 conditionibus
943 1830 1008 1894 litis
1027 1828 1205 1914 pendentis,
1223 1827 1381 1894 strideat

197 1972 240 2017 an
263 1954 449 2017 necessaria
472 1955 513 2018 sit
535 1954 758 2037 sequestratio,
776 1958 810 2017 et
829 1959 936 2017 utrum
955 1954 1019 2018 iuri
1043 1952 1233 2037 postulantis
1256 1952 1379 2017 consuli

197 2076 298 2160 possit
317 2095 377 2160 per
392 2078 575 2141 cautionem
593 2082 650 2141 aut
664 2075 752 2142 aliud
775 2076 924 2151 medium,
942 2084 1115 2160 antequam
1133 2080 1323 2140 recurratur
1339 2074 1379 2139 ad

199 2200 278 2265 illud
301 2200 525 2285 exceptionale
549 2202 823 2285 sequestrationis.

289 2322 323 2410 2)
348 2323 435 2388 Hine
459 2329 494 2389 ut
517 2326 646 2391 intersit
668 2324 892 2410 disceptationi
917 2325 1123 2409 quaestionis
1146 2324 1323 2391 incidentis
1339 2325 1382 2388 ci·

198 2444 297 2510 tanda
320 2450 369 2511 est
399 2446 464 2510 alia
487 2465 563 2531 pars
594 2446 627 2510 iu
651 2446 743 2511 cuius
765 2446 999 2531 praeiudicium
1025 2447 1236 2530 sequestratio
1260 2444 1377 2510 decer-

199 2573 298 2637 nitur.

288 2700 322 2786 3)
347 2700 438 2765 Haec
461 2719 537 2785 pars
559 2700 586 2763 si
617 2699 705 2771 velit,
731 2700 780 2764 ius
803 2698 902 2765 habet
925 2698 1092 2764 deferendi
1121 2698 1308 2763 adversario
1331 2698 1380 2762 iu·

198 2828 380 2887 ramentum
411 2823 605 2888 calumniae
634 2823 674 2887 ob
702 2841 819 2888 causae
851 2823 1059 2908 gravitatem:
1093 2822 1138 2887 ita
1168 2822 1383 2885 communiter

199 2948 263 3013 DD.
290 2948 338 3014 cf.
364 2950 502 3036 Pirhing
525 2950 555 3013 lt.
581 2956 601 3013 t.
618 2970 652 3013 a.
669 2950 722 3015 15.

288 3070 323 3155 4)
347 3070 481 3145 Quando
504 3093 583 3137 vero
607 3074 707 3138 iudex
730 3071 877 3158 procedit
892 3090 938 3137 eae
960 3071 1069 3156 officio
1086 3072 1118 3135 in
1135 3071 1254 3135 bonum
1277 3069 1380 3156 publi-

199 3214 274 3260 cum
297 3196 338 3261 ad
360 3196 494 3261 vitanda
516 3196 668 3262 scandala
684 3203 718 3262 et
732 3196 843 3262 turbas
859 3196 945 3259 inter
961 3197 1060 3269 cives,
1077 3196 1103 3259 si
1128 3215 1226 3260 eausa
1240 3195 1281 3259 sit
1304 3214 1381 3281 gra-

201 3320 273 3383 vior
295 3324 330 3386 et
351 3320 524 3385 manifesta
539 3321 656 3402 statim,
670 3340 733 3385 non
758 3320 857 3385 citata
871 3324 973 3403 parte,
998 3324 1104 3404 potest
1127 3319 1305 3384 decernere
1329 3339 1381 3385 se-

199 3446 470 3529 questrationem
500 3446 599 3511 veluti
622 3447 648 3510 si
672 3444 800 3513 adesset
814 3444 994 3530 periculum
1019 3465 1059 3509 ne
1076 3453 1185 3529 partes
1207 3446 1381 3530 litigantes

199 3588 238 3635 re
260 3589 325 3633 non
341 3574 510 3654 sequestro
526 3570 638 3654 posita,
654 3568 694 3633 ad
714 3588 806 3633 arma
820 3568 1029 3643 devenirent;
1046 3568 1072 3631 si
1097 3586 1194 3632 causa
1211 3573 1260 3631 est
1275 3566 1379 3637 dubia,

198 3714 276 3780 pars
298 3695 417 3759 citatur
440 3692 481 3758 ad
505 3693 702 3792 declaranda
731 3692 817 3759 dubii
848 3693 926 3758 facti
949 3691 1001 3757 vel
1032 3692 1110 3756 iuris
1141 3690 1302 3765 adiuncta,
1319 3692 1380 3757 nisi

197 3821 303 3906 magis
326 3819 477 3905 expediat
499 3820 595 3884 aliter
612 3820 777 3902 inquirere
796 3820 980 3883 veritatem.
995 3852 1038 3865 —
1057 3817 1103 3881 Ita
1126 3835 1171 3881 ecc
1186 3814 1294 3900 officio
1310 3837 1382 3901 pro·

199 3943 285 4009 cedit
307 3942 406 4009 iudex
427 3944 468 4009 ad
492 3942 717 4029 applicandum
741 3943 977 4029 praescriptum
1010 3943 1063 4007 cit.
1089 3942 1199 4013 Clam„
1224 3940 1280 4006 sed
1308 3944 1383 4027 quia

200 4068 386 4133 constitutio
409 4066 484 4133 data
506 4073 563 4140 est,
580 4068 628 4132 ad
650 4066 913 4150 compescendos
938 4066 1143 4151 titiquatium
1167 4066 1326 4149 malitias,
1343 4070 1382 4150 si,
1442 4160 1444 4167 y

201 4191 234 4255 iu
258 4190 412 4268 themate,
437 4191 526 4257 nulla
548 4190 649 4256 subsit
674 4191 806 4264 malitia,
830 4194 863 4255 et
886 4194 1098 4275 sequestratio
1122 4210 1186 4254 non
1210 4190 1252 4254 sit
1275 4190 1383 4258 insilis

200 4314 411 4396 executionis,
436 4312 534 4380 iudex
557 4312 741 4377 ordinarius
759 4311 924 4377 abstinere
946 4312 1034 4377 valet
1057 4311 1096 4375 ab
1120 4312 1300 4377 huiusmodi
1324 4312 1381 4378 de-

195 4442 300 4504 creto.
317 4438 492 4521 ct-Santi,
517 4438 548 4502 h.
564 4443 585 4504 t.
602 4458 636 4503 a.
654 4435 689 4502 2.
