3350 5117
527 300 571 346 oa
595 298 734 347 romeus
757 298 1022 347 accensiusmcrs
1317 280 1357 345 91

185 420 286 505 patris
309 439 443 485 assensu
467 440 667 505 nequaquam
692 420 813 506 indiget
835 421 876 486 ad
899 421 1057 506 agendum
1085 421 1137 486 vel
1162 420 1362 506 responden·

182 548 257 612 dum
280 550 314 614 iu
338 549 463 615 iudicio.

272 672 326 736 68.
353 674 391 738 ln
416 691 490 755 cop.
516 674 543 744 1,
567 672 619 738 De
640 672 710 739 iud.
735 672 812 737 iud
834 671 933 758 (II-l)
957 672 1144 753 mulieribus
1166 670 1296 757 plenum
1311 690 1489 789 rem&
1505 670 1617 753 ipat

183 797 392 879 cognoscitur
415 797 464 860 ius
487 796 592 861 standi
615 798 647 861 in
675 796 805 871 iudiciu;
831 802 936 861 tamen
962 789 1105 866 caretur,
1124 795 1275 860 honestas
1291 814 1361 857 mu·
1374 805 1590 945 W

181 919 290 1001 lieres,
315 924 461 1007 exceptis
484 923 610 988 casibus
634 923 807 994 nonnullis,
824 924 941 988 invitas
956 921 1133 986 trahendas
1152 941 1217 985 non
1233 940 1305 985 esse
1321 918 1361 983 ad
1372 932 1486 1029 msto
1494 882 1614 987 ΝΛ

183 1045 401 1129 personaliter
425 1046 689 1131 comparendum;
713 1046 769 1110 sed
793 1066 905 1109 earum
930 1050 1173 1131 procuratorem
1190 1042 1359 1109 admitten-
1380 1041 1489 1117 yfir*
1518 1042 1533 1055 ‘

182 1168 257 1234 dum
293 1190 376 1236 esse.
400 1172 526 1237 Verum
555 1172 761 1257 excipiuntur
792 1190 909 1236 causae
939 1170 1123 1234 criminales
1150 1149 1362 1234 criminaliter

181 1300 285 1365 actae,
311 1314 354 1359 ex
379 1314 454 1378 cup.
478 1298 505 1368 l,
530 1296 580 1361 De
602 1296 672 1361 iud.
697 1294 734 1359 ia
765 1296 788 1359 6
811 1293 919 1379 (ΙΙ-1).
944 1328 989 1342 -
1011 1294 1055 1359 At
1085 1291 1244 1356 foeminae
1277 1289 1362 1354 Reli-

180 1416 292 1499 giosae
316 1413 375 1481 sub
399 1416 549 1482 clausura
572 1418 718 1481 viventes
742 1436 859 1502 perse
882 1434 982 1501 agere
1006 1420 1039 1477 et
1061 1412 1259 1497 respondere
1282 1431 1360 1475 nnn·

181 1562 276 1626 quam
300 1544 423 1618 valent
447 1564 521 1630 orp.
547 1564 621 1627 cup.
645 1545 680 1617 2,
705 1544 754 1609 De
778 1544 847 1609 iud.
872 1543 909 1606 iu
933 1542 956 1606 6
979 1540 1076 1626 (ΙΙ-1)
1100 1538 1158 1624 (1).

271 1672 315 1735 Et
338 1672 400 1735 hae
417 1673 688 1757 praescriptiones
704 1669 784 1735 iuris
800 1690 871 1734 can.
889 1676 971 1752 quae
988 1668 1104 1752 partim
1120 1669 1169 1730 ius
1193 1682 1359 1728 romanum

183 1796 363 1875 immulant,
389 1798 506 1879 partim
538 1795 621 1860 idem
651 1794 805 1879 adoptant
828 1795 860 1857 in
885 1792 954 1858 furo
985 1791 1076 1858 eccl..
1102 1790 1231 1875 plenum
1255 1786 1360 1851 adhuc

181 1918 303 1986 habent
325 1922 490 2005 vigorem;
516 1940 557 1985 ex
581 1920 746 2005 principiis
770 1918 940 2004 explicatis
963 1919 996 1980 in
1016 1914 1192 1999 prooemio
1215 1914 1237 1995 ἓ
1260 1910 1293 1978 3.
1316 1946 1361 1957 —-

183 2040 340 2115 Quamvis
363 2043 448 2105 enim
472 2041 608 2125 anrplius
632 2060 696 2104 non
719 2042 827 2125 rigeat
843 2040 893 2103 ius
909 2056 1087 2117 romanum,
1104 2043 1211 2100 lamen
1228 2053 1287 2119 per
1301 2032 1362 2096 has

183 2162 409 2249 dispositiones
421 2166 470 2229 ius
482 2184 552 2228 can.
567 2163 760 2229 determinat
771 2164 900 2247 quinam
914 2179 1085 2247 personam
1101 2158 1241 2221 habeant
1255 2156 1361 2241 legiti-

274 2392 316 2461 (ll
335 2392 498 2447 Bonifacius
517 2392 578 2446 Vlll
598 2392 627 2447 in
647 2393 688 2447 cit.
708 2410 767 2463 cop.
787 2390 857 2445 haec
875 2390 1013 2444 decernit:
1033 2406 1048 2440 ι
1065 2388 1198 2441 Mulieres
1217 2385 1298 2456 (quas
1315 2400 1363 2437 va-

185 2504 328 2567 gare'non
349 2498 479 2553 convenit
497 2514 550 2551 nec
567 2499 689 2551 virorum
709 2497 834 2552 coetibus
852 2495 1014 2563 immisceri)
1030 2494 1198 2547 auctoritate
1215 2490 1361 2544 literarum

187 2602 266 2657 Sedis
284 2604 464 2673 Apostolicae
483 2604 528 2659 uel
548 2604 716 2673 Legatorum
735 2602 822 2673 ipsius
840 2608 890 2656 aut
907 2602 964 2655 alia
984 2617 1157 2671 quacumque
1176 2598 1210 2651 ad
1229 2596 1361 2651 iudicium

185 2707 372 2777 personaliter
390 2708 509 2776 evocari,
528 2708 572 2763 vel
593 2707 666 2762 trahi
685 2708 795 2773 invitas,
814 2724 900 2761 cauea
916 2706 1022 2761 ferendi
1041 2704 1231 2760 testimoninm
1244 2706 1294 2755 aut
1306 2701 1362 2754 alia

185 2814 313 2885 qualibet
332 2813 416 2885 (quae
435 2816 463 2868 in
483 2816 542 2869 iure
562 2832 615 2869 uon
636 2815 810 2885 exprimitur)
831 2812 1015 2885 prohibemus
1029 2812 1082 2866 Sed
1100 2828 1162 2864 cum
1175 2809 1361 2865 necessarium

184 2924 272 2979 fuerit
283 2924 474 2979 testimonium
488 2923 655 2989 earumdem,
665 2922 755 2987 iudex,
768 2923 805 2991 (in
818 2922 946 2991 expensis
956 2921 1044 2990 partis
1053 2892 1362 2989 producentiseasdem)

186 3031 368 3086 tabellionem
388 3036 438 3085 aut
456 3030 540 3084 aliam
559 3048 705 3101 personam
725 3030 852 3085 idoneam
872 3030 905 3082 ad
924 3047 971 3084 eas
984 3028 1171 3081 transmittat:
1190 3024 1235 3080 vel
1253 3024 1276 3076 ei
1289 3024 1362 3076 forte

185 3138 252 3191 talis
272 3155 354 3192 casus
373 3138 524 3193 occurrerit
537 3153 592 3208 quo
605 3139 664 3192 iure
678 3136 852 3207 prohibente,
865 3136 988 3205 receptio
1001 3135 1114 3189 testium
1128 3131 1210 3186 alteri
1223 3129 1360 3185 committi

185 3261 241 3299 non
261 3246 358 3315 possit,
378 3244 460 3300 iudex
478 3250 545 3299 tunc
564 3250 676 3315 propter
694 3244 747 3299 hoc
766 3243 951 3314 personaliter
969 3242 1003 3295 ad
1022 3242 1086 3295 illas
1110 3240 1238 3303 accedat;
1259 3243 1308 3292 aut
1326 3238 1360 3309 (si

187 3350 253 3405 talis
272 3352 310 3404 sit
330 3367 463 3421 personae
482 3351 630 3405 iudicantis
649 3350 770 3405 conditio
795 3350 867 3420 quod
886 3349 913 3401 id
933 3364 982 3418 per
1003 3348 1093 3417 ipsum
1112 3362 1166 3399 non
1185 3345 1283 3399 deceat
1300 3344 1360 3398 fieri

185 3457 230 3513 vel
249 3474 305 3511 nou
326 3457 423 3526 possit)
443 3458 538 3511 mittat
555 3456 589 3511 ad
608 3474 670 3511 eas:
690 3456 799 3526 proviso
812 3455 884 3526 quod
903 3472 984 3507 casus
1003 3452 1159 3506 huiusmodi
1171 3467 1226 3503 non
1240 3452 1364 3519 fingatur

184 3578 237 3617 nec
255 3564 333 3615 fraus
352 3562 521 3617 interveniat
539 3560 568 3614 in
587 3560 639 3617 hac
653 3567 739 3630 parte.
753 3561 885 3631 Alioquin
898 3561 979 3613 fictor
992 3557 1148 3611 huiusmodi
1162 3556 1207 3610 vel
1220 3555 1364 3609 fraudator

185 3666 247 3737 ipso
260 3668 337 3720 fecto
349 3668 518 3721 sententiam
531 3666 824 3722 excommunicationis
844 3667 975 3720 incurrat
989 3666 1078 3732 (Haec
1090 3680 1195 3717 excom.
1210 3662 1361 3725 obsoletis).

275 3778 294 3839 ἕ
317 3775 341 3829 l.
360 3774 508 3829 Caeterum
527 3774 663 3829 foeminae
677 3774 833 3844 religiosae,
844 3773 1007 3843 praesertim
1020 3788 1091 3841 quae
1104 3771 1207 3826 debent
1224 3771 1275 3823 sub
1288 3767 1363 3822 clau·

187 3878 383 3943 summorum,
403 3883 483 3932 extra
501 3895 580 3930 suum
600 3877 798 3931 monasterium
817 3894 866 3930 seu
885 3876 1042 3928 clausuram
1055 3890 1110 3927 nou
1129 3877 1262 3927 vocentur
1275 3872 1309 3925 ad
1322 3871 1363 3924 iu·

189 3984 289 4038 dicium
309 3984 355 4039 vel
374 3982 522 4038 trahantur
535 4002 569 4039 ex
587 3984 684 4055 quavis
697 3999 781 4037 causa
794 3982 986 4052 personaliter,
999 3980 1108 4035 etiamsi
1122 3980 1155 4034 ad
1169 3981 1221 4033 hoc
1233 3979 1363 4033 voluntas

188 4087 332 4142 accederet
351 4087 518 4143 carumdem.
532 4088 710 4143 Decernimus
723 4105 831 4159 quoque
846 4094 877 4142 ut
895 4088 955 4157 ipso
973 4088 1034 4142 iure
1051 4088 1089 4142 sit
1102 4087 1211 4140 irritum
1233 4090 1262 4140 et
1279 4086 1365 4139 inane

188 4193 260 4262 quod
273 4199 371 4248 contra
385 4195 536 4264 praemissa
548 4195 698 4265 contigerit
710 4196 843 4250 attentari
857 4212 881 4251 u.
896 4194 972 4255 Quae
986 4184 1166 4262 praescriptio
1180 4192 1269 4246 adhue
1282 4192 1362 4261 plene

187 4314 237 4353 suo
254 4300 355 4353 robore
367 4300 470 4353 fruitur
482 4304 511 4355 et
524 4305 567 4355 est
585 4305 666 4356 caute
679 4300 859 4357 attendenda:
880 4302 914 4353 cf.
928 4298 1051 4365 Schulte,
1064 4300 1188 4355 Process.
1201 4310 1276 4367 moa,
1289 4304 1307 4364 ἓ
1320 4299 1365 4350 26

189 4422 243 4477 seq.
262 4412 291 4461 et
309 4407 376 4461 lust.
395 4408 533 4461 Austriac.
553 4406 631 4461 Card.
652 4406 829 4473 Rauscher§
850 4408 914 4461 143.
