3350 5117
541 386 587 433 ott
610 385 749 434 tumens
773 384 1038 434 scctsslefflcts
1310 365 1380 434 245

144 573 148 583 ,
195 509 330 576 refundi
340 511 447 596 coepit
461 511 495 576 in
508 509 715 578 interdictum
726 511 778 578 uti
788 511 969 595 possidetis
981 529 1038 578 seu
1053 511 1305 576 manutentionis
1316 509 1377 597 (l),

193 636 274 719 quia
295 635 398 701 visum
422 641 482 715 est,
505 637 538 701 vi
561 635 730 720 spoliatum
759 655 825 700 non
853 635 996 701 amisisse
1022 636 1257 722 possessionem
1281 655 1378 719 quam

195 759 318 824 retinet
332 756 418 824 nudo
429 761 546 832 animo,
558 765 592 825 et
606 759 693 841 hinc,
708 779 832 846 reapse,
846 778 945 846 agere
961 759 1001 824 ad
1014 757 1270 825 conservandam
1286 777 1378 824 suam

197 887 432 968 possessionem
462 886 618 952 adversus
644 886 862 976 spoliatorem.
895 885 1022 952 Exinde
1048 887 1288 970 frequentatum
1316 885 1377 952 fuit

196 1012 328 1077 unicum
339 1011 518 1077 remedium
533 1013 796 1093 manutentionis,
809 1011 928 1078 dictum
941 1012 1158 1079 ordinariam
1172 1015 1223 1079 oet
1232 1014 1376 1097 plemam

190 1134 443 1215 possessorium
459 1132 515 1220 (2),
531 1140 567 1200 ut
589 1135 852 1199 summariissimo
877 1140 1105 1219 opponeretur,
1122 1137 1240 1220 quippe
1264 1135 1296 1198 in
1321 1133 1378 1199 illo

197 1259 346 1324 vinceret
374 1260 462 1325 inter
490 1259 732 1332 contendentes,
753 1260 805 1343 qui
834 1259 991 1344 probaret
1021 1277 1110 1324 suam
1141 1258 1374 1344 possessionem

191 1383 413 1466 antiquiorem
443 1403 513 1448 esse
536 1389 569 1448 et
591 1404 719 1448 omnem
749 1383 957 1470 praeseferre
987 1382 1184 1468 probabilem
1217 1383 1376 1448 rationem
1465 1395 1467 1400 ’

193 1505 298 1570 iustae
320 1514 354 1571 et
374 1506 539 1589 legitimae
561 1507 773 1591 possessionis
796 1503 854 1592 (3).

284 1631 387 1697 Nemo
410 1652 474 1697 aon
498 1632 595 1705 videt,
619 1635 652 1696 in
675 1632 766 1697 hisce
789 1631 942 1697 remediis
966 1629 1102 1716 amplius
1124 1649 1189 1694 non
1212 1631 1374 1695 contineri

189 1753 378 1820 distinctam
393 1755 602 1841 possessionis
616 1755 847 1828 defensionem,
865 1755 972 1840 prouti
991 1773 1013 1818 a
1028 1753 1105 1820 iare
1120 1753 1373 1827 discriminatur,

188 1875 252 1942 sed
274 1897 340 1942 non
363 1898 477 1962 parum
501 1877 653 1944 confundi
677 1897 808 1942 causam
823 1877 1031 1962 proprietatis
1054 1882 1087 1943 et
1108 1876 1318 1962 possessionis
1342 1881 1375 1942 et

190 2002 281 2067 hanc
304 2000 428 2068 efficaci
450 2002 553 2067 tutela
574 2001 757 2068 destitutam
781 2000 891 2066 fuisse.

283 2123 396 2191 Codex
418 2124 562 2190 Gallicus
584 2123 730 2211 perfecte
755 2124 917 2209 expressit
939 2123 1026 2193 hauc
1055 2125 1298 2209 perversionem
1322 2124 1375 2188 in-

285 2391 325 2458 (l)
346 2389 404 2444 Hoc
422 2390 498 2444 clare
516 2389 640 2460 explieat
659 2389 698 2444 De
717 2388 793 2442 Luca
814 2390 856 2442 De
876 2391 941 2454 iad,
960 2387 1032 2442 Disc.
1052 2388 1102 2454 44,
1121 2407 1148 2440 a.
1170 2388 1284 2459 seseq.

283 2499 323 2566 (2)
341 2496 383 2551 Cf.
403 2497 582 2568 Van-Espea.
604 2499 622 2550 l.
643 2515 666 2552 c.
684 2516 711 2551 a.
731 2497 784 2551 27.

282 2604 324 2675 (3)
343 2605 373 2660 ln
392 2606 449 2661 cod.
470 2607 568 2662 Italico
587 2609 638 2662 civ.
657 2608 688 2662 in
707 2609 739 2662 1..
759 2605 797 2674 tt,
821 2609 861 2659 tit.
883 2609 904 2658 5
929 2605 1015 2660 latius
1039 2605 1189 2675 exponitur
1213 2605 1373 2660 institutum

190 2711 407 2780 possessorium
425 2716 455 2765 et
466 2712 572 2766 mentio
585 2713 617 2764 fit
629 2711 748 2764 actionis
760 2709 946 2778 possessoriae
958 2710 1171 2779 recuperandae
1180 2711 1379 2790 possessionis,

187 2832 264 2888 quae
289 2816 423 2886 exprimit
447 2815 567 2870 indolem
583 2817 750 2886 possessorii
769 2815 996 2869 summariissimi
1020 2841 1034 2856 -
1058 2819 1110 2868 art.
1129 2815 1190 2868 696.
1217 2813 1270 2869 Sed
1300 2817 1377 2870 actio

188 2923 407 2977 manmentioais
427 2940 480 2976 uon
499 2923 619 2992 amplius
638 2923 740 2977 retinet
759 2921 949 2976 characterem
975 2922 1089 2977 remedii
1115 2921 1242 2976 absolute
1266 2938 1377 2992 posses·

187 3026 345 3097 sorii,quia
363 3027 500 3096 possessio
517 3029 731 3092 manutenenda,
750 3025 834 3080 debet
860 3043 920 3080 esse
946 3027 1081 3080 instructa
1106 3027 1140 3080 iis
1165 3025 1374 3082 conditionibus

187 3151 263 3204 quae
282 3134 389 3201 iubent,
400 3137 547 3204 praesumi
565 3135 773 3205 proprietatem.
793 3134 864 3188 Nam
884 3135 912 3187 in
932 3133 1041 3204 legibus
1060 3134 1131 3202 ttat,
1145 3136 1185 3189 uti
1205 3135 1375 3202 irritatricis,

190 3244 329 3313 possessio
349 3245 474 3314 lepitima
492 3261 540 3299 seu
558 3246 681 3315 publica,
691 3245 819 3314 pacifica,
834 3245 965 3298 continua
990 3259 1043 3297 nou
1063 3247 1231 3315 interrupta,
1252 3260 1307 3299 non
1325 3263 1376 3300 ae·

186 3351 308 3418 quiesce
326 3348 402 3418 parit
419 3349 673 3418 praesumptionem
694 3348 880 3418 proprietatis.
898 3348 950 3402 Sed
968 3347 1038 3403 haec
1057 3349 1315 3419 praesumptionen
1329 3355 1375 3406 est

189 3453 343 3522 repetenda
361 3471 378 3506 a
396 3455 471 3507 facto
489 3453 611 3507 naturali
631 3452 813 3522 possessionis
839 3452 886 3506 sed
906 3469 922 3506 a
940 3452 1120 3522 dispositione
1147 3455 1226 3520 iuris,
1246 3453 1311 3508 hinc
1330 3458 1375 3508 est

185 3561 382 3632 praesumptio
401 3561 481 3615 ium's.
501 3559 596 3614 -Ad
616 3560 754 3614 actionem
774 3561 1011 3628 redintepramtae
1037 3561 1236 3615 instituendam
1263 3576 1376 3630 praere·

185 3668 312 3739 quiritur
332 3667 458 3722 violenta
482 3668 602 3722 deiectio
621 3685 638 3720 a
657 3669 829 3737 possessione
856 3669 895 3722 rei
915 3667 958 3722 vel
979 3685 995 3720 a
1014 3669 1092 3738 quasi
1113 3667 1285 3736 possessione
1304 3666 1375 3720 iuris

186 3774 250 3828 sive
267 3773 339 3827 haec
358 3774 431 3827 iusta
446 3774 533 3829 fuerit
550 3775 595 3828 vel
615 3775 734 3838 iniusta3
748 3775 781 3827 cf.
797 3775 943 3828 lfattirolo
963 3774 980 3828 l.
997 3791 1018 3827 c.
1033 3777 1135 3828 Asiani
1144 3775 1325 3843 possesserie.
1340 3801 1375 3816 -

190 3871 374 3940 D’Annibale,
393 3874 425 3939 ll,
443 3894 470 3927 a.
492 3876 545 3928 118
563 3877 677 3946 exponit
701 3875 775 3930 hunc
800 3880 964 3946 conceptum
986 3875 1175 3945 possessionis,
1195 3889 1250 3929 non
1276 3889 1377 3929 conce·

188 3986 268 4049 ptum
281 3998 436 4049 romanum,
451 3985 518 4054 quia
529 3985 589 4054 ipse
602 3985 714 4039 disserit
726 3985 760 4039 do
773 3985 833 4039 iure
853 3985 1005 4039 constituto
1018 4001 1073 4054 quo
1088 4001 1161 4038 nunc
1175 3985 1288 4038 utimur.
1303 3983 1375 4038 Hinc

186 4083 224 4138 cl
237 4088 345 4139 Auctor
361 4085 461 4140 definit
478 4087 692 4155 possessionem:
706 4105 722 4140 ‹
736 4088 789 4142 Rei
801 4087 908 4141 inrisae
926 4087 1045 4141 detentio
1060 4088 1107 4141 vet
1126 4103 1201 4153 usas,
1214 4091 1309 4141 aniano
1322 4089 1377 4141 do-

188 4192 258 4245 mini
267 4209 293 4245 a.
307 4192 362 4247 Sed
372 4191 424 4247 hoc
437 4193 627 4264 requisitum«
637 4196 748 4248 animas
760 4195 868 4248 domiai
878 4194 1036 4263 »exprimit
1049 4194 1250 4265 possessionem
1262 4199 1373 4250 tantum

184 4299 226 4351 ad
233 4299 497 4368 praescriptionem.
512 4299 620 4355 Revera
633 4299 668 4354 cl.
682 4302 789 4354 Auctor
800 4300 906 4355 fatetur
921 4317 951 4354 se
964 4300 1079 4355 definire
1092 4305 1202 4355 tantum
1221 4300 1374 4371 possessio·

187 4420 252 4460 nem
264 4405 379 4459 civilem
388 4405 436 4460 sed
446 4422 501 4461 uon
510 4409 590 4474 bene,
599 4408 666 4478 quia
678 4407 746 4462 haec
759 4406 846 4461 latius
860 4412 936 4478 patet
947 4407 1036 4478 quoad
1052 4407 1102 4462 hos
1114 4409 1174 4462 cod.
1185 4425 1284 4478 nempe
1297 4407 1372 4463 Gall.

186 4508 272 4575 22283
291 4508 325 4563 lt.
344 4509 405 4564 685.
425 4513 503 4565 Aust
516 4510 565 4566 30:
585 4513 619 4565 cf.
640 4512 754 4578 Milone,
770 4513 825 4568 Dat
841 4527 968 4583 possesso
989 4513 1066 4567 delle
1087 4529 1150 4568 cose
1174 4531 1188 4568 e
1207 4515 1256 4569 dei
1274 4515 1374 4568 diritti.
