3350 5117
310 309 378 376 270
835 321 920 369 rans
945 319 967 366 r.

310 449 431 515 debere
454 468 492 513 eo
516 449 591 532 quia
613 467 652 512 eo
674 466 760 511 anno
783 445 921 531 amplius
949 463 1014 508 non
1045 439 1323 530 prosequebantur
1345 435 1488 503 decimas

310 573 479 658 colligere.
541 577 548 588 '
813 643 817 650 ¹

400 696 491 771 Quae
514 695 594 759 iuris
609 693 822 779 praescriptio
846 697 895 756 est
918 689 1110 754 adamussim
1127 687 1301 752 conformis
1322 683 1490 770 principiis

312 819 446 884 instituti
471 817 659 902 possessorii
682 817 825 889 romani;
850 813 1016 897 siquidem,
1041 815 1085 877 uti
1110 813 1269 898 praecipit
1296 807 1494 876 Iustinianus

312 943 407 1026 (inst.
431 943 481 1007 De
496 941 618 1006 interd.
642 940 715 1024 56)
739 939 945 1004 interdictum
975 939 1070 1004 Unde
1093 937 1127 1004 oi
1150 937 1287 1001 dabatur
1310 936 1341 998 vi
1365 932 1493 997 deiecto

312 1068 468 1134 adversus
491 1086 611 1138 omnes,
636 1066 732 1130 etiam
756 1063 979 1130 adversarium
1002 1083 1137 1142 suum,a
1160 1081 1222 1145 quo
1248 1061 1365 1125 iniuste
1388 1057 1492 1143 possi·

313 1193 415 1258 deret.
441 1191 489 1255 Ea
512 1195 627 1254 contra
641 1189 817 1254 remedium
833 1189 1032 1254 retinendae
1054 1183 1241 1251 conceditur
1257 1181 1399 1249 ciuiliter
1421 1200 1493 1266 pos·

313 1315 498 1388 sidentibus,
523 1315 576 1398 qui
600 1314 742 1381 ciuiliter
764 1334 799 1379 se
822 1311 987 1398 possidere
1012 1310 1211 1376 ostenderint
1227 1327 1288 1373 nec
1304 1307 1425 1372 iniuste
1449 1301 1490 1368 ab

314 1440 503 1506 adversario
526 1459 594 1505 suo.

403 1562 529 1627 Verum
540 1560 771 1631 adnotavimus,
786 1559 943 1643 quomodo
955 1561 989 1624 in
1002 1579 1039 1624 re
1051 1555 1230 1624 beneficiali
1248 1559 1279 1620 et
1294 1555 1328 1618 in
1344 1550 1492 1617 omnibus

314 1685 420 1751 causis
443 1682 661 1770 spiritualibus
685 1685 819 1766 quisque
842 1681 982 1748 fidelium
1015 1683 1148 1767 exigere
1180 1679 1344 1765 possitne
1367 1675 1494 1740 iniuste

315 1808 496 1876 huiusmodi
519 1811 592 1874 iura
613 1809 848 1895 possideantur,
868 1829 951 1892 quae
975 1827 1039 1873 non
1070 1807 1270 1892 privatorum
1295 1801 1358 1903 sed
1388 1803 1494 1885 reipu-

314 1931 419 1997 blicae
442 1933 612 1998 intersunt.
637 1932 800 2007 Quocirca
829 1931 869 1996 ad
902 1929 1157 1996 conservandam
1189 1928 1421 2012 possessionem
1447 1923 1494 1987 rei

316 2055 501 2143 spiritualis,
522 2058 549 2120 si
572 2054 681 2139 aliqua
704 2060 819 2120 contra
842 2053 944 2120 obstet
973 2056 1190 2140 praesumptio
1214 2053 1266 2117 vel
1291 2049 1493 2116 rationabilis

315 2179 471 2263 impetitio
494 2177 630 2241 alicuius
653 2175 765 2250 fidelis,
789 2177 1006 2242 demonstrari
1029 2175 1162 2242 deberet
1184 2177 1297 2241 saltem
1325 2175 1493 2262 nepetino,

315 2303 353 2368 in
363 2301 583 2385 possessorio,
599 2302 831 2387 possessionem
849 2301 999 2365 iniustam
1016 2319 1079 2364 non
1095 2318 1176 2364 esse.
1195 2300 1274 2366 Cum
1291 2317 1370 2363 vero
1386 2299 1497 2383 agitur

317 2427 356 2492 de
369 2425 568 2493 restituendo
580 2425 739 2490 violenter
750 2425 894 2510 spoliato,
910 2427 1069 2491 restitutio
1080 2423 1226 2490 iacienda
1235 2429 1292 2504 est,
1302 2423 1361 2488 etsi
1378 2427 1498 2487 contra

205 2635 211 2642 ἡ
317 2550 432 2615 militet
447 2549 555 2631 aliqua
569 2547 625 2613 sed
640 2549 722 2614 levis
737 2551 955 2634 praesumptio
971 2569 1035 2614 non
1052 2551 1154 2615 iustae
1168 2547 1391 2634 possessionis;
1409 2545 1499 2610 dum·

317 2673 411 2738 modo
434 2674 651 2758 praesumptio
674 2691 740 2738 nou
762 2674 805 2737 sit
827 2673 1004 2738 vehemens
1029 2673 1079 2737 rel
1111 2672 1255 2738 deiectus
1286 2668 1500 2757 possessionis

317 2817 383 2862 non
406 2797 448 2861 sit
471 2797 625 2872 notorius;
648 2802 726 2862 tunc
749 2798 835 2862 enim
860 2817 970 2863 rerum
994 2798 1208 2883 spiritualium
1232 2797 1392 2863 restitutio
1423 2791 1495 2858 lieri

318 2939 385 2985 non
406 2918 547 2993 deberet,
571 2920 764 3005 praesertim
787 2902 1018 2988 beneficiorum
1042 2939 1084 2985 ex
1106 2921 1229 3006 reputa
1244 2921 1272 2995 1,
1297 2919 1390 2984 lnrts
1412 2917 1451 2983 in
1474 2915 1501 2982 6

317 3152 427 3203 nersdee
444 3165 528 3220 quam
547 3151 775 3219 recuperandae‚·
793 3149 845 3204 hoe
858 3151 977 3206 maxime
992 3167 1057 3205 vero
1076 3152 1105 3204 in
1123 3168 1149 3222 q.
1164 3153 1349 3220 possessione:
1368 3152 1398 3204 ci
1418 3151 1498 3221 Rug-

319 3258 380 3328 gari
398 3274 441 3326 op.
461 3258 542 3321 cit.§
565 3256 638 3310 707.
663 3257 730 3312 lude
754 3258 910 3328 explicatur
935 3275 1021 3331 quare
1047 3259 1076 3312 in
1100 3260 1174 3312 dicto
1199 3261 1292 3328 capite
1317 3261 1405 3314 Bonis.
1432 3260 1496 3315 Vlll

319 3361 463 3418 admiserit
481 3363 660 3416 interdictum
680 3367 851 3429 retinemus,
871 3379 923 3417 non
945 3380 1010 3418 vero
1028 3367 1249 3433 recuperandae.
1263 3391 1297 3405 -
1312 3363 1426 3418 Domum
1447 3364 1499 3418 ad-

319 3473 468 3533 vertemus,
487 3483 617 3536 praesens
635 3473 720 3536 caput
740 3467 828 3520 Bouif.
849 3467 910 3520 Vlll
931 3484 1074 3537 perperam
1094 3468 1269 3524 intellectum
1296 3467 1400 3522 aditum
1427 3485 1496 3538 ape·

320 3576 408 3629 ruisse
427 3574 461 3628 ad
480 3575 696 3628 subvertendum
714 3573 875 3628 institutum
901 3576 1106 3645 possessorium,
1123 3577 1214 3646 prouti
1239 3576 1320 3631 hodie
1345 3579 1500 3646 reperimus

319 3683 392 3754 apud
410 3683 518 3738 codices
536 3684 641 3748 civiles,
660 3681 728 3735 adeo
748 3687 789 3748 ut,
803 3688 921 3752 exceptu
935 3701 1000 3737 casu
1015 3684 1153 3739 violentae
1166 3685 1349 3754 spoliationis,
1364 3687 1498 3742 iudicium

321 3792 518 3862 possessorium
537 3791 623 3846 talem
640 3792 731 3860 exigit
749 3792 941 3862 probationem
967 3793 1056 3846 iustae
1078 3795 1270 3862 possessionis,
1282 3797 1313 3847 ut
1335 3810 1433 3863 parum
1453 3795 1498 3849 di·

320 3907 377 3958 stet
395 3920 413 3956 a
431 3903 570 3971 petitorio.
588 3901 629 3955 Cf.
649 3901 795 3956 Mattirolo
822 3919 864 3972 op.
892 3905 935 3956 eit.
963 3902 990 3954 V.
1011 3903 1032 3956 I.
1054 3903 1155 3956 Azioni
1175 3920 1250 3974 poss.
1270 3909 1288 3969 5
1306 3905 1373 3957 252
1399 3911 1429 3960 et
1447 3905 1503 3960 Sa·

319 4010 408 4081 rigny
428 4011 447 4062 t.
467 4029 489 4063 c.
508 4013 526 4075 5
545 4011 596 4075 50,
615 4011 662 4081 qui
683 4015 761 4064 notat
780 4009 948 4064 decisionem
969 4010 1058 4064 Bonis.
1078 4009 1140 4063 Vlll
1160 4009 1304 4082 difficilem
1322 4029 1391 4068 esse.
1411 4013 1505 4068 Cauo-

321 4115 411 4169 nistaa
430 4113 583 4170 theoretice
608 4115 678 4169 haec
701 4115 850 4170 interdieta
868 4119 1045 4186 exponentes,
1064 4131 1160 4172 omnes
1186 4116 1338 4171 admittunt
1359 4118 1503 4188 exceptio-

321 4233 384 4273 nem
397 4235 415 4272 a
427 4220 506 4273 uobis
524 4219 605 4274 modo
623 4221 814 4289 reprobataru3
828 4221 875 4274 alii
890 4220 1016 4276 doctores
1035 4222 1161 4292 practici,
1171 4237 1220 4292 pro
1235 4241 1286 4278 usu
1300 4223 1406 4278 sorensi
1421 4221 1501 4289 eccl,

321 4339 379 4378 rem
398 4329 569 4392 exponentes
593 4324 722 4379 videntur
746 4326 836 4395 magis
856 4324 929 4380 huuc
948 4325 1092 4397 scopulum
1115 4329 1236 4384 evitare:
1256 4329 1291 4383 ei.
1310 4327 1503 4398 Menochium,

323 4427 367 4484 De
384 4445 479 4501 recup-
495 4447 571 4501 poss.
590 4436 696 4487 remed.
716 4433 738 4501 Ι,
758 4451 785 4486 n.
803 4433 869 4486 349
887 4437 916 4490 st
936 4433 974 4491 De
995 4435 1070 4490 Luca
1091 4415 1131 4490 lle
1150 4437 1207 4492 iud.
1226 4439 1295 4492 disc.
1313 4438 1356 4490 20
1375 4447 1402 4493 et
1422 4435 1474 4492 44.
