3350 5117
519 324 563 370 os
594 323 733 372 runicus
763 322 1029 371 accassmsrrcrs
1284 305 1358 385 ,361

277 445 307 528 I)
331 446 365 512 Si
389 446 529 512 clericus
551 448 585 512 in
608 445 756 510 fraudem
779 445 923 511 habitum
947 445 1132 512 clericalem
1158 463 1363 512 reassumere

186 573 271 646 velit,
296 573 422 639 scilicet
445 573 486 639 ad
509 571 727 660 effugiendum
749 572 858 638 forum
883 571 1032 638 seculare
1054 570 1110 659 (1).

274 699 308 786 2)
332 699 365 766 si
390 701 576 784 Episcopus,
591 698 631 763 ob
654 697 818 764 dimissum
842 697 987 763 habitum
1011 701 1044 764 et
1065 703 1241 770 masuram,
1267 697 1362 762 cleri-

184 841 257 886 cum
281 820 501 886 declaraverit
523 819 648 886 iuribus
672 817 877 885 clericalibus
900 819 1108 904 expoliatum.
1124 852 1169 865 -
1185 819 1262 883 Iure
1277 817 1363 882 enim

184 963 255 1008 can.
280 961 323 1008 ue
346 944 457 1009 clerici
481 943 648 1009 colludant
669 943 803 1009 obtentu
834 943 997 1029 privilegii
1018 942 1083 1008 fori
1106 939 1302 1008 dimittentes
1331 947 1364 1008 et

185 1075 424 1138 reassumentes
440 1069 583 1135 habitum
608 1073 640 1133 et
655 1074 832 1150 tonsuram,
850 1069 1056 1134 constitutum
1071 1067 1134 1132 fuit
1148 1072 1184 1132 ut
1203 1068 1363 1153 Episcopi,

184 1193 270 1257 trina
286 1190 334 1280 (2)
350 1193 527 1278 praemissa
542 1193 726 1274 monitione,
744 1191 887 1260 clericos
903 1192 1097 1278 compellant
1112 1192 1152 1256 ad
1168 1191 1365 1257 satisfacien-

185 1317 260 1384 dum
284 1318 518 1384 conditionibus
542 1317 787 1394 conciliaribus;
812 1337 876 1401 qua
893 1319 1051 1385 inutiliter
1072 1317 1263 1404 praehabita
1278 1319 1365 1382 trina

185 1443 371 1515 monitione,
395 1442 565 1506 declarare
589 1443 700 1507 valent
723 1443 879 1507 clericum
905 1441 1065 1507 excidisse
1087 1463 1108 1506 a
1130 1441 1252 1507 iuribus
1267 1443 1364 1506 cleri·

185 1565 319 1639 calibus,
333 1585 415 1650 quae
431 1565 580 1636 clericus.
597 1569 702 1632 marte
717 1585 786 1638 suo,
810 1566 948 1650 amplius
970 1567 1141 1649 acquirere
1161 1584 1225 1629 non
1249 1541 1378 1649 potest.¹

186 1690 224 1754 In
246 1690 308 1756 hos
331 1709 424 1755 casus
440 1709 531 1754 more
547 1709 605 1756 suo
621 1691 750 1775 copiose
775 1697 807 1756 et
831 1690 974 1756 dilucide
990 1690 1118 1756 disserit
1134 1689 1253 1754 Bened.
1269 1687 1363 1762 XIV,

186 1811 235 1878 De
259 1813 343 1899 Syn.
360 1814 476 1894 dioec,
501 1815 522 1879 t.
538 1813 592 1890 12,
610 1833 637 1880 c.
661 1813 688 1880 2
710 1819 742 1880 et
764 1813 798 1880 3.

275 1937 366 2002 Idem
391 1939 510 2003 Doctor
532 1939 565 2002 in
588 1958 616 2004 o.
636 1937 672 2012 2,
696 1939 717 2004 l.
734 1958 762 2004 o.
787 1938 916 2021 quaerit
948 1956 991 2001 an
1021 1937 1062 2001 ob
1085 1937 1236 2002 amissum
1265 1935 1366 2021 privi-

185 2061 306 2148 legium
328 2063 391 2128 fori
416 2066 605 2130 amittantur
628 2065 723 2130 etiam
754 2064 819 2130 alia
842 2064 1015 2150 privilegia
1037 2069 1070 2129 et
1094 2065 1168 2129 iura
1183 2065 1363 2141 clericalia;

184 2194 217 2254 et
244 2189 278 2254 in
316 2192 499 2276 negativam
538 2191 729 2256 sententiam
768 2209 847 2256 cum
881 2189 1055 2258 communi
1088 2191 1153 2255 DD.
1190 2189 1364 2270 descendit.

275 2415 315 2487 (l)
333 2415 415 2470 Circa
432 2415 543 2470 modum
562 2433 617 2488 quo
636 2417 745 2486 probari
765 2415 867 2471 debeat
882 2419 967 2486 fraus
984 2416 1014 2470 in
1032 2415 1131 2470 habitu
1149 2421 1179 2471 et
1196 2419 1309 2471 tonsura
1320 2433 1365 2470 re·

183 2521 365 2587 assumendis,
384 2521 453 2577 haec
472 2521 556 2577 habet
574 2523 674 2578 Beued.
694 2522 769 2590 xlv,
790 2524 837 2578 tib.
862 2521 932 2589 XII,
951 2541 974 2578 e.
992 2523 1022 2587 3,
1040 2523 1112 2577 n.1.·
1134 2540 1150 2576 ‹
1169 2523 1247 2576 Tunc
1267 2528 1363 2578 autem

185 2626 374 2694 praesumitur
392 2625 510 2681 clericus
524 2626 659 2692 habitum,
669 2643 751 2698 quem
764 2627 940 2697 deposuerat,
958 2626 988 2680 in
1001 2627 1126 2681 fraudem
1139 2643 1288 2692 resumere,
1303 2645 1365 2681 cum

182 2730 266 2784 illum
284 2731 383 2796 induit,
394 2737 569 2803 postquama
587 2737 725 2802 potestate
744 2733 863 2787 seculari
885 2733 1100 2803 comprehensus
1119 2739 1203 2805 atque
1221 2734 1250 2788 in
1270 2750 1365 2789 carce·

184 2853 246 2891 rem
265 2837 414 2904 coniectus,
424 2854 459 2893 ex
478 2855 511 2894 eo
530 2856 559 2894 se
578 2841 741 2908 perfugam
760 2839 916 2904 subtraxit;
937 2842 987 2893 aut
999 2842 1144 2909 postquam
1163 2855 1179 2894 e
1197 2839 1366 2906 carceribus,

185 2943 321 3012 praestita
334 2946 462 3000 cautione
476 2945 589 3014 parendi
601 2944 699 3000 iudicis
712 2946 878 3010 sententiae,
890 2944 1018 3000 dimissus
1032 2944 1094 3010 tuit,
1107 2945 1199 3015 inquit
1217 2945 1367 3014 Fagnanus

186 3049 216 3102 in
242 3069 301 3122 cop.
321 3053 452 3122 Moenus,
475 3069 501 3104 aa
526 3051 576 3116 73,
595 3053 637 3106 De
656 3053 740 3122 obliy.
759 3053 796 3106 ud
821 3053 928 3116 ratior,
948 3052 977 3105 in
996 3068 1052 3122 quo
1069 3055 1164 3106 nmen
1189 3056 1291 3106 eventu
1310 3067 1366 3105 non

184 3158 321 3213 secularis
339 3159 387 3214 sod
405 3158 503 3214 eccles
523 3159 621 3216 iudicis
640 3178 701 3217 esse
720 3161 858 3230 inspicere
877 3177 910 3214 ac
928 3159 1077 3215 decernere
1097 3164 1179 3216 etc.»
1195 3159 1232 3214 ut
1248 3159 1277 3212 in
1291 3177 1365 3216 num.

187 3263 275 3336 inseq.
294 3263 388 3320 docet:
408 3283 424 3318 ι
446 3265 612 3336 Disputatur
629 3266 765 3322 duntaxat
777 3283 844 3319 num
862 3265 1005 3321 defraudo
1023 3269 1151 3320 coostme
1169 3267 1268 3321 debeat
1280 3268 1367 3321 etiam

187 3375 219 3424 ut
238 3370 320 3426 iudex
339 3371 427 3427 laicus
448 3373 535 3442 possit
552 3376 650 3427 eontra
673 3374 791 3442 praelati
810 3371 905 3426 clerici
924 3373 998 3426 bona
1023 3371 1137 3427 realiter
1155 3371 1367 3442 procedere‚vel
1468 3380 1471 3384 “

187 3474 276 3529 solum
296 3477 368 3531 utin
388 3477 511 3534 eiusdem
526 3489 670 3548 personam
690 3477 913 3532 animadvertere
926 3483 1019 3548 queat
1038 3477 1100 3533 Non
1119 3479 1194 3533 enim
1212 3479 1302 3550 quoad
1314 3479 1367 3534 hoc

187 3595 297 3650 semper
316 3581 344 3635 in
363 3581 459 3636 eadem
472 3582 613 3637 sententia
631 3581 785 3651 perstitisse
805 3582 867 3635 visa
879 3586 923 3635 est
935 3581 962 3634 S.
980 3581 1217 3652 congregatio...
1235 3583 1367 3644 Quamvis

186 3687 210 3740 si
230 3693 328 3742 contra
346 3687 479 3743 clericum
499 3694 600 3757 agatur
618 3693 727 3743 tantum
748 3688 871 3743 civiliter
883 3705 933 3742 seu
952 3688 988 3742 ad
1000 3689 1087 3742 solam
1107 3705 1224 3759 poenam
1238 3691 1369 3760 pecunia·

189 3793 258 3846 riam
277 3791 361 3864 longe
379 3796 490 3851 facilior
508 3797 674 3852 admittatur
692 3796 797 3850 fraudis
810 3797 953 3866 probati0;
972 3798 996 3852 si
1015 3797 1089 3851 enim
1102 3797 1161 3867 ipse
1180 3795 1306 3851 habitum
1326 3814 1368 3853 re·

187 3901 288 3964 sumat,
299 3903 446 3970 postquam
458 3901 561 3955 citatus
579 3903 634 3956 suit
652 3902 686 3955 ad
700 3901 823 3956 tribunal
843 3901 978 3970 seculare,
992 3906 1121 3957 censetur
1134 3902 1214 3957 illum
1227 3919 1367 3958 resumere

188 4003 362 4060 intrandam
381 4011 410 4061 et
434 4012 581 4079 propterea
606 4025 662 4064 nou
680 4013 773 4080 potest
791 4009 821 4064 in
840 4026 875 4066 eo
896 4011 998 4065 iudicio
1022 4011 1097 4065 civili
1117 4014 1208 4067 lorum
1226 4013 1367 4068 declinare

189 4111 290 4167 laicale
309 4113 381 4185 quod
400 4114 481 4170 docet
506 4115 564 4169 Oril
584 4121 636 4171 etc.
656 4117 820 4189 censuitque
846 4116 872 4170 S.
893 4115 922 4172 C.
936 4116 1055 4172 Consilii
1074 4118 1103 4171 in
1123 4119 1262 4172 Sabiniano
1280 4119 1368 4188 putot·
1469 4179 1472 4182 ⁴

188 4220 259 4302 lepis*
277 4223 337 4291 fori
353 4223 396 4274 30
413 4225 511 4278 nme-tit
529 4223 612 4277 1686
629 4241 654 4277 s.
675 4222 715 4278 (ll.
735 4223 769 4278 cl.
790 4223 878 4289 Santi,
898 4225 940 4279 De
961 4229 1025 4297 soro
1043 4236 1168 4297 compet,
1188 4244 1215 4280 aa
1233 4227 1283 4279 42.

277 4327 317 4394 (2)
337 4325 433 4398 Neque
451 4327 553 4382 sufficit
580 4345 636 4382 una
660 4329 848 4399 peremptoria
872 4345 922 4383 seu
948 4330 1037 4384 tribus
1061 4329 1261 4401 aequipollens,
1286 4331 1367 4386 docet

187 4433 289 4489 Beued.
309 4433 384 4501 XIV,
404 4435 422 4489 t.
442 4454 475 4503 c,
494 4453 553 4508 cap.
572 4438 600 4491 2.
