3350 5117
306 325 328 387 4

421 467 528 555 Quae
564 495 651 546 cum
689 468 743 547 ita
779 469 876 563 sint,
912 494 961 546 ne
997 469 1067 545 sub
1104 468 1229 571 ipsum
1267 466 1492 560 exordium,

307 607 601 710 quum,Iudioii
638 610 742 712 leges
780 635 841 687 mo
877 610 1064 712 profitear
1100 607 1354 701 traditurum,
1394 609 1488 686 illud

306 751 402 831 iuris
420 752 661 855 pessumdem
682 752 915 856 principium
943 752 1045 855 quod
1074 752 1240 829 iustitiae
1269 758 1385 856 eaput
1412 757 1487 842 est,

307 893 524 993 unicuique
552 895 614 969 ios
643 918 761 971 soum
793 894 1060 988 tribuendum,
1090 895 1212 972 Vobis
1248 894 1322 972 hoo
1361 893 1492 996 quale·
1527 867 1532 880 ’

308 1058 472 1137 eumque
502 1062 598 1138 opus
627 1037 847 1116 adiudicare
876 1038 995 1115 debeo
1025 1045 1064 1114 et
1091 1037 1290 1115 addicere:
1318 1035 1356 1113 id
1386 1036 1487 1139 quod

309 1179 410 1255 saoio
440 1179 701 1259 libentissime.
732 1182 814 1259 Vos
849 1208 944 1285 ergo
977 1183 1079 1259 huno
1113 1180 1347 1259 Iudiciorum
1378 1205 1490 1257 oom-

310 1319 546 1397 menterium
566 1319 735 1398 dicatum
763 1321 886 1399 Vobis
914 1326 953 1397 et
979 1319 1289 1398 commendatum
1312 1319 1490 1399 habeatis

310 1461 378 1564 qui
407 1486 508 1539 nuno
528 1462 695 1565 primum
715 1460 1011 1563 Rempublicam
1034 1460 1135 1538 Iuris
1155 1460 1382 1564 ingreditur.
1403 1463 1488 1543 Oro

310 1606 396 1683 Vos
428 1610 542 1707 atque
576 1607 758 1699 obtestor,
788 1613 830 1683 ut
865 1606 905 1683 in
937 1604 1264 1708 Iurisprudentiae
1297 1604 1490 1683 Ecclesia-

293 1748 430 1827 ·stioae
464 1749 630 1827 studium
668 1750 817 1829 enixius
852 1749 1101 1841 incumbatis,
1131 1752 1170 1826 et
1197 1749 1296 1825 hano
1329 1774 1489 1851 magno·

311 1915 405 1993 pere
443 1891 681 1994 provehatis.
714 1894 799 1969 Hoo
836 1897 964 1995 paeto,
993 1916 1066 1994 ego
1099 1889 1251 1968 confido
1288 1888 1389 1992 apud
1430 1916 1490 1967 sa-

312 2030 461 2133 pientes
481 2032 587 2109 viros
606 2034 760 2111 veniam
789 2032 883 2111 mihi
910 2033 994 2109 fore
1022 2032 1086 2135 qui
1106 2031 1234 2135 operis
1262 2030 1488 2108 tenuitatem

309 2172 397 2249 ssnis
424 2173 663 2275 praestantia
689 2179 883 2251 excusent.

392 2314 507 2390 Faxit
533 2314 635 2391 Deus
664 2319 707 2391 ut
734 2314 865 2391 omnia
900 2338 949 2390 ex
984 2313 1085 2391 votis
1114 2311 1330 2415 optatisque
1359 2336 1489 2387 suoue-

312 2456 416 2551 dant,
445 2458 494 2535 ad
522 2459 696 2561 Suipsius
724 2458 902 2561 gloriam,
931 2457 979 2534 ad
1009 2456 1190 2534 catholini
1218 2456 1385 2534 nominis
1408 2455 1486 2533 lau-

311 2597 399 2673 dem
428 2602 467 2676 et
490 2597 538 2675 ad
559 2598 726 2676 Nostrae
750 2597 1025 2675 Universitatis
1054 2597 1277 2677 Studiorum
1306 2597 1421 2674 deous
1449 2602 1492 2673 et

307 2736 601 2817 incrementum.
