3350 5117
524 347 568 394 DE
592 346 732 394 IUDIGIIS
755 345 1021 394 Eccbasms‘rlcls
1296 329 1362 394 657

184 489 250 538 uon
273 475 379 556 potest
401 469 514 536 videre
537 475 570 536 et
592 470 772 536 decernere
794 469 834 534 de
851 469 1094 556 exceptionibus
1109 476 1224 535 contra
1238 476 1363 536 senten·

134 645 136 649 .
185 597 262 660 tiam
279 592 501 678 exequendam
518 594 686 678 promotis;
705 598 812 658 tamen
830 595 1021 659 sententiam
1038 595 1092 658 vel
1108 594 1273 661 decretum
1283 613 1363 658 -ma—

185 720 306 803 miscete
328 720 479 784 iniustum
503 723 559 784 aut
574 719 717 804 iniquum
734 738 799 784 non
823 723 928 803 potest
950 719 1146 786 demandare
1169 721 1362 794 executioni,

46 913 53 926 ,
121 844 122 847 ’
186 865 228 909 ne
252 841 307 908 fiat
336 860 471 907 correus
502 842 635 908 alterius
664 843 850 927 iniquitatis.
875 843 923 909 of.
948 862 1022 926 cap.
1046 842 1105 917 28,
1130 843 1152 924 ἓ
1175 841 1209 916 3,
1233 842 1284 909 De
1307 846 1362 928 off.

187 973 220 1034 et
236 973 306 1052 pot.
330 967 402 1034 iud.
425 966 531 1054 deleo.
549 968 583 1032 X
589 987 603 1050 ;
627 973 660 1033 et
682 967 986 1054 Schmalzgrueber,
1001 967 1055 1035 De
1077 973 1159 1035 seat.
1177 974 1209 1035 et
1229 988 1269 1035 re
1291 969 1362 1035 iod.

186 1113 220 1159 n.
244 1092 321 1158 104.

275 1215 408 1282 Brachii
432 1219 609 1285 saecularis
627 1219 839 1284 ministerium
864 1217 1041 1304 praebetur
1061 1238 1133 1283 cum
1152 1221 1309 1303 potestate
1332 1222 1365 1282 et

189 1337 294 1406 officio
317 1342 404 1407 meri
427 1343 627 1410 executoris.
726 1395 729 1402 -

276 1465 310 1538 2l
333 1466 467 1533 Misetos
490 1475 646 1534 executor
669 1475 718 1534 est
733 1471 786 1554 qui
810 1470 899 1534 valet
921 1487 1119 1554 cognoscere
1143 1468 1182 1532 de
1202 1469 1364 1551 exceptio

187 1591 280 1656 uibus
311 1590 434 1658 directe
461 1597 576 1657 contra
603 1592 730 1658 modum
763 1599 796 1658 et
823 1595 888 1658 vim
916 1593 1115 1658 executionis
1138 1591 1280 1672 obiectis,
1308 1590 1365 1655 sed

187 1714 397 1796 exceptiones
427 1733 491 1778 non
514 1718 619 1798 potest
642 1713 785 1780 iudicare
807 1715 908 1800 ipsum
937 1714 1086 1780 meritum
1118 1732 1235 1779 causae
1248 1713 1366 1798 ‘respi-

188 1837 322 1910 cientes
347 1857 426 1922 quas
455 1845 563 1904 tomen
586 1839 613 1904 si
636 1838 848 1904 admittendas
879 1858 952 1904 esse
982 1837 1207 1911 arbitraretur,
1231 1837 1366 1904 deberet

188 1961 356 2024 remittere
388 1961 561 2044 cognitioni
590 1953 703 2026 iudicis
731 1963 953 2047 competentis.
978 1961 1100 2025 Mixtus
1127 1964 1284 2025 executor
1306 1963 1364 2031 est,

188 2103 240 2148 ex.
262 2104 312 2170 gr.
337 2091 493 2150 executor
517 2087 667 2171 rescripti
689 2087 824 2174 pratiae
848 2089 993 2152 concessi
1014 2086 1052 2150 in
1073 2086 1191 2169 formo
1215 2085 1365 2152 commis-

187 2208 291 2276 sorta.

279 2331 354 2398 686.
380 2333 560 2399 Praeterea
582 2332 622 2398 ad
647 2333 895 2418 competentiam
911 2333 1095 2398 executoris
1116 2331 1199 2416 quod
1216 2331 1365 2417 pertinet,

189 2457 251 2522 duo
275 2457 461 2540 quaerenda
486 2462 570 2524 sunt.
594 2458 754 2524 Primum
784 2478 826 2524 au
859 2461 1050 2524 senteutiam
1082 2459 1115 2522 in
1144 2455 1366 2542 appellationis

189 2581 292 2666 gradu
322 2581 439 2647 editam
471 2588 652 2667 exequatur
684 2583 751 2667 ipse
781 2583 889 2649 iudea
918 2580 1169 2666 appellationis,
1193 2601 1235 2645 an
1260 2581 1366 2666 potius

189 2705 286 2771 iudex
310 2725 332 2770 a
355 2725 421 2790 quo
453 2705 648 2792 appellatum
679 2707 749 2772 fuit.
773 2742 816 2756 -
842 2705 887 2772 Et
920 2706 1151 2793 respondemus
1179 2726 1252 2772 cum
1279 2726 1365 2772 com·

189 2829 285 2894 muni.
298 2828 372 2909 bl),
389 2827 525 2893 iudicem
548 2829 771 2912 appellationis
790 2848 880 2894 suam
904 2829 1020 2914 exequi
1036 2830 1237 2901 sententiam,
1254 2829 1280 2893 si
1297 2847 1367 2893 sen-

187 2953 320 3016 tentiam
344 2950 537 3036 appellatam
561 2956 755 3020 correxerit.
780 2955 880 3021 -Si
909 2955 995 3020 hanc
1022 2952 1275 3034 confirmaverit,
1300 2973 1365 3018 non

187 3077 340 3142 convenit
362 3077 448 3140 inter
472 3077 536 3140 DD.
561 3078 688 3143 cuinam
711 3078 807 3144 iudici
832 3081 982 3145 executio
1005 3083 1177 3164 competat,
1201 3076 1366 3141 nonnullis

188 3199 426 3268 autumantibus
442 3207 519 3268 tunc
532 3205 646 3287 exequi
659 3206 853 3270 sententiam
866 3205 1003 3270 iudicem
1016 3205 1112 3288 apud
1127 3223 1228 3289 quem
1243 3203 1304 3268 fuit
1315 3223 1367 3287 ap

188 3327 360 3411 pellatum;
376 3327 449 3390 aliis
465 3331 579 3392 contra
603 3329 804 3413 opinantibus
829 3331 1021 3396 sententiam
1047 3328 1272 3395 remittendam
1296 3347 1368 3392 esse

189 3451 372 3517 executioni
396 3451 508 3517 iudicis
532 3473 554 3517 a
577 3471 663 3537 quo:
687 3453 727 3518 ci.
753 3453 953 3541 Scbmalzgr.
979 3456 1001 3520 t.
1026 3476 1053 3520 c.
1077 3475 1111 3520 a.
1138 3455 1193 3520 96.
1219 3489 1262 3503 -
1287 3455 1367 3518 Leu-

189 3577 315 3640 renium
333 3576 411 3643 For.
428 3577 540 3643 eccles.
558 3577 607 3642 De
622 3583 704 3642 seat.
722 3583 752 3643 et
768 3597 807 3644 re
822 3579 893 3643 iud.
910 3598 941 3663 q.
960 3578 1042 3649 982,
1059 3599 1093 3643 a.
1110 3577 1144 3644 3.
1162 3613 1205 3627 -
1223 3579 1366 3661 Utraque

188 3701 296 3784 opinio
327 3701 428 3766 solido
459 3703 574 3768 nititur
604 3703 822 3770 fundamento.
848 3739 892 3752 -
916 3706 961 3770 At
992 3705 1095 3790 magis
1125 3705 1231 3790 placet
1260 3705 1366 3789 opinio

189 3844 272 3907 quae
294 3829 383 3891 tenet
404 3825 498 3891 iudici
515 3847 537 3891 a
553 3846 620 3912 quo
645 3828 704 3894 fuit
719 3829 916 3914 appellatum
941 3835 1125 3913 competere
1141 3829 1367 3893 executionem

188 3950 367 4014 sententiae
390 3950 604 4035 appellatione
628 3951 846 4019 confirmatae.
872 3990 916 4004 -
939 3953 972 4019 Si
996 3973 1075 4018 vero
1099 3953 1291 4017 sententiam
1315 3971 1368 4035 ap·

189 4069 339 4155 pellatam
361 4071 460 4138 iudex
482 4071 704 4158 appellationis
727 4093 769 4139 ne
791 4073 832 4138 ad
863 4094 1005 4140 examen
1034 4073 1160 4158 quidem
1191 4071 1366 4152 admiserit,

187 4193 367 4272 decernens
391 4193 547 4260 obiectam
571 4196 817 4280 appellationem
842 4198 1066 4283 excipiendam
1093 4217 1158 4263 uon
1182 4215 1263 4270 esse,
1287 4202 1366 4262 tuuc

187 4318 350 4404 explorati
372 4321 451 4386 iuris
475 4325 533 4402 est,
557 4319 652 4385 buius
675 4322 856 4387 sententiae
880 4323 1105 4387 executionem
1136 4323 1303 4406 pertinere
1325 4320 1367 4384 ad

188 4442 324 4509 iudicem
349 4463 372 4510 o
395 4463 462 4529 quo
486 4444 548 4509 fuit
570 4444 774 4530 appellatum.
801 4445 849 4511 cf.
868 4445 1064 4531 Scbmalzgr.
1088 4447 1110 4512 l.
1126 4466 1153 4513 c.
1174 4465 1209 4510 a.
1228 4445 1275 4510 96
1297 4442 1364 4530 seq.

336 4568 396 4621 Soc.
417 4567 502 4638 Lapa.
1188 4569 1226 4623 42
