3350 5117
290 288 313 355 6
781 309 984 358 rnoonnruu
1075 357 1077 364 .

387 432 607 507 Quamobrem
632 433 658 497 si
681 436 812 499 veteres
834 434 1061 520 sapientissimi
1084 434 1190 519 legum
1207 434 1414 508 (inflecteres,
1431 434 1477 501 dc

290 555 399 642 logice
415 574 575 644 canonum
592 554 794 621 ordinatione
816 576 884 621 non
906 556 1074 622 admodum
1096 555 1231 621 fuerunt
1252 556 1392 639 solliciti,
1408 556 1475 622 hoc

292 678 494 764 potissimum
523 682 755 762 consequutum
786 682 835 743 est
858 698 901 743 ex
926 682 1089 764 proposito
1115 677 1335 763 Legislatoris,
1359 696 1475 762 quam·

292 802 434 868 maxime
459 808 587 869 remoto
609 824 630 869 a
653 804 801 871 Doctoris
825 804 979 869 instituto.

384 929 529 1013 Namque
554 928 765 1015 Legislatoris
789 933 837 994 est
862 931 990 1013 (nempe
1014 926 1197 1014 Principis),
1221 946 1319 1011 quum
1341 927 1398 992 lex
1420 926 1471 992 edi

291 1055 416 1129 debeat,
434 1055 580 1122 eamdem
597 1056 687 1123 clare
704 1057 877 1142 concipere
893 1061 926 1120 et
942 1055 1145 1141 exprimere;
1162 1076 1259 1139 quum
1274 1074 1355 1119 vero
1370 1055 1476 1141 leges,

292 1182 325 1245 in
349 1181 465 1266 vulgus
489 1179 605 1262 editae,
631 1180 665 1244 in
694 1199 847 1266 magnum
870 1179 1080 1245 excreverint
1105 1198 1275 1244 numerum
1303 1184 1399 1264 atque
1422 1178 1470 1243 di-

292 1325 425 1391 spersae
457 1312 618 1392 vagentur
647 1312 679 1372 et
709 1307 872 1386 incertae,
903 1324 1008 1389 neque
1038 1304 1135 1370 facile
1165 1308 1339 1390 appareat,
1371 1322 1472 1387 quae-

293 1448 369 1496 nam
396 1428 504 1496 adhuc
537 1430 680 1497 moribus
710 1432 951 1505 contineantur,
982 1447 1141 1512 quaenam
1168 1428 1202 1491 in
1229 1425 1472 1493 desuetudinem

293 1552 451 1629 abierint;
476 1552 554 1617 Eius
578 1558 627 1617 est
649 1551 792 1618 codicem
823 1550 974 1638 redigere
1002 1571 1064 1636 quo
1092 1555 1203 1615 certae
1232 1554 1357 1617 tantum
1384 1569 1473 1614 com·

294 1674 543 1761 prehendantur
566 1675 665 1761 leges,
682 1678 800 1741 ceteris
816 1674 962 1740 omnibus
977 1694 1043 1739 non
1065 1673 1109 1738 ibi
1132 1671 1263 1738 insertis
1285 1673 1472 1739 authentico

189 1856 198 1872 .
296 1799 484 1887 repudiatis.
509 1801 544 1864 ln
570 1800 738 1884 hocopus,
756 1801 840 1866 inter
855 1801 945 1873 alios,
963 1800 1160 1865 lastinianus
1176 1798 1369 1883 Imperator,
1388 1797 1471 1863 Gre-

295 1924 407 2011 gorius
424 1926 474 1990 ΙΧ
498 1922 722 1997 incubuerunt,
744 1942 879 2007 quorum
901 1926 988 1991 alter
1010 1926 1044 1989 in
1068 1925 1175 1990 Const.
1198 1922 1277 1988 Reae
1294 1921 1473 2009 pacificam,

297 2067 387 2113 suam
418 2047 576 2133 evulgans
606 2046 823 2111 Decretalium
855 2047 1101 2119 collectionem,
1125 2047 1212 2111 hanc
1241 2045 1347 2113 reddit
1376 2046 1476 2113 ratio—

294 2190 388 2235 nem:
415 2170 545 2236 «Sane
568 2170 722 2236 diversas
748 2170 1005 2237 Constitutiones
1031 2176 1063 2235 et
1087 2170 1279 2237 Decretates
1301 2168 1475 2252 Epistulas

295 2294 605 2362 Praedonesrorum
633 2292 837 2362 Nostrorum
868 2295 1066 2360 indiverso
1097 2294 1270 2378 dispersas
1296 2296 1473 2363 uolumina

296 2436 448 2502 quarum
473 2418 611 2502 aliquae
629 2422 775 2501 propter
800 2416 945 2481 ruteniam
967 2415 1223 2481 similitudinem
1250 2422 1281 2482 et
1299 2418 1470 2502 quaedam

294 2548 441 2626 propter
457 2544 739 2631 contrarietatem,
753 2540 941 2609 nonnullae
955 2542 1056 2608 etiam
1067 2546 1213 2625 propter
1223 2542 1470 2625 prodeuntem,

299 2664 534 2748 consensionem
556 2666 719 2733 inducere
748 2662 960 2738 uidebantur,
992 2664 1130 2749 aliquae
1151 2683 1232 2731 aero
1254 2663 1476 2751 vagabantur

295 2796 398 2857 entra
427 2790 603 2857 columina
628 2790 828 2874 supradicta
858 2808 965 2873 quoe,
997 2794 1173 2874 tamquam
1202 2789 1368 2870 incertae,
1398 2788 1471 2872 fre·

295 2920 437 2999 quanter
459 2914 496 2979 in
519 2914 653 2981 iudiciis
676 2910 928 2981 auctitabant».

382 3037 603 3113 Quamobrem
621 3038 781 3124 Principis
807 3038 977 3103 intentioni
999 3038 1064 3102 iam
1087 3037 1252 3123 respondit
1266 3037 1380 3112 codex,
1396 3040 1472 3103 uni-

297 3182 411 3229 versos
434 3164 662 3247 praeseferens
685 3182 826 3228 canones
849 3162 914 3227 rim
937 3162 1019 3247 legis
1041 3161 1207 3236 habentes,
1228 3183 1364 3247 quorum
1388 3162 1475 3228 ordi-

296 3284 384 3349 natio
407 3284 606 3369 potissimum
637 3284 767 3370 ingenio
789 3288 822 3349 et
853 3284 1041 3349 collectoris
1063 3282 1241 3349 industriae
1265 3282 1474 3369 relinqueba-

295 3412 361 3474 tur.
380 3442 398 3456 -
417 3408 489 3473 Hoc
515 3427 595 3472 vero
622 3406 680 3473 snb
710 3412 842 3493 aspectu
869 3408 906 3472 B.
931 3406 1116 3493 Raymundi
1143 3428 1239 3493 opus,
1264 3428 1329 3472 non
1356 3427 1473 3493 parum

296 3534 440 3616 praestat
463 3531 652 3597 Tribunieni
675 3532 822 3618 Digestis.
841 3532 928 3596 -En
953 3531 1161 3617 Legislatoris
1184 3550 1310 3618 scopus.

391 3658 440 3723 Ea
456 3664 581 3740 contra,
594 3658 742 3725 Doctoris
758 3664 806 3724 est
821 3678 886 3723 non
898 3663 1022 3725 tantum
1037 3658 1180 3743 singulas
1194 3678 1362 3743 exponere
1370 3658 1472 3744 leges,

298 3802 474 3867 earumque
498 3784 665 3869 explicare
696 3784 842 3850 litteram
849 3804 863 3867 ,·
894 3781 950 3848 sed
973 3781 1133 3865 spiritum
1158 3782 1300 3846 intimius
1322 3800 1472 3866 perscru-

298 3910 373 3975 tari.
397 3908 518 3977 Verbis
542 3910 627 3975 enim
659 3910 711 3974 vel
734 3908 870 3995 singulis
896 3913 1018 3974 attente
1047 3906 1088 3973 ad
1117 3908 1272 3972 trutinam
1299 3908 1469 3979 revocatis,

298 4034 406 4102 adhuc
429 4036 501 4102 silet
524 4056 590 4101 vox
613 4035 694 4121 legis
724 4034 827 4100 donec
858 4034 953 4100 altius
982 4038 1149 4120 repetatur
1175 4036 1258 4099 ratio
1281 4034 1333 4099 cui
1356 4033 1468 4100 littera

299 4157 478 4233 inhaereat,
496 4156 581 4223 unde
597 4158 694 4222 vitam
710 4162 743 4222 et
758 4158 906 4242 spiritum
922 4156 1019 4222 ducit.
1037 4192 1055 4205 ·
1072 4155 1232 4240 Siquidem
1248 4154 1474 4240 quodcumque

297 4280 468 4347 iuridicum
492 4280 670 4348 institutum
693 4282 854 4346 incertum
877 4284 926 4347 est
949 4284 982 4346 et
1000 4279 1164 4354 vacillans,
1181 4297 1345 4364 quousque
1359 4278 1474 4345 funda-

300 4412 408 4474 menta
430 4426 494 4473 non
518 4410 658 4493 pateant,
682 4406 833 4472 videlicet
855 4405 1029 4492 principia,
1054 4404 1167 4489 quibus
1194 4405 1341 4471 innititur
1363 4410 1397 4471 ot
1418 4406 1472 4469 in·
