3350 5117
319 309 387 375 380
722 261 726 270 ⁸
846 329 930 376 ries
955 329 977 374 1.

319 453 381 517 loci
404 453 603 518 conditiones
625 475 683 520 seu
705 454 857 520 adiuncta
879 459 954 520 sunt
975 454 1189 520 accidentalia
1211 455 1244 519 in
1268 456 1424 520 exercitio
1439 474 1497 540 po-

318 579 443 643 testatis
466 577 578 644 iudicis
601 579 739 666 delegati
763 600 820 646 seu
844 600 909 644 non
933 579 1081 647 habentis
1103 581 1315 663 territorium,
1336 584 1370 645 et
1383 576 1498 666 praeil-

319 710 441 788 guntur
465 705 631 770 exclusive
655 706 687 769 in
711 703 827 770 bonum
852 706 1001 791 partium.

409 829 443 910 4)
467 828 640 914 Delegatus
670 835 777 894 autem
806 829 846 894 ad
877 829 1132 896 uniomsitotem
1155 848 1342 895 causarum
1365 830 1399 892 iu
1427 830 1498 894 iure

318 957 527 1035 comparatur
550 952 654 1018 iudici
670 953 860 1026 ordinario,
878 954 1077 1038 proindeque
1101 957 1279 1038 estcapax
1301 953 1398 1018 huius
1417 971 1497 1037 quo-

319 1095 381 1159 que
400 1077 614 1151 extensionis;
639 1077 751 1142 saltem
768 1097 811 1142 ex
827 1080 1038 1144 communiori
1054 1079 1229 1153 sententia;
1245 1078 1288 1143 cs.
1307 1075 1402 1143 Reiff.
1419 1078 1451 1143 d.
1474 1083 1497 1143 t.

318 1219 352 1263 a.
370 1198 440 1264 132
456 1204 489 1266 et
512 1219 538 1265 c.
556 1221 583 1266 c.
600 1201 633 1282 4,
651 1201 708 1276 40,
726 1201 767 1274 Χ,
785 1203 835 1268 De
849 1204 904 1285 off.
921 1201 991 1268 iud.
1009 1202 1116 1288 delep.
1132 1201 1171 1286 (I,
1184 1201 1241 1288 29)
1254 1207 1287 1267 et
1297 1202 1344 1284 11,
1357 1203 1380 1285 g
1394 1201 1414 1264 1
1427 1220 1495 1287 seq.

320 1321 369 1386 De
391 1323 544 1406 rescript.
569 1325 607 1388 in
623 1323 646 1388 6
662 1322 700 1408 (l,
725 1323 770 1411 3).

407 1446 441 1527 5)
468 1447 660 1533 Prorogatio
675 1457 788 1513 autem
810 1449 1043 1535 alitigantibus
1066 1447 1103 1514 iit
1125 1468 1286 1534 expresse
1308 1449 1363 1516 vel
1391 1448 1495 1515 tacite.

320 1568 484 1655 Expresse
507 1573 531 1636 si
558 1573 628 1654 quis
651 1591 807 1657 expresso
831 1580 924 1659 pacto
948 1575 1120 1638 conveniat
1143 1594 1216 1638 cnm
1240 1575 1345 1638 altero
1369 1577 1498 1639 eonten-

319 1691 424 1774 dente,
438 1699 472 1758 ut
494 1713 592 1760 cansa
615 1694 781 1761 deferatur
796 1695 880 1781 apud
904 1695 1041 1762 iudicem
1065 1699 1118 1780 qui
1143 1697 1308 1763 ordinario
1330 1718 1396 1763 non
1413 1702 1498 1762 auset

318 1825 512 1904 competens.
536 1821 650 1888 Tacite
672 1841 752 1886 vero
768 1819 804 1886 fit
827 1824 1022 1908 prorogatio,
1039 1823 1139 1887 veluti
1164 1823 1189 1887 si
1214 1823 1285 1905 quis
1308 1824 1428 1888 citetur
1442 1841 1496 1886 co-

318 1959 389 2006 ram
412 1940 517 2007 iudice
533 1961 598 2006 non
621 1963 679 2009 suo
701 1963 762 2008 nec
779 1945 897 2009 citatus
913 1945 1100 2029 interponat
1115 1943 1337 2028 exceptionem
1351 1941 1425 2025 fori
1445 1943 1499 2008 de·

317 2063 543 2130 cliootoriom.
562 2065 665 2132 ludex
689 2069 773 2132 enim
789 2087 853 2132 non
869 2073 999 2132 tenetur
1022 2086 1068 2133 ecc
1083 2066 1192 2150 officio
1216 2067 1303 2131 hanc
1322 2084 1497 2151 opponere,

318 2205 419 2269 quare
435 2194 613 2254 conventus
637 2193 855 2276 praesumitur
878 2192 910 2254 in
935 2210 969 2256 se
993 2209 1173 2276 prorogare
1196 2189 1283 2255 velle
1299 2209 1363 2254 non
1379 2191 1431 2256 sni
1453 2191 1498 2254 iu·

318 2312 398 2380 dicis
421 2316 685 2400 competentiam
710 2316 752 2380 cf.
770 2318 791 2381 t.
808 2316 843 2387 2.
865 2315 943 2382 Cod.
968 2316 1019 2381 De
1037 2316 1159 2400 pactis.

408 2439 440 2525 6)
456 2441 552 2504 Hunc
565 2438 716 2506 effectum
728 2446 882 2526 operatur
895 2461 1070 2506 consensus
1079 2443 1231 2527 partium;
1246 2461 1348 2526 quare
1361 2442 1388 2505 si
1401 2460 1500 2507 error

317 2567 513 2632 interveniat
535 2566 586 2631 vel
611 2571 724 2640 metus,
743 2572 846 2632 metus
863 2572 896 2631 et
911 2569 1036 2633 erroris
1051 2587 1150 2633 causa
1162 2567 1306 2652 probata,
1323 2587 1498 2652 processus

318 2687 425 2753 nullus
450 2687 635 2754 declaratur
659 2708 701 2753 ex
724 2688 853 2754 deiectu
877 2690 1127 2774 competentiae;
1153 2709 1196 2754 ex
1212 2690 1245 2756 tt.
1263 2689 1298 2771 2,
1314 2690 1379 2772 51.
1395 2691 1432 2774 ff.
1449 2690 1500 2754 De

319 2813 400 2895 iud,
418 2820 450 2879 et
472 2834 545 2897 cup.
563 2835 622 2879 uu.
640 2814 689 2880 De
714 2815 765 2880 itis
787 2834 876 2901 quae
899 2814 934 2880 oi
955 2820 1032 2880 met.
1057 2833 1149 2881 cous.
1174 2816 1259 2890 fiunt
1281 2814 1318 2879 in
1334 2813 1358 2878 6
1373 2811 1412 2899 (l,
1429 2813 1498 2898 20).

408 2937 441 3024 7)
466 2940 600 3007 Clericis
623 2942 783 3026 integrum
809 2947 858 3005 est
880 2941 1014 3006 alterius
1038 2939 1151 3006 iudicis
1174 2940 1291 3005 eccles.
1309 2940 1342 3004 in
1365 2959 1401 3003 se
1425 2958 1500 3024 pro

319 3039 437 3150 rogare
449 3064 710 3146 iurisdictionem,
725 3071 832 3130 tamen
846 3065 885 3129 ob
901 3065 1074 3154 specialem
1086 3064 1320 3131 subiectionem
1336 3065 1413 3148 ipsis
1426 3065 1500 3129 iure

318 3187 496 3273 impositam
513 3207 593 3274 erga
615 3190 780 3275 proprium
802 3191 1005 3274 Episcopum,
1022 3188 1142 3254 eisdem
1159 3188 1317 3252 nonlicet
1341 3207 1377 3252 se
1400 3188 1500 3252 alteri

317 3312 413 3377 iudici
432 3311 630 3384 submittere,
644 3313 704 3376 nisi
717 3313 812 3377 etiam
832 3311 966 3375 accedat
983 3330 1159 3375 consensus
1175 3310 1336 3396 Episcopi,
1350 3328 1394 3373 ex
1414 3329 1442 3374 c.
1456 3308 1501 3375 18

317 3437 348 3500 h.
362 3441 383 3501 t.
397 3437 438 3500 X.
452 3471 495 3484 —
509 3435 609 3500 ludici
625 3436 707 3499 laico
723 3453 802 3499 vero
820 3432 994 3499 nullimode
1010 3453 1045 3498 se
1060 3433 1222 3498 subiicere
1234 3435 1369 3517 possunt
1383 3431 1498 3495 clerici

319 3583 379 3628 nec
403 3562 442 3627 de
465 3581 624 3627 consensu
648 3562 695 3626 sui
720 3562 881 3647 Episcopi,
898 3562 952 3646 qui
975 3561 1038 3625 iuri
1063 3559 1224 3624 communi
1248 3558 1409 3644 derogare
1432 3577 1499 3622 non

318 3688 415 3752 valet.

407 3810 440 3895 8)
465 3809 617 3876 Generali
641 3809 718 3874 hinc
742 3809 885 3893 regulae,
911 3827 1026 3892 nempe
1054 3826 1100 3872 ecc
1121 3827 1183 3873 suo
1206 3825 1374 3873 consensu
1396 3805 1501 3870 laicos

319 3952 497 4019 prorogare
528 3952 621 4018 posse
651 3931 915 4003 iurisdictionem.
947 3933 1162 3996 communiter
1192 3929 1278 4017 apud
1306 3930 1371 3994 DD.
1399 3933 1499 3995 etex

317 4061 422 4145 praxi,
439 4056 475 4124 fit
497 4059 646 4143 exceptio
669 4057 773 4140 quoad
794 4077 907 4122 causas
921 4057 1114 4141 spirituales,
1132 4076 1210 4141 quas
1234 4058 1360 4141 agitare
1379 4055 1500 4122 debent

317 4205 436 4253 corum
459 4185 649 4251 ordinariis
673 4186 835 4256 locorum,
860 4188 906 4248 uti
930 4186 977 4251 ait
999 4184 1096 4250 Cone.
1122 4183 1267 4247 Trident.
1285 4183 1317 4246 in
1340 4200 1421 4247 sess.
1437 4181 1497 4252 24.

317 4330 345 4375 c.
368 4309 429 4381 20,
454 4309 503 4373 De
525 4307 600 4391 ref..
626 4312 658 4372 et
682 4308 839 4392 praecipit
868 4325 942 4389 cop.
968 4306 1001 4375 3.
1026 4306 1077 4372 De
1095 4305 1251 4388 paroch„
1276 4306 1311 4369 X
1331 4302 1406 4388 (lll,
1430 4302 1497 4386 29).

317 4433 447 4499 Scilicet
464 4432 627 4516 negotium
650 4431 826 4515 spirituale,
841 4430 1003 4515 attingens
1026 4429 1144 4498 bonum
1168 4428 1360 4499 animarum,
1381 4426 1498 4491 melius
