3350 5117
300 274 343 341 40
823 298 908 346 enas
933 298 954 345 1.
1032 310 1037 318 ·

300 418 403 503 quoad
427 418 502 486 Titii
524 422 750 506 patrimonium
773 427 829 486 aut
852 422 920 487 Caii
952 423 1176 499 hereditatem,
1199 428 1278 491 tunc
1300 424 1478 491 transactio

299 542 439 608 rescindi
463 564 529 609 non
551 549 664 630 potest,
689 546 816 611 ratione
841 547 978 623 erroris;
1002 548 1077 631 quia
1099 548 1133 612 in
1156 548 1266 634 specie
1288 547 1341 613 vel
1363 548 1397 611 in
1421 566 1479 633 ge-

301 689 380 734 nere
404 670 443 735 de
466 671 516 737 his
540 671 778 755 quaestionibus
801 692 917 759 reapse
939 678 1046 738 actum
1070 679 1129 740 est.
1146 672 1258 737 -Ea
1281 678 1397 738 contra
1412 694 1479 737 non

300 792 477 861 attenditur
500 813 599 861 error
621 795 730 878 iuria;
753 796 905 861 nimirum
930 795 1013 881 quod
1037 798 1108 880 quis
1132 798 1334 883 ignoraverit
1356 799 1480 863 articu-

301 918 367 984 lum
390 919 472 1004 legis
495 919 549 984 vel
572 920 786 986 instrumenta
808 940 875 985 non
900 923 961 986 rite
984 923 1215 1008 interpretatus
1232 928 1290 1005 est,
1309 943 1435 988 necnon
1453 925 1480 987 si

302 1047 414 1127 postea
437 1060 478 1107 ex
502 1042 594 1107 novis
617 1044 837 1108 instrumentis
861 1045 1001 1128 repertis
1025 1043 1148 1109 clarum
1165 1048 1338 1110 etcertum
1362 1045 1411 1109 ius
1427 1064 1482 1129 ap·

302 1170 425 1251 pareat,
442 1166 525 1250 quod
549 1188 607 1253 pro
632 1166 725 1234 dubio
750 1173 783 1232 et
798 1167 967 1234 admodum
984 1170 1108 1234 incerto
1124 1169 1320 1244 habebatur;
1337 1188 1433 1253 namq
1441 1188 1481 1232 ue

303 1290 335 1353 in
359 1289 422 1354 hoc
445 1290 638 1356 versabatur
661 1290 710 1355 lis.
736 1290 783 1357 ef.
809 1292 958 1378 Pirhiug.
983 1291 1014 1356 b.
1040 1298 1061 1358 t.
1086 1295 1108 1359 l.
1132 1293 1185 1358 cit.
1208 1314 1243 1357 n.
1268 1291 1327 1358 37.

393 1414 426 1500 4)
450 1415 583 1509 siquae
607 1416 653 1505 in
670 1416 890 1523 trxapfffl'pe
918 1415 1094 1516 observare
1123 1416 1292 1502 spopondit
1319 1436 1482 1501 unapars

306 1560 370 1603 non
394 1542 574 1624 exequitur,
599 1540 693 1605 alteri
717 1542 877 1627 integrum
902 1547 952 1630 est
973 1542 1025 1607 vel
1053 1563 1073 1607 a
1103 1545 1321 1609 transactione
1344 1542 1483 1615 resilire,

305 1666 358 1731 vel
381 1666 494 1731 iudicis
518 1666 695 1731 ministerio
717 1667 945 1732 transactionis
968 1666 1206 1734 observantiam
1229 1687 1359 1754 urgere.

395 1794 429 1877 5)
453 1792 536 1866 Quid
559 1792 638 1857 iuris
655 1791 681 1855 si
697 1792 894 1857 interveniat
907 1791 1008 1858 laesio
1023 1792 1155 1878 gravisi
1171 1793 1341 1859 Generalis
1357 1792 1389 1856 in
1406 1811 1485 1856 con-

306 1921 462 1987 tractibus
486 1919 633 1985 doctrina
663 1922 721 1991 est,
746 1918 921 1985 laesionem
952 1939 1086 2005 gravem
1119 1941 1176 1985 seu
1206 1939 1372 1986 enormem
1402 1939 1485 2004 quae

306 2046 508 2113 venditorem
531 2039 663 2107 offendit
686 2062 751 2108 non
774 2044 985 2128 recipientem
1015 2064 1077 2110 nec
1100 2032 1235 2111 madiam
1259 2048 1384 2129 partem
1410 2045 1483 2109 iusti

308 2175 403 2260 pretii
427 2174 474 2237 rei
499 2189 575 2236 suae
599 2172 768 2243 alienatae,
789 2170 853 2235 hoc
875 2172 1016 2256 operari,
1033 2177 1068 2236 ut
1083 2169 1232 2235 venditor
1247 2189 1367 2255 cogere
1383 2170 1486 2254 possit

308 2301 486 2381 emptorem
509 2294 563 2357 vel
585 2293 625 2357 ad
649 2296 811 2378 integrum
834 2293 974 2377 pretium
997 2291 1194 2372 solvendum,
1218 2292 1272 2356 vel
1294 2290 1335 2355 ad
1358 2292 1486 2356 rescin-

308 2420 444 2487 dendam
467 2418 694 2489 venditionem,
712 2416 911 2482 restituendo
928 2438 997 2482 rem
1013 2422 1161 2502 emptam.
1179 2412 1243 2481 Sed
1260 2418 1292 2479 in
1318 2436 1354 2481 re
1371 2420 1485 2481 nostra

310 2546 472 2612 dubitandi
496 2549 580 2611 ratio
603 2550 653 2612 est
675 2550 792 2609 natura
819 2544 1045 2609 transactionis
1076 2562 1159 2626 quae
1189 2541 1230 2606 ad
1260 2541 1334 2607 lites
1361 2542 1488 2627 praeci-

310 2672 432 2738 dendas
455 2670 619 2746 ordinata,
646 2690 715 2735 rem
739 2670 866 2735 dubiam
897 2689 956 2753 pro
980 2668 1105 2733 obiecto
1128 2665 1235 2733 habet.
1262 2664 1411 2729 Admissa
1434 2684 1489 2727 au·

309 2804 374 2864 tem
399 2800 590 2863 rescissione
613 2818 672 2883 pro
695 2796 786 2882 gravi
810 2794 971 2869 laesione,
997 2796 1125 2878 quinam
1149 2791 1222 2858 linis
1245 2787 1374 2873 litibusl
1398 2785 1489 2853 Diffi-

312 2926 373 2991 cile
401 2926 486 2990 enim
516 2924 704 2988 aestimatur
734 2920 884 2986 damnum
916 2918 1043 3004 quando
1074 2938 1127 2983 res
1158 2919 1298 2981 maxime
1325 2914 1421 2979 dubia
1452 2919 1486 2979 et

312 3053 437 3115 incerta
453 3054 509 3121 est,
527 3048 567 3113 ob
590 3049 762 3134 ancipitem
786 3047 909 3113 exitum
931 3047 1006 3112 litis.
1028 3046 1119 3110 Inter
1143 3044 1206 3108 DD.
1224 3062 1321 3126 quam
1344 3040 1488 3106 maxima

313 3176 496 3262 opinionum
520 3175 661 3239 varietas
685 3177 717 3237 et
738 3172 836 3237 lucta.

404 3300 468 3364 Nos
491 3299 535 3363 ita
559 3294 782 3361 resolvendam
806 3296 1025 3377 quaestionem
1049 3298 1205 3378 putamus.
1223 3288 1489 3389 stfflor·

313 3425 466 3491 masiano
489 3424 538 3497 sit,
564 3442 620 3487 seu
650 3440 711 3486 nec
740 3420 837 3485 tertia
868 3438 944 3504 pars
974 3417 1047 3481 iusti
1076 3416 1172 3500 pretii
1202 3415 1307 3479 soluta
1335 3413 1491 3484 sittace

314 3567 424 3612 omnes
448 3547 640 3612 Canonistae
664 3544 860 3609 conveniunt
875 3542 1126 3606 transactionem
1152 3535 1388 3603 rescindibilem
1404 3551 1486 3597 esse:

315 3672 358 3737 ol.
383 3667 593 3737 Reiffenstuel
617 3670 648 3733 b.
674 3674 693 3733 t.
718 3689 751 3734 n.
769 3666 819 3733 52
842 3684 909 3750 aeq.
935 3670 967 3729 et
983 3659 1272 3748 Schmalzgrueber
1288 3660 1319 3723 b.
1342 3662 1362 3721 l.
1380 3677 1414 3722 n.
1430 3656 1493 3720 19:

316 3798 390 3881 quia
405 3798 496 3863 iuxta
511 3795 669 3881 principia
689 3793 769 3857 iuris
785 3792 920 3861 romani,
938 3793 1070 3853 extante
1090 3788 1152 3851 hac
1168 3786 1311 3850 laesione
1327 3780 1380 3845 vel
1403 3778 1496 3844 dolus

316 3923 533 4009 praesumitur
556 3938 599 3984 ex
622 3923 714 4005 parte
729 3916 921 4001 stipulantis,
938 3914 1007 3978 sive
1028 3932 1124 3976 error
1139 3908 1357 3976 substantialis
1372 3911 1407 3970 in
1421 3923 1496 3970 con·

316 4045 522 4112 trahentibus
544 4047 633 4110 circa
657 4043 815 4108 obiectum
839 4044 1042 4113 contractus;
1067 4038 1120 4121 qni
1136 4054 1232 4099 error
1253 4032 1495 4117 aequiparatur,

317 4174 443 4237 ratione
467 4167 608 4251 effectus,
625 4168 698 4234 dolo
721 4188 777 4233 seu
801 4164 953 4230 fallaciae
973 4158 1177 4249 provenienti
1203 4176 1246 4221 ex
1261 4157 1330 4241 ipsa
1354 4173 1401 4225 re,
1419 4171 1494 4237 erp.

319 4302 338 4365 l.
366 4300 438 4365 «si
460 4298 536 4383 quio
566 4317 643 4364 cum
674 4294 774 4361 aliter
797 4314 814 4355 a
838 4293 875 4376 ff.
900 4290 952 4355 De
973 4287 1064 4354 verb.
1088 4285 1152 4353 obl.
1180 4306 1197 4347 ‹
1222 4283 1318 4349 Idam
1351 4284 1409 4352 est,
1436 4278 1497 4343 etsi

318 4428 434 4493 nullus
449 4426 547 4492 dotus
562 4420 785 4489 intercesserit
806 4415 1012 4502 adpetentis,
1030 4413 1090 4479 sed
1105 4412 1182 4495 ipsa
1197 4429 1253 4474 res
1268 4408 1305 4473 in
1327 4426 1364 4473 se
1379 4405 1497 4472 dolum
