3350 5117
833 332 964 381 ammi

746 581 928 650 TiTULUS
952 585 1045 649 XVI.

688 796 741 841 DE
777 798 1108 849 attentaris.

702 917 751 958 linc
766 918 858 961 reiciat.
870 921 906 963 rit.
920 920 952 975 lb,
963 922 1003 965 llh.
1015 922 1047 976 ll,
1057 925 1087 967 Χ.

305 1068 521 1127 summarium.
536 1100 570 1115 -
582 1073 643 1129 560.
663 1078 836 1132 Attentotum
855 1080 884 1135 in
903 1097 985 1139 sensu
999 1082 1068 1137 iuris
1081 1088 1124 1139 est
1136 1085 1248 1157 aliquod
1261 1087 1365 1140 tactum
1379 1084 1489 1141 violans

394 1179 611 1251 prohibitionem
629 1200 678 1237 seu
697 1186 895 1243 inhibitionem.
916 1189 1047 1245 inhibitio
1066 1192 1123 1245 elie
1141 1194 1212 1246 iuris
1231 1192 1288 1247 elia
1306 1195 1434 1247 hominis.
1451 1222 1489 1234 -

393 1288 454 1343 561.
473 1288 578 1345 Contra
597 1294 737 1346 attentata
755 1290 832 1345 laeso
851 1294 986 1362 competit
1003 1298 1075 1349 actio
1093 1297 1232 1349 rtuttitntis
1248 1296 1293 1351 vel
1311 1299 1487 1351 rescissoria.

395 1424 428 1437 -
446 1396 508 1451 562.
529 1395 692 1466 Explicatur
710 1396 852 1467 generalis
871 1398 940 1452 iuris
958 1398 1102 1465 inhibitio;
1122 1416 1233 1470 nempe:
1252 1415 1269 1454 tt
1295 1402 1330 1455 itt
1348 1402 1395 1455 tite
1412 1418 1486 1471 pen·

393 1507 475 1559 dente
494 1507 565 1559 nihii
584 1490 732 1559 innovetur
750 1523 773 1561 n.
789 1534 823 1547 -
837 1504 899 1560 563.
918 1506 988 1568 Quid
1008 1508 1102 1563 ueniat
1121 1510 1233 1563 nomine
1251 1512 1448 1564 innovationis.

394 1702 470 1769 560.
499 1704 673 1769 Attentare
704 1706 736 1771 in
767 1726 864 1771 sensu
887 1707 967 1771 iuris
997 1706 1031 1770 in
1056 1727 1094 1771 re
1124 1707 1263 1773 iudiciali
1287 1714 1337 1774 est
1363 1707 1484 1791 aliquid

306 1832 416 1895 iacere
440 1835 554 1896 contra
565 1830 807 1896 inhibitionem.
834 1832 871 1895 in
889 1851 1042 1915 processu
1065 1831 1205 1898 iudiciali
1221 1833 1383 1899 habentur
1398 1832 1488 1899 inhi-

306 1956 446 2024 bitiones
468 1955 555 2021 iuris
577 1974 633 2019 seu
657 1953 828 2039 generales
849 1956 929 2020 iuris
945 1956 1186 2041 prohibitiones.
1209 1960 1244 2021 et
1263 1957 1409 2024 hominis
1427 1980 1487 2025 seu

305 2080 427 2147 indicis
449 2079 671 2159 inhibitiones
696 2080 849 2145 nimirum
871 2082 1034 2163 speciales
1053 2081 1308 2164 prohibitiones.
1333 2118 1377 2131 -
1393 2082 1487 2148 inhi-

305 2206 384 2273 bitio
407 2206 494 2271 inrt's
517 2205 679 2291 generalis
703 2203 844 2271 habetur
868 2206 901 2269 in
924 2205 971 2271 tit.
988 2206 1040 2288 16,
1057 2206 1237 2272 ttb.ttsub
1255 2206 1386 2272 rubrica
1401 2228 1487 2292 quae

304 2335 448 2399 continet
462 2332 567 2417 legem
584 2330 729 2396 absolute
746 2348 938 2417 expressam
954 2332 1005 2396 his
1021 2333 1131 2397 verbis
1152 2334 1385 2419 praeceptivis:
1406 2354 1424 2395 c
1442 2334 1484 2400 Ut

306 2456 362 2521 lite
379 2455 549 2538 pendente
564 2452 648 2519 nihii
672 2452 899 2519 innovetur».
916 2452 1087 2519 innovatio
1111 2454 1166 2519 hic
1188 2455 1379 2540 prohibetur
1395 2459 1486 2522 circa

305 2598 375 2643 rem
398 2578 568 2663 litigiosam
592 2595 649 2641 seu
672 2574 830 2641 obiectum
855 2576 929 2647 litis,
952 2574 1054 2640 donec
1076 2577 1117 2641 lis
1140 2596 1206 2640 non
1230 2576 1329 2643 tuerit
1351 2598 1485 2664 compo·

305 2706 366 2769 siin
381 2724 440 2789 per
459 2702 650 2767 sententiam
667 2698 874 2782 definitivam,
891 2720 973 2785 qnae
991 2701 1134 2785 legitime
1154 2703 1340 2769 executioni
1356 2702 1485 2769 deman·

305 2828 381 2894 data
403 2827 512 2897 luerit.
530 2830 586 2892 nui
602 2844 801 2909 quocumque
824 2825 889 2889 alio
910 2825 1004 2890 modo
1027 2826 1205 2891 cessaverit
1220 2827 1286 2892 litis
1301 2827 1483 2912 pendentia,

305 2952 428 3017 scilicet
442 2953 671 3031 transactione,
688 2952 720 3015 in
738 2950 879 3016 arbitros
900 2952 1140 3035 compromisso,
1158 2953 1413 3019 renunciatione.
1431 2972 1487 3037 pe·

240 3134 241 3139 ,
306 3077 485 3163 temptione
509 3076 679 3139 instantiae
702 3078 756 3137 aut
780 3073 875 3138 simili
900 3075 1036 3137 ratione.

395 3201 487 3265 Aliae
505 3200 667 3265 habentur
690 3198 904 3264 inhibitiones
927 3198 967 3261 ab
992 3198 1127 3264 homine
1153 3199 1416 3283 quotiescumque
1434 3198 1485 3263 in·

305 3330 375 3395 tien
390 3328 458 3392 sive
475 3328 506 3391 in
530 3326 766 3391 introductione
782 3326 851 3389 sive
874 3326 907 3389 in
932 3326 1142 3390 instructione
1165 3326 1234 3389 sive
1250 3326 1283 3390 in
1298 3323 1485 3391 definitione

306 3459 339 3517 et
361 3450 562 3523 executione,
587 3450 729 3535 assignat
752 3451 807 3514 uni
832 3454 889 3513 aut
912 3450 1039 3531 utrique
1070 3450 1154 3533 parti
1184 3450 1341 3514 terminos
1365 3448 1405 3513 ad
1428 3470 1483 3533 po-

305 3574 427 3639 nendos
443 3578 533 3637 ectus
549 3570 723 3636 iudiciales.
741 3571 841 3636 Hisce
857 3569 1069 3655 pendentibus
1083 3570 1231 3637 terminis
1245 3570 1311 3635 alia
1326 3590 1403 3656 pars
1418 3592 1485 3635 non

306 3704 409 3786 potest
432 3698 550 3783 aliquid
567 3704 693 3763 mutare
708 3699 798 3762 circa
813 3697 986 3761 articulum
1001 3695 1075 3777 litis,
1093 3716 1186 3779 quem
1203 3697 1267 3760 alia
1282 3716 1358 3781 pars
1375 3696 1486 3762 deter-

306 3827 425 3890 minato
447 3834 594 3909 tempore
618 3825 666 3887 ius
690 3822 788 3889 hahet
810 3821 1013 3907 expediendi.

395 3948 522 4032 Siquid
547 3950 720 4013 innovetur
743 3951 857 4011 contra
880 3945 1122 4018 inhibitionem,
1148 3948 1359 4012 committitur
1381 3952 1488 4013 otten-

305 4082 422 4142 tntnrn.
440 4076 508 4141 imo
524 4094 587 4139 non
605 4074 705 4139 solum
724 4078 843 4158 partes,
862 4070 918 4136 sed
934 4074 1001 4157 ipse
1017 4071 1115 4136 iudex
1131 4076 1320 4143 attentaret,
1337 4073 1362 4135 si
1381 4072 1486 4155 quoad

306 4223 375 4267 rem
392 4180 561 4285 litigiosam
576 4200 629 4265 vei
647 4198 748 4283 quoad
766 4206 856 4265 actus
873 4218 1044 4284 processus
1059 4197 1179 4281 aliquid
1196 4202 1353 4264 statueret
1368 4204 1486 4263 contra

304 4326 525 4391 inhibitionem
549 4324 632 4409 legis
654 4327 709 4388 aut
731 4324 875 4409 legitime
897 4341 918 4386 a
942 4340 977 4386 se
999 4320 1117 4386 iactam
1141 4327 1197 4388 aut
1218 4341 1239 4385 a
1263 4320 1367 4386 iudice
1391 4314 1512 4407 supe'

305 4455 402 4529 riore,
428 4452 595 4539 pendente
610 4451 833 4539 appellationis
861 4449 1002 4536 periodo,
1027 4456 1244 4536 praeceptam.
