3350 5117
779 287 886 336 INDEX
913 287 1033 338 RERUM

836 567 934 623 Carus
953 568 973 622 1.

762 737 794 771 D!
810 737 1046 772 amatunomwa.

312 939 373 995 617.
393 940 524 1022 Traditur
542 943 620 997 notio
639 941 837 1014 appellationis
855 942 995 998 iudicialis
1005 981 1326 999 ........
1358 962 1426 1016 pay.
1443 945 1497 999 598

311 1048 373 1105 618.
393 1048 557 1121 Explicatur
575 1054 727 1122 conceptus
745 1050 943 1122 appellationis
961 1050 1180 1107 extraiudieialis
1182 1090 1373 1108 .....
1409 1052 1499 1109 »599

311 1155 373 1211 619.
392 1155 542 1218 Quaeritur
560 1174 596 1212 au
615 1162 645 1212 et
663 1157 800 1228 quomodo
818 1155 1015 1228 appellationis
1033 1157 1184 1214 remedium
1202 1175 1221 1212 a
1238 1159 1301 1214 iure
1319 1175 1371 1212 na·

420 1267 501 1320 turae
519 1265 700 1336 repetendum
719 1266 756 1320 sit
780 1303 1370 1323 ..............
1404 1265 1496 1321 »000

311 1369 374 1425 620.
393 1367 465 1432 Quia
483 1371 642 1426 institutum
662 1369 860 1441 appellationis
878 1370 1018 1426 iudicialis
1036 1372 1097 1426 iure
1117 1371 1198 1442 posit
1217 1370 1368 1436 ordinatur,

350 1504 360 1520 ·
417 1477 496 1544 patet
513 1489 601 1544 quare
619 1473 770 1528 Pontifices
794 1473 954 1546 aliquando,
973 1475 1031 1529 suis
1049 1474 1178 1541 decretis,
1196 1474 1251 1529 iuri
1272 1472 1369 1545 appel·

417 1581 531 1638 lationis
550 1581 748 1651 derogaverint
778 1619 1369 1637 ..............
1406 1579 1493 1637 »602

309 1687 372 1743 621.
391 1687 614 1756 Datermiuatur,
634 1687 851 1758 appellationem
878 1689 1034 1745 faciendam
1059 1705 1120 1745 esse
1144 1688 1295 1758 gradatim,
1318 1703 1368 1742 sau

417 1810 473 1850 non
492 1795 594 1850 omisso
612 1795 703 1851 medio
732 1831 1365 1851 ...............
1401 1809 1420 1851 ›
1453 1794 1495 1848 ibi

309 1902 370 1956 622.
390 1899 573 1971 Explicantur
591 1903 692 1970 gradus
710 1901 909 1973 appellationis
921 1903 1012 1974 quoad
1023 1903 1130 1958 iudices
1141 1907 1201 1958 tum
1213 1901 1367 1957 ordinarios

416 2013 476 2065 tum
495 2008 639 2082 delegatos
642 2050 1230 2066 ..............
1240 2022 1276 2065 ·.
1311 2049 1321 2064 .
1358 2049 1365 2064 .
1405 2011 1512 2066 »out

308 2111 370 2168 623.
391 2113 435 2168 An
454 2131 471 2168 a
491 2112 621 2184 delegato
640 2114 770 2186 Episcopi
789 2114 824 2168 ad
843 2115 926 2169 huius
945 2114 1006 2169 Vie.
1025 2114 1093 2172 Gen.
1113 2113 1247 2185 appellari
1266 2113 1366 2183 possit.
1404 2113 1494 2170 »606

308 2217 370 2273 eat
390 2218 460 2280 Quid
479 2219 622 2290 singulare
641 2221 678 2276 sit
698 2222 727 2276 in
746 2221 935 2292 appellatione
953 2220 1160 2278 extraiudieiali
1181 2257 1367 2274 .....
1404 2219 1489 2276 »607

308 2321 370 2378 625.
390 2322 430 2378 De
449 2325 594 2380 effectibus
613 2325 819 2396 appellationis,
837 2343 886 2382 seu
905 2326 939 2382 de
956 2325 1081 2382 eiusdem
1105 2327 1134 2380 vi
1157 2324 1320 2396 suspensiva
1338 2329 1368 2379 et

416 2431 577 2488 devolutiva
598 2470 1367 2490 ..................
1402 2429 1487 2488 »608

307 2539 369 2594 626.
388 2539 430 2594 Ob
448 2539 578 2594 effectum
597 2540 800 2612 suspensivum,
821 2540 1010 2611 appellatione
1029 2540 1175 2610 pendente.
1194 2536 1267 2594 nihil
1285 2536 1367 2592 debet

414 2647 540 2701 innovari
558 2683 1362 2702 ..................
1398 2641 1489 2698 »609

306 2749 368 2804 627.
388 2751 510 2806 Effectus
528 2752 705 2808 devolutivus
725 2753 759 2806 ad
778 2755 950 2823 superiorem
968 2751 1090 2808 devolvit
1108 2751 1301 2821 cognitionem
1318 2765 1367 2804 ne·

301 2876 304 2882 ¹
413 2858 484 2926 getii
503 2859 676 2914 controversi
695 2875 759 2914 cum
777 2859 836 2913 suis
854 2858 1024 2914 accessoriis.
1038 2856 1068 2911 Si
1080 2855 1239 2928 appelletur
1250 2870 1318 2909 vero
1332 2854 1367 2908 ab

412 2964 634 3031 interlocutoria,
654 2982 717 3019 cum
737 2963 790 3019 hac
808 2964 968 3020 devolvitur
986 2964 1113 3034 cognitio
1134 2977 1236 3017 causae
1259 2959 1366 3030 prinei·

412 3071 492 3142 palis,
512 3072 536 3126 si
554 3070 772 3142 appellationem
791 3069 948 3141 legitimam
967 3087 1029 3126 esse
1046 3074 1143 3140 pateat
1177 3105 1362 3121 .....
1400 3079 1418 3122 »
1436 3064 1495 3120 610

308 3177 371 3233 628.
390 3178 513 3232 Effectus
533 3178 710 3248 suspensivus
728 3176 879 3250 aliquando
891 3193 947 3232 non
960 3178 1087 3250 sequitur
1098 3174 1318 3246 appellationem
1329 3189 1365 3228 ex

413 3284 602 3354 prohibitione
628 3284 715 3354 legis3
740 3284 917 3341 devolutivus
945 3283 1071 3340 eamdem
1095 3282 1252 3338 necessario
1276 3281 1364 3336 comi·

412 3397 490 3447 tatur
503 3431 913 3447 ..........
950 3419 959 3446 ·.
995 3427 1363 3445 .........
1400 3387 1488 3443 »611

545 3641 548 3648 ’
619 3631 637 3691 5
659 3625 681 3680 1.
702 3627 744 3682 De
759 3628 890 3697 personis
909 3627 1008 3696 quibus
1025 3625 1175 3696 appellare

509 3743 535 3788 at
553 3734 590 3787 de
610 3736 739 3788 causito
757 3734 855 3804 quidus
873 3732 1023 3802 appellare
1041 3747 1096 3785 non
1111 3731 1286 3802 prohibetur.

304 3929 366 3986 629.
386 3927 448 3983 Nisi
467 3927 648 3998 prohibeatur
666 3943 809 3998 expresse,
828 3926 957 3980 omnibus
983 3928 1012 3979 et
1037 3939 1211 3996 quacumque
1229 3923 1258 3976 in
1280 3940 1364 3977 causa

415 4031 558 4103 appellare
577 4034 741 4103 permissum
760 4037 803 4088 est
817 4067 1316 4086 ............
1348 4043 1414 4099 pap.
1450 4027 1492 4081 ibi

305 4140 367 4197 630.
387 4141 538 4212 Appellare
557 4141 642 4196 etiam
663 4145 754 4212 potest
773 4141 874 4196 tertius
893 4139 1015 4217 iudiciali
1035 4138 1187 4193 instantiae
1205 4140 1364 4203 extraneus,

411 4263 463 4301 neo
482 4263 537 4301 non
557 4251 675 4318 uterque
694 4245 809 4316 litigans
815 4281 1361 4301 .............
1397 4255 1416 4298 r
1449 4241 1490 4295 ibi

306 4349 367 4406 631.
388 4351 565 4406 Permittitur
584 4349 738 4420 appellatio
756 4351 784 4405 in
804 4351 897 4405 causis
913 4351 999 4406 etiam
1018 4349 1142 4404 minimis
1161 4353 1190 4404 et
1211 4346 1365 4404 levioribus
1400 4344 1492 4404 »613
