3350 5117
521 329 567 378 DE
589 330 729 378 lantcus
753 328 1018 378 accunsmsrlcts
1290 313 1355 382 341

169 455 247 540 plia
270 455 494 522 metuenda».
521 453 654 534 Giraldi,
678 454 739 521 loc.
764 452 827 534 cit,
851 451 914 518 hoc
938 451 1066 519 deducit
1092 454 1234 519 maxime
1249 473 1294 520 ex
1308 455 1357 521 iu·
1469 493 1474 504 ·

171 577 397 666 risprudentia
420 579 452 646 S.
477 581 580 646 Rotae
604 579 770 645 Romanae
793 577 850 664 (l).

267 701 330 770 Sed
357 707 455 788 patet,
478 701 542 768 hoo
575 722 661 784 casu,
686 721 750 766 non
786 700 901 766 haberi
931 701 1096 786 propriam
1129 703 1357 768 instantiarum

174 829 431 914 peremptionem
458 826 513 894 sed
544 827 807 913 praescriptionis
829 825 1133 892 extraordinariae
1162 827 1238 891 rim.
1267 827 1354 892 lam-

171 971 255 1018 uero
277 953 342 1018 hoo
364 953 544 1018 institutum
567 971 638 1016 esse
660 947 812 1016 inefficax
834 970 895 1037 pro
919 951 1088 1032 instantiis,
1102 970 1185 1036 quae
1208 950 1351 1016 breviori

171 1079 322 1162 tempore
344 1075 468 1143 absolvi
490 1075 617 1156 debent,
630 1075 664 1140 in
686 1079 800 1161 aperto
823 1079 890 1150 est3
914 1094 953 1140 eo
975 1076 1078 1160 magis
1100 1074 1185 1160 quod
1208 1075 1353 1142 eluditur

172 1200 388 1286 praescriptio
411 1219 471 1286 per
493 1217 723 1283 quemcumque
743 1203 852 1264 actum
876 1199 1113 1285 processuaIem
1137 1199 1287 1266 idoneum
1310 1199 1351 1266 ad

174 1325 464 1412 praescriptionem
487 1326 815 1408 interrumpendam.
840 1323 980 1391 Aliunde
1010 1325 1084 1391 lites
1114 1345 1196 1410 quae
1224 1325 1353 1392 ordina·

173 1448 223 1514 rie
246 1455 381 1536 possunt
403 1469 463 1535 per
485 1449 609 1536 lapsum
631 1451 766 1535 triginta
796 1467 956 1516 annorum
980 1450 1137 1536 protrahi,
1161 1451 1225 1514 iam
1255 1468 1352 1514 exce

169 1569 254 1635 dunt
276 1590 404 1636 omnem
428 1589 611 1636 mensuram
634 1569 796 1656 legitimae
820 1571 1053 1656 persecutionis
1071 1569 1240 1637 iudicialis.
1257 1569 1351 1646 Quod

170 1695 335 1777 persensit
353 1695 416 1760 iam
440 1700 473 1760 et
494 1694 599 1761 lassus
618 1699 668 1760 est
692 1695 887 1760 lastinianus
909 1696 1017 1760 aiens:
1037 1694 1141 1760 «lites
1162 1694 1239 1780 fieri
1256 1711 1350 1777 pene

169 1815 385 1884 immortates
399 1837 431 1894 ›;
454 1820 599 1904 quamvis
621 1818 812 1903 iampridem
834 1818 1038 1904 promulgata
1060 1822 1146 1884 esset
1167 1817 1222 1884 cit.
1237 1818 1297 1884 tem
1312 1815 1351 1893 3,

176 1943 273 2027 θοάς
296 1943 338 2009 cf.
362 1945 653 2032 Schmalagrueber
677 1947 698 2012 t.
723 1965 750 2012 c.
773 1964 808 2010 n.
834 1945 890 2019 79,
917 1943 969 2010 ubi
999 1946 1140 2028 ineptam
1166 1963 1238 2010 esse
1265 1942 1352 2008 hanc

166 2068 476 2154 praescriptionem
508 2071 540 2135 in
571 2089 608 2136 re
639 2071 837 2156 proeessuali
861 2071 965 2136 innuit
994 2074 1028 2135 et
1058 2067 1228 2136 confirmat
1251 2069 1353 2134 variis

167 2193 428 2260 auctoritatibus.

261 2315 339 2380 313.
356 2317 499 2383 Proinde
514 2319 546 2382 in
563 2317 635 2384 foro
651 2337 733 2392 cau„
750 2319 821 2384 iure
837 2336 962 2403 quoque
979 2317 1205 2400 necesarium,
1221 2337 1282 2405 per
1297 2338 1353 2384 re·

169 2417 278 2506 media
308 2441 475 2510 indirecta
498 2444 677 2510 consultum
705 2444 767 2510 fuit
789 2443 997 2510 incommodis
1020 2442 1284 2529 provenientibus
1305 2461 1350 2508 ex

169 2563 385 2648 perpetuitate
409 2567 649 2642 instantiarum
674 2567 826 2632 nimirum
850 2585 910 2651 per
925 2565 1069 2631 remedia
1090 2571 1211 2634 contra
1233 2569 1352 2633 conta·

166 2705 292 2754 mnam.
318 2687 385 2752 Per
407 2689 490 2754 haec
512 2709 589 2774 pars
611 2689 796 2776 diligentior
818 2710 938 2776 cogere
961 2697 1065 2776 potest
1090 2695 1217 2778 partem
1240 2694 1351 2778 negli-

165 2814 300 2894 gentem
323 2809 364 2875 ad
388 2810 538 2877 iudicium
554 2811 811 2897 prosequendum
829 2819 862 2878 et
876 2811 1115 2886 absolvendum,
1140 2815 1187 2879 uti
1202 2833 1260 2879 suo
1274 2815 1348 2882 loeo

164 2955 378 3023 exponemus.
403 2975 447 2988 -
470 2937 533 3006 Sed
556 2941 630 3024 quia
645 2939 788 3005 remedia
803 2940 1067 3006 contumaciatia
1090 2941 1162 3006 iure
1178 2961 1249 3006 can.
1274 2948 1349 3008 suut

164 3059 339 3126 admodum
360 3062 507 3147 rigorose
523 3067 555 3127 et
571 3082 635 3128 uon
659 3061 828 3148 expeditae
853 3063 1054 3128 executionis
1077 3069 1110 3128 et
1132 3063 1172 3129 ab
1195 3085 1260 3132 uno
1281 3065 1350 3131 liti-

163 3189 267 3269 gante
289 3183 445 3250 adversus
468 3185 565 3250 alium
582 3187 753 3270 provocari
776 3185 904 3258 debent,
921 3185 999 3250 hinc
1021 3184 1265 3254 desiderabatur
1281 3208 1348 3254 mo·

163 3304 226 3372 dus
242 3306 283 3372 ad
299 3307 372 3374 lites
395 3307 534 3373 celerius
556 3308 777 3374 terminandas
799 3309 904 3375 facilis
928 3315 961 3374 et
983 3307 1133 3392 directus,
1151 3312 1204 3395 qai
1228 3331 1345 3397 nempe

166 3427 249 3514 legis
272 3430 407 3516 imperio
421 3432 558 3518 vigeret,
572 3434 649 3517 quin
673 3435 706 3498 in
729 3433 856 3520 singulo
872 3453 950 3500 casu
965 3436 1189 3518 requireretur
1204 3437 1346 3522 cognitio

166 3554 327 3621 iudicialis
350 3559 383 3624 et
405 3557 518 3624 iudicis
543 3560 711 3624 sententia.

258 3677 331 3742 Hoc
352 3679 490 3764 perfecit
513 3681 610 3746 Gonc.
636 3680 724 3746 Trid.
749 3679 875 3747 directe
898 3683 1097 3767 prospiciens
1120 3683 1196 3748 huic
1216 3683 1349 3748 iudicio·

167 3819 239 3864 rum
262 3802 446 3867 necessitati
470 3824 530 3889 per
554 3811 741 3871 renovatam
770 3806 878 3891 legem
907 3807 1132 3872 iustinianeam
1165 3805 1255 3891 (sess.
1280 3808 1345 3890 24,

162 3943 193 3991 c.
208 3925 288 4012 2O)3
305 3946 346 3991 en
370 3925 552 3995 decretum:
579 3949 597 3993 ‹
615 3929 736 3996 Omnes
759 3949 876 3996 causae
892 3930 1055 3995 adfurum
1072 3931 1341 3997 Ecclesiasticum

254 4119 294 4188 (l)
315 4119 387 4174 Rota
405 4121 508 4178 Tader,
522 4123 696 4178 Parachialis
717 4125 742 4177 S.
760 4123 918 4180 Christiane
931 4129 966 4180 de
985 4126 1099 4180 Valeixe
1111 4125 1133 4178 3
1144 4127 1240 4179 martii
1252 4126 1345 4193 1732,

164 4227 230 4292 53,
250 4243 347 4282 caram
369 4227 461 4282 Emin.
490 4230 647 4285 Crescentis
666 4260 680 4273 ·
700 4235 773 4285 inter
792 4233 942 4302 impressas
967 4235 1052 4288 decis.
1080 4233 1148 4299 156,
1174 4251 1201 4288 n.
1223 4235 1244 4286 6
1263 4243 1290 4288 et
1313 4236 1344 4288 in

160 4335 229 4390 attis
245 4337 378 4408 allegatis
396 4340 425 4390 in
445 4339 650 4402 Barchinonen.
664 4367 677 4380 -
695 4336 901 4394 iurisdictionis
920 4356 1006 4410 saper
1023 4344 1162 4394 attentatis
1179 4341 1223 4394 28
1240 4343 1337 4396 martii

166 4440 251 4494 1857
263 4470 278 4484 -
298 4460 393 4498 coram
412 4444 481 4498 clar.
500 4461 584 4498 mem.
605 4445 714 4498 Bassia.
