3350 5117
311 329 379 393 202
835 342 919 389 raus
944 344 966 388 1.

312 467 401 530 sione
424 464 598 549 plurimum
629 461 775 528 defertur
797 481 899 550 aequo
923 459 1036 524 iudicis
1058 459 1212 524 arbitrio:
1237 455 1279 522 cf.
1305 456 1488 542 Sclimalzg.

312 593 361 658 De
384 598 512 673 except.
537 612 570 655 n.
598 591 620 657 9
641 610 709 676 seq.

403 716 580 779 Praeterea
606 716 681 798 quia
708 715 757 778 ius
779 712 976 777 detensionis
1007 712 1165 797 repetitur
1196 730 1216 775 a
1240 713 1310 776 iure
1338 711 1487 782 naturali

312 837 539 921 impositus,
563 838 735 901 constituto
766 836 929 920 legitimae
960 836 1104 900 tuitionis
1134 835 1227 900 modo
1250 855 1309 920 per
1341 833 1491 900 actiones

311 960 497 1034 imliciules,
521 981 586 1024 non
610 965 737 1046 poterat
759 961 972 1044 exceptiones
995 959 1168 1045 denegare.
1195 961 1263 1023 lma
1290 961 1315 1023 si
1340 960 1410 1044 ipsa
1431 957 1488 1022 lex

311 1083 408 1148 alicui
434 1103 500 1147 nou
526 1085 692 1169 permittat
721 1101 821 1168 agere
853 1081 936 1164 quod
967 1102 1108 1146 canones
1137 1081 1335 1148 interdicunt
1361 1089 1491 1145 excom·

312 1205 492 1283 muricatis,
508 1209 615 1268 tamen
639 1205 715 1289 ipsis
730 1203 873 1268 iudiciali
889 1205 1016 1268 actione
1033 1204 1184 1289 impetitis
1206 1205 1363 1288 permittit
1386 1222 1421 1266 se
1437 1201 1491 1265 de·

313 1331 448 1395 tendere
471 1334 504 1394 et
526 1332 687 1414 excipere,
700 1351 742 1394 ne
761 1337 854 1394 actor
877 1330 1019 1396 obtineat
1042 1335 1153 1394 contra
1173 1350 1263 1395 reum
1287 1330 1490 1394 indefensum

314 1459 461 1523 iniustam
486 1458 745 1529 sententiantes
767 1476 841 1539 cap.
859 1458 882 1521 5
903 1457 952 1521 De
968 1475 1083 1539 excep.
1100 1457 1135 1520 X
1149 1455 1272 1540 (ll-15).
1291 1462 1324 1520 et
1345 1475 1416 1542 rep.
1435 1456 1489 1536 71,

313 1583 399 1649 iuris
422 1583 458 1646 ira
482 1581 552 1645 δε(
575 1581 638 1652 Qui
661 1583 707 1648 ad
729 1583 902 1668 apcudaou
925 1581 1112 1652 admittitur,
1130 1587 1179 1647 est
1198 1580 1239 1643 ad
1263 1579 1486 1665 excipiendum

314 1729 428 1775 orooro
453 1728 556 1774 naurs
579 1705 837 1773 admittendus».
856 1707 1069 1782 Quamobrem
1094 1707 1268 1771 nonnullae
1289 1707 1491 1792 exceptionis

313 1835 436 1918 species
460 1839 534 1898 sunt
558 1852 713 1918 expresse
736 1852 756 1894 a
777 1833 849 1897 iure
873 1833 1008 1916 positivo
1039 1837 1255 1916 comparatae,
1272 1832 1361 1914 quasi
1385 1850 1487 1894 reme·

313 1956 397 2020 dium
412 1956 609 2041 particulare
625 1955 664 2019 ad
678 1955 803 2019 facilius
816 1955 965 2018 tuendam
980 1955 1131 2018 iustitiam
1146 1955 1179 2018 in
1191 1956 1359 2028 societate;
1376 1953 1489 2037 quales

314 2087 388 2143 sunt
407 2081 622 2164 exceptiones,
640 2080 689 2143 Dc
704 2078 911 2144 restitutione
931 2078 1164 2160 spoliatorum,
1181 2079 1231 2143 De
1243 2079 1487 2162 praescriptio·

312 2202 421 2273 nitriis,
438 2221 516 2284 quus
540 2203 675 2266 interius
699 2221 907 2285 exponemus.
921 2199 1101 2266 Praeterea
1117 2203 1150 2264 in
1166 2219 1236 2286 rep.
1254 2201 1305 2265 20
1320 2200 1385 2265 iur.
1402 2200 1439 2263 in
1455 2201 1488 2266 6.

314 2345 370 2388 reo
402 2327 599 2410 permittitur
632 2344 728 2389 unam
763 2326 921 2388 actionem
947 2324 1090 2408 pluribus
1122 2324 1364 2408 exceptionibus
1389 2325 1487 2408 impu·

313 2470 428 2534 gnore;
446 2450 584 2514 scilicet:
603 2469 620 2509 c
633 2448 757 2513 chlcm
766 2449 924 2532 pluribus
936 2449 986 2514 uti·
998 2449 1232 2530 (lesensoribus
1241 2448 1442 2532 prohibetur
1455 2469 1487 2520 u,

313 2581 345 2640 et
360 2575 382 2638 1.
399 2573 507 2640 Nemo
522 2573 734 2656 prohibetur:
752 2571 783 2635 ff.
802 2575 851 2638 De
866 2581 992 2656 accept.
1011 2574 1198 2639 decernitur
1217 2573 1356 2639 «Nemo
1370 2573 1487 2656 prolui-

313 2697 410 2765 betur
428 2697 587 2781 pluribus
609 2697 862 2780 emccptionibus
885 2698 943 2770 uti,
959 2699 1114 2782 quamuis
1137 2699 1292 2764 diuersae
1316 2699 1382 2763 rint
1399 2722 1429 2763 u.

622 2947 644 3029 ἓ
668 2948 698 3011 l.
723 2948 772 3013 De
794 2947 922 3014 mutuis
947 2945 1173 3030 petitionibus

312 3136 527 3193 Summarium.
546 3167 581 3179 -
604 3139 662 3191 172.
676 3139 744 3200 Quid
764 3141 820 3192 sint
833 3147 947 3194 mutuae
966 3141 1123 3208 petitiones.
1138 3169 1172 3186 -ι-
1188 3139 1246 3194 173,
1261 3139 1375 3201 Quando
1391 3143 1488 3192 mutua

402 3247 499 3314 petitio
518 3265 566 3300 seu
587 3249 764 3301 reconventio
777 3249 814 3301 sit
828 3249 984 3302 necessaria
1006 3249 1113 3300 -171,
1133 3247 1192 3301 Nou
1214 3248 1371 3302 admittitur
1391 3261 1488 3302 recon-

401 3353 494 3405 ventio
514 3352 744 3405 reconventiouis
762 3381 800 3394 -·
822 3354 877 3406 175.
899 3353 1013 3412 Quando
1032 3352 1168 3411 habeatur
1189 3353 1316 3407 cumulus
1337 3354 1486 3407 actionum.

401 3489 436 3500 --
451 3460 507 3512 176.
522 3462 566 3512 An
580 3461 703 3514 actiones
717 3460 858 3514 cumulare
872 3462 1051 3529 permittatur
1065 3461 1124 3514 iuro
1138 3478 1197 3514 can.
1212 3489 1246 3502 -
1261 3461 1319 3516 177.
1335 3460 1487 3514 Discrimen

400 3565 472 3635 quud
491 3567 639 3619 intercedit
658 3568 733 3621 inter
751 3567 887 3621 actionem
908 3573 937 3620 et
955 3569 1154 3636 exceptionem.
1175 3596 1209 3608 -
1232 3568 1289 3620 178.
1308 3568 1351 3621 An
1376 3582 1488 3620 excom·

400 3669 542 3721 municato
568 3668 651 3722 liceat
676 3671 863 3724 reconvenire.
884 3699 917 3711 —
940 3671 997 3724 179.
1019 3669 1047 3723 ln
1072 3688 1187 3737 stimma,
1207 3673 1300 3724 omnia
1325 3670 1415 3725 media
1437 3672 1490 3724 im-

400 3775 579 3841 pugnationis
598 3775 685 3827 actori
700 3774 744 3828 vel
759 3791 805 3829 reo
820 3777 1008 3846 competentia
1020 3777 1189 3831 reducuntur
1202 3778 1235 3831 ad
1248 3780 1384 3844 actiones;
1397 3777 1487 3831 media

400 3875 567 3929 ‹lesensiouis
587 3893 633 3930 reo
651 3876 697 3929 rel
715 3878 803 3930 actori
823 3883 991 3946 comparata,
1010 3880 1047 3931 od
1067 3881 1251 3948 exceptiones.

403 4070 488 4146 172„
501 4070 632 4134 lluluae
656 4073 824 4155 petitiones
845 4072 914 4136 iure
939 4093 1072 4138 romano
1090 4109 1107 4122 ·
1126 4077 1299 4162 conceretio
1319 4082 1350 4141 et
1372 4095 1489 4164 recop-

310 4191 421 4256 ventio
448 4227 464 4238 -
490 4198 658 4273 vocautur,
675 4193 789 4276 quibus
813 4192 848 4258 fit
872 4200 906 4259 ut
931 4217 1005 4261 reus
1020 4198 1159 4262 vicissim
1176 4198 1294 4282 aliquid
1319 4198 1357 4263 ab
1374 4204 1488 4264 actore

310 4312 457 4378 obtinere
480 4316 611 4381 nitatur.
637 4319 723 4382 Ecce
751 4319 889 4392 enimsi
910 4325 1034 4404 emptor
1057 4327 1145 4406 petat
1169 4324 1215 4386 rei
1232 4321 1437 4389 traditionem
1451 4328 1487 4391 et

309 4437 459 4503 venditor
483 4441 623 4504 vicissim
647 4446 735 4524 petat
757 4444 852 4526 pretii
883 4443 1084 4524 solutionem,
1109 4447 1160 4510 vel
1185 4448 1211 4510 si
1243 4447 1337 4512 Caius
1363 4448 1488 4531 petita
