<?xml version="1.0" encoding="UTF-8"?>
<!DOCTYPE html PUBLIC "-//W3C//DTD XHTML 1.0 Transitional//EN"
    "http://www.w3.org/TR/xhtml1/DTD/xhtml1-transitional.dtd">
<html xmlns="http://www.w3.org/1999/xhtml" xml:lang="en" lang="en">
 <head>
  <title>
</title>
<meta http-equiv="Content-Type" content="text/html;charset=utf-8" />
  <meta name='ocr-system' content='tesseract 3.04.00' />
  <meta name='ocr-capabilities' content='ocr_page ocr_carea ocr_par ocr_line ocrx_word'/>
</head>
<body>
  <div class='ocr_page' id='page_1' title='image "./praelectionesin01legagoog_0472.png"; bbox 0 0 3350 5117; ppageno 0'>
   <div class='ocr_carea' id='block_1_1' title="bbox 285 319 939 385">
    <p class='ocr_par' dir='ltr' id='par_1_1' title="bbox 285 319 939 385">
     <span class='ocr_line' id='line_1_1' title="bbox 285 319 939 385; baseline 0.002 -3"><span class='ocrx_word' id='word_1_1' title='bbox 285 319 351 385; x_wconf 81' lang='lat'>470</span> <span class='ocrx_word' id='word_1_2' title='bbox 683 339 686 345; x_wconf 89' lang='lat'>·</span> <span class='ocrx_word' id='word_1_3' title='bbox 809 340 894 385; x_wconf 78' lang='lat' dir='ltr'>raas</span> <span class='ocrx_word' id='word_1_4' title='bbox 918 340 939 383; x_wconf 91' lang='lat'>1.</span> 
     </span>
    </p>
   </div>
   <div class='ocr_carea' id='block_1_2' title="bbox 285 458 1470 1791">
    <p class='ocr_par' dir='ltr' id='par_1_2' title="bbox 285 458 1468 1273">
     <span class='ocr_line' id='line_1_2' title="bbox 378 458 1467 547; baseline 0 -24"><span class='ocrx_word' id='word_1_5' title='bbox 378 458 412 544; x_wconf 85' lang='lat'>7)</span> <span class='ocrx_word' id='word_1_6' title='bbox 437 461 530 534; x_wconf 91' lang='lat' dir='ltr'>Pars,</span> <span class='ocrx_word' id='word_1_7' title='bbox 556 462 630 545; x_wconf 89' lang='lat' dir='ltr'>quia</span> <span class='ocrx_word' id='word_1_8' title='bbox 653 461 846 527; x_wconf 86' lang='lat' dir='ltr'>auctoritate</span> <span class='ocrx_word' id='word_1_9' title='bbox 870 461 982 526; x_wconf 91' lang='lat' dir='ltr'>iudicis</span> <span class='ocrx_word' id='word_1_10' title='bbox 1005 464 1236 547; x_wconf 78' lang='lat' dir='ltr'>interrogatur,</span> <span class='ocrx_word' id='word_1_11' title='bbox 1260 465 1390 527; x_wconf 86' lang='lat' dir='ltr'>tenetur</span> <span class='ocrx_word' id='word_1_12' title='bbox 1412 479 1467 524; x_wconf 78' lang='lat' dir='ltr'>re</span> 
     </span>
     <span class='ocr_line' id='line_1_3' title="bbox 286 584 1467 671; baseline 0 -23"><span class='ocrx_word' id='word_1_13' title='bbox 286 585 418 649; x_wconf 89' lang='lat' dir='ltr'>ritatem</span> <span class='ocrx_word' id='word_1_14' title='bbox 442 585 549 666; x_wconf 84' lang='lat' dir='ltr'>fateri,</span> <span class='ocrx_word' id='word_1_15' title='bbox 567 584 736 650; x_wconf 93' lang='lat' dir='ltr'>dummodo</span> <span class='ocrx_word' id='word_1_16' title='bbox 765 586 908 671; x_wconf 89' lang='lat' dir='ltr'>legitimo</span> <span class='ocrx_word' id='word_1_17' title='bbox 930 585 1024 649; x_wconf 92' lang='lat' dir='ltr'>modo</span> <span class='ocrx_word' id='word_1_18' title='bbox 1048 605 1068 650; x_wconf 91' lang='lat' dir='ltr'>a</span> <span class='ocrx_word' id='word_1_19' title='bbox 1089 586 1233 671; x_wconf 87' lang='lat' dir='ltr'>legitimo</span> <span class='ocrx_word' id='word_1_20' title='bbox 1249 586 1353 651; x_wconf 89' lang='lat' dir='ltr'>iudice</span> <span class='ocrx_word' id='word_1_21' title='bbox 1368 587 1467 649; x_wconf 90' lang='lat' dir='ltr'>inter-</span> 
     </span>
     <span class='ocr_line' id='line_1_4' title="bbox 286 710 1464 797; baseline -0.001 -24"><span class='ocrx_word' id='word_1_22' title='bbox 286 715 422 795; x_wconf 83' lang='lat' dir='ltr'>rogetur</span> <span class='ocrx_word' id='word_1_23' title='bbox 446 710 549 794; x_wconf 87' lang='lat' dir='ltr'>quoad</span> <span class='ocrx_word' id='word_1_24' title='bbox 566 711 652 775; x_wconf 86' lang='lat' dir='ltr'>lacta</span> <span class='ocrx_word' id='word_1_25' title='bbox 667 711 754 775; x_wconf 88' lang='lat' dir='ltr'>litem</span> <span class='ocrx_word' id='word_1_26' title='bbox 773 711 988 796; x_wconf 80' lang='lat' dir='ltr'>respicientia.</span> <span class='ocrx_word' id='word_1_27' title='bbox 1013 711 1046 776; x_wconf 90' lang='lat' dir='ltr'>Si</span> <span class='ocrx_word' id='word_1_28' title='bbox 1069 730 1133 775; x_wconf 93' lang='lat' dir='ltr'>non</span> <span class='ocrx_word' id='word_1_29' title='bbox 1150 711 1297 797; x_wconf 76' lang='lat' dir='ltr'>legitime</span> <span class='ocrx_word' id='word_1_30' title='bbox 1319 732 1376 778; x_wconf 91' lang='lat' dir='ltr'>seu</span> <span class='ocrx_word' id='word_1_31' title='bbox 1399 732 1464 776; x_wconf 87' lang='lat' dir='ltr'>non</span> 
     </span>
     <span class='ocr_line' id='line_1_5' title="bbox 285 834 1468 919; baseline -0.003 -20"><span class='ocrx_word' id='word_1_32' title='bbox 285 836 427 900; x_wconf 87' lang='lat' dir='ltr'>servatis</span> <span class='ocrx_word' id='word_1_33' title='bbox 452 834 573 919; x_wconf 88' lang='lat' dir='ltr'>regulis</span> <span class='ocrx_word' id='word_1_34' title='bbox 596 838 692 899; x_wconf 87' lang='lat' dir='ltr'>antea</span> <span class='ocrx_word' id='word_1_35' title='bbox 715 835 914 919; x_wconf 88' lang='lat' dir='ltr'>praestitutis</span> <span class='ocrx_word' id='word_1_36' title='bbox 937 835 1168 919; x_wconf 78' lang='lat' dir='ltr'>interrogetur,</span> <span class='ocrx_word' id='word_1_37' title='bbox 1184 838 1293 919; x_wconf 88' lang='lat' dir='ltr'>posset</span> <span class='ocrx_word' id='word_1_38' title='bbox 1311 836 1468 919; x_wconf 84' lang='lat' dir='ltr'>excipere</span> 
     </span>
     <span class='ocr_line' id='line_1_6' title="bbox 288 956 1468 1043; baseline 0 -23"><span class='ocrx_word' id='word_1_39' title='bbox 288 962 405 1021; x_wconf 85' lang='lat' dir='ltr'>contra</span> <span class='ocrx_word' id='word_1_40' title='bbox 421 956 548 1023; x_wconf 92' lang='lat' dir='ltr'>modum</span> <span class='ocrx_word' id='word_1_41' title='bbox 564 958 816 1043; x_wconf 85' lang='lat' dir='ltr'>interrogatorii,</span> <span class='ocrx_word' id='word_1_42' title='bbox 836 958 887 1021; x_wconf 80' lang='lat' dir='ltr'>vel</span> <span class='ocrx_word' id='word_1_43' title='bbox 910 957 1051 1022; x_wconf 87' lang='lat' dir='ltr'>abscisse</span> <span class='ocrx_word' id='word_1_44' title='bbox 1071 959 1312 1043; x_wconf 88' lang='lat' dir='ltr'>responsionem</span> <span class='ocrx_word' id='word_1_45' title='bbox 1328 976 1468 1043; x_wconf 83' lang='lat' dir='ltr'>negare;</span> 
     </span>
     <span class='ocr_line' id='line_1_7' title="bbox 289 1079 1468 1166; baseline 0 -21"><span class='ocrx_word' id='word_1_46' title='bbox 289 1079 346 1145; x_wconf 86' lang='lat' dir='ltr'>sed</span> <span class='ocrx_word' id='word_1_47' title='bbox 362 1086 469 1166; x_wconf 91' lang='lat' dir='ltr'>potest</span> <span class='ocrx_word' id='word_1_48' title='bbox 484 1083 580 1145; x_wconf 89' lang='lat' dir='ltr'>etiam</span> <span class='ocrx_word' id='word_1_49' title='bbox 596 1081 795 1164; x_wconf 90' lang='lat' dir='ltr'>respondere</span> <span class='ocrx_word' id='word_1_50' title='bbox 810 1083 949 1162; x_wconf 76' lang='lat' dir='ltr'>erasme,</span> <span class='ocrx_word' id='word_1_51' title='bbox 962 1082 1164 1146; x_wconf 83' lang='lat' dir='ltr'>mendacium</span> <span class='ocrx_word' id='word_1_52' title='bbox 1179 1081 1328 1146; x_wconf 81' lang='lat' dir='ltr'>evitando</span> <span class='ocrx_word' id='word_1_53' title='bbox 1344 1088 1377 1147; x_wconf 91' lang='lat' dir='ltr'>et</span> <span class='ocrx_word' id='word_1_54' title='bbox 1392 1102 1468 1146; x_wconf 89' lang='lat' dir='ltr'>con-</span> 
     </span>
     <span class='ocr_line' id='line_1_8' title="bbox 286 1206 882 1273; baseline 0.003 -3"><span class='ocrx_word' id='word_1_55' title='bbox 286 1206 458 1271; x_wconf 85' lang='lat' dir='ltr'>fessionem</span> <span class='ocrx_word' id='word_1_56' title='bbox 484 1208 669 1271; x_wconf 89' lang='lat' dir='ltr'>intentionis</span> <span class='ocrx_word' id='word_1_57' title='bbox 692 1207 882 1273; x_wconf 86' lang='lat' dir='ltr'>adversarii.</span> 
     </span>
    </p>

    <p class='ocr_par' dir='ltr' id='par_1_3' title="bbox 288 1330 1467 1541">
     <span class='ocr_line' id='line_1_9' title="bbox 377 1330 1467 1418; baseline 0.002 -22"><span class='ocrx_word' id='word_1_58' title='bbox 377 1330 410 1416; x_wconf 91' lang='lat'>8)</span> <span class='ocrx_word' id='word_1_59' title='bbox 433 1332 487 1397; x_wconf 84' lang='lat' dir='ltr'>Ex</span> <span class='ocrx_word' id='word_1_60' title='bbox 508 1332 605 1416; x_wconf 84' lang='lat' dir='ltr'>praxi</span> <span class='ocrx_word' id='word_1_61' title='bbox 629 1331 786 1396; x_wconf 87' lang='lat' dir='ltr'>hodierna</span> <span class='ocrx_word' id='word_1_62' title='bbox 802 1333 1017 1397; x_wconf 87' lang='lat' dir='ltr'>iuramentum</span> <span class='ocrx_word' id='word_1_63' title='bbox 1039 1353 1105 1397; x_wconf 93' lang='lat' dir='ltr'>non</span> <span class='ocrx_word' id='word_1_64' title='bbox 1119 1333 1203 1398; x_wconf 88' lang='lat' dir='ltr'>solet</span> <span class='ocrx_word' id='word_1_65' title='bbox 1218 1334 1304 1418; x_wconf 86' lang='lat' dir='ltr'>exigi</span> <span class='ocrx_word' id='word_1_66' title='bbox 1328 1353 1348 1397; x_wconf 91' lang='lat' dir='ltr'>a</span> <span class='ocrx_word' id='word_1_67' title='bbox 1370 1341 1467 1418; x_wconf 86' lang='lat' dir='ltr'>parte</span> 
     </span>
     <span class='ocr_line' id='line_1_10' title="bbox 288 1453 1426 1541; baseline 0.001 -22"><span class='ocrx_word' id='word_1_68' title='bbox 288 1457 528 1541; x_wconf 87' lang='lat' dir='ltr'>interrogaute;</span> <span class='ocrx_word' id='word_1_69' title='bbox 554 1456 696 1541; x_wconf 83' lang='lat' dir='ltr'>exigitur</span> <span class='ocrx_word' id='word_1_70' title='bbox 719 1460 835 1535; x_wconf 88' lang='lat' dir='ltr'>autem,</span> <span class='ocrx_word' id='word_1_71' title='bbox 861 1459 1087 1540; x_wconf 80' lang='lat' dir='ltr'>responsiones</span> <span class='ocrx_word' id='word_1_72' title='bbox 1110 1456 1201 1520; x_wconf 91' lang='lat' dir='ltr'>reddi</span> <span class='ocrx_word' id='word_1_73' title='bbox 1224 1457 1347 1521; x_wconf 83' lang='lat' dir='ltr'>iuratus</span> <span class='ocrx_word' id='word_1_74' title='bbox 1370 1453 1426 1541; x_wconf 85' lang='lat' dir='ltr'>(l).</span> 
     </span>
    </p>

    <p class='ocr_par' dir='ltr' id='par_1_4' title="bbox 294 1575 1470 1791">
     <span class='ocr_line' id='line_1_11' title="bbox 377 1575 1468 1663; baseline 0.001 -22"><span class='ocrx_word' id='word_1_75' title='bbox 377 1578 452 1643; x_wconf 77' lang='lat'>446.</span> <span class='ocrx_word' id='word_1_76' title='bbox 471 1578 761 1663; x_wconf 85' lang='lat' dir='ltr'>interrogatorium</span> <span class='ocrx_word' id='word_1_77' title='bbox 778 1581 912 1645; x_wconf 87' lang='lat' dir='ltr'>sortitur</span> <span class='ocrx_word' id='word_1_78' title='bbox 928 1600 1019 1643; x_wconf 93' lang='lat' dir='ltr'>suum</span> <span class='ocrx_word' id='word_1_79' title='bbox 1036 1575 1196 1654; x_wconf 84' lang='lat' dir='ltr'>eflectum,</span> <span class='ocrx_word' id='word_1_80' title='bbox 1213 1597 1273 1663; x_wconf 91' lang='lat' dir='ltr'>pro</span> <span class='ocrx_word' id='word_1_81' title='bbox 1289 1578 1468 1643; x_wconf 86' lang='lat' dir='ltr'>intentione</span> 
     </span>
     <span class='ocr_line' id='line_1_12' title="bbox 294 1704 1470 1791; baseline 0.002 -24"><span class='ocrx_word' id='word_1_82' title='bbox 294 1705 535 1789; x_wconf 80' lang='lat' dir='ltr'>interrogantis,</span> <span class='ocrx_word' id='word_1_83' title='bbox 549 1726 620 1769; x_wconf 87' lang='lat' dir='ltr'>cum</span> <span class='ocrx_word' id='word_1_84' title='bbox 639 1707 858 1790; x_wconf 85' lang='lat' dir='ltr'>interrogalus</span> <span class='ocrx_word' id='word_1_85' title='bbox 870 1725 910 1769; x_wconf 88' lang='lat' dir='ltr'>ea</span> <span class='ocrx_word' id='word_1_86' title='bbox 922 1705 1008 1769; x_wconf 85' lang='lat' dir='ltr'>sacta</span> <span class='ocrx_word' id='word_1_87' title='bbox 1021 1704 1150 1770; x_wconf 83' lang='lat' dir='ltr'>fatetur.</span> <span class='ocrx_word' id='word_1_88' title='bbox 1165 1724 1247 1789; x_wconf 88' lang='lat' dir='ltr'>quae</span> <span class='ocrx_word' id='word_1_89' title='bbox 1263 1706 1470 1791; x_wconf 86' lang='lat' dir='ltr'>interrogans</span> 
     </span>
    </p>
   </div>
   <div class='ocr_carea' id='block_1_3' title="bbox 288 1826 1469 1912">
    <p class='ocr_par' dir='ltr' id='par_1_5' title="bbox 288 1826 1469 1912">
     <span class='ocr_line' id='line_1_13' title="bbox 288 1826 1469 1912; baseline 0 -21"><span class='ocrx_word' id='word_1_90' title='bbox 288 1826 429 1910; x_wconf 87' lang='lat' dir='ltr'>probare</span> <span class='ocrx_word' id='word_1_91' title='bbox 453 1847 597 1912; x_wconf 86' lang='lat' dir='ltr'>congrue</span> <span class='ocrx_word' id='word_1_92' title='bbox 621 1828 793 1894; x_wconf 87' lang='lat' dir='ltr'>debuisset.</span> <span class='ocrx_word' id='word_1_93' title='bbox 817 1830 896 1893; x_wconf 83' lang='lat' dir='ltr'>Nam</span> <span class='ocrx_word' id='word_1_94' title='bbox 920 1827 1080 1893; x_wconf 87' lang='lat' dir='ltr'>confessio</span> <span class='ocrx_word' id='word_1_95' title='bbox 1103 1827 1182 1892; x_wconf 86' lang='lat' dir='ltr'>facit</span> <span class='ocrx_word' id='word_1_96' title='bbox 1202 1828 1331 1911; x_wconf 87' lang='lat' dir='ltr'>plenam</span> <span class='ocrx_word' id='word_1_97' title='bbox 1354 1826 1469 1912; x_wconf 86' lang='lat' dir='ltr'>proba·</span> 
     </span>
    </p>
   </div>
   <div class='ocr_carea' id='block_1_4' title="bbox 287 2003 1536 4524">
    <p class='ocr_par' dir='ltr' id='par_1_6' title="bbox 287 2003 1471 2395">
     <span class='ocr_line' id='line_1_14' title="bbox 287 2003 1468 2073; baseline 0.002 -19"><span class='ocrx_word' id='word_1_98' title='bbox 287 2003 376 2057; x_wconf 69' lang='lat' dir='ltr'>iudea</span> <span class='ocrx_word' id='word_1_99' title='bbox 393 2006 540 2073; x_wconf 65' lang='lat' dir='ltr'>delegatus</span> <span class='ocrx_word' id='word_1_100' title='bbox 558 2005 705 2057; x_wconf 81' lang='lat' dir='ltr'>destinabit</span> <span class='ocrx_word' id='word_1_101' title='bbox 724 2006 812 2057; x_wconf 85' lang='lat' dir='ltr'>alium</span> <span class='ocrx_word' id='word_1_102' title='bbox 833 2005 908 2058; x_wconf 86' lang='lat' dir='ltr'>diem</span> <span class='ocrx_word' id='word_1_103' title='bbox 926 2014 975 2057; x_wconf 83' lang='lat' dir='ltr'>aut</span> <span class='ocrx_word' id='word_1_104' title='bbox 994 2007 1107 2058; x_wconf 80' lang='lat' dir='ltr'>accedet</span> <span class='ocrx_word' id='word_1_105' title='bbox 1124 2006 1163 2057; x_wconf 77' lang='lat' dir='ltr'>ott</span> <span class='ocrx_word' id='word_1_106' title='bbox 1180 2006 1261 2060; x_wconf 85' lang='lat' dir='ltr'>illius</span> <span class='ocrx_word' id='word_1_107' title='bbox 1280 2007 1393 2057; x_wconf 87' lang='lat' dir='ltr'>domum</span> <span class='ocrx_word' id='word_1_108' title='bbox 1410 2020 1468 2056; x_wconf 78' lang='lat' dir='ltr'>une</span> 
     </span>
     <span class='ocr_line' id='line_1_15' title="bbox 292 2108 1471 2180; baseline -0.003 -16"><span class='ocrx_word' id='word_1_109' title='bbox 292 2128 356 2164; x_wconf 83' lang='lat' dir='ltr'>cum</span> <span class='ocrx_word' id='word_1_110' title='bbox 376 2111 555 2165; x_wconf 78' lang='lat' dir='ltr'>cancellario.</span> <span class='ocrx_word' id='word_1_111' title='bbox 571 2110 642 2164; x_wconf 87' lang='lat' dir='ltr'>Sana</span> <span class='ocrx_word' id='word_1_112' title='bbox 662 2112 854 2180; x_wconf 84' lang='lat' dir='ltr'>responsiones</span> <span class='ocrx_word' id='word_1_113' title='bbox 867 2111 949 2163; x_wconf 86' lang='lat' dir='ltr'>datae</span> <span class='ocrx_word' id='word_1_114' title='bbox 968 2112 1002 2163; x_wconf 90' lang='lat' dir='ltr'>ab</span> <span class='ocrx_word' id='word_1_115' title='bbox 1016 2111 1076 2179; x_wconf 86' lang='lat' dir='ltr'>ipsa</span> <span class='ocrx_word' id='word_1_116' title='bbox 1090 2115 1168 2179; x_wconf 91' lang='lat' dir='ltr'>parte</span> <span class='ocrx_word' id='word_1_117' title='bbox 1181 2109 1244 2179; x_wconf 90' lang='lat' dir='ltr'>plus</span> <span class='ocrx_word' id='word_1_118' title='bbox 1256 2109 1327 2163; x_wconf 89' lang='lat' dir='ltr'>lucis</span> <span class='ocrx_word' id='word_1_119' title='bbox 1338 2108 1471 2174; x_wconf 80' lang='lat' dir='ltr'>afferunt,</span> 
     </span>
     <span class='ocr_line' id='line_1_16' title="bbox 296 2214 1467 2287; baseline 0 -18"><span class='ocrx_word' id='word_1_120' title='bbox 296 2214 379 2285; x_wconf 85' lang='lat' dir='ltr'>eique</span> <span class='ocrx_word' id='word_1_121' title='bbox 399 2215 470 2284; x_wconf 92' lang='lat' dir='ltr'>parti</span> <span class='ocrx_word' id='word_1_122' title='bbox 491 2214 564 2269; x_wconf 88' lang='lat' dir='ltr'>aliae</span> <span class='ocrx_word' id='word_1_123' title='bbox 590 2233 626 2269; x_wconf 76' lang='lat' dir='ltr'>ex</span> <span class='ocrx_word' id='word_1_124' title='bbox 652 2216 739 2287; x_wconf 75' lang='lat' dir='ltr'>officio</span> <span class='ocrx_word' id='word_1_125' title='bbox 765 2216 892 2269; x_wconf 81' lang='lat' dir='ltr'>faciliore</span> <span class='ocrx_word' id='word_1_126' title='bbox 912 2216 993 2268; x_wconf 90' lang='lat' dir='ltr'>modo</span> <span class='ocrx_word' id='word_1_127' title='bbox 1016 2216 1044 2269; x_wconf 92' lang='lat' dir='ltr'>in</span> <span class='ocrx_word' id='word_1_128' title='bbox 1065 2215 1251 2269; x_wconf 83' lang='lat' dir='ltr'>incontinenti</span> <span class='ocrx_word' id='word_1_129' title='bbox 1268 2215 1329 2268; x_wconf 88' lang='lat' dir='ltr'>fieri</span> <span class='ocrx_word' id='word_1_130' title='bbox 1352 2220 1467 2283; x_wconf 87' lang='lat' dir='ltr'>possunt</span> 
     </span>
     <span class='ocr_line' id='line_1_17' title="bbox 291 2324 1328 2395; baseline 0 -18"><span class='ocrx_word' id='word_1_131' title='bbox 291 2324 541 2393; x_wconf 80' lang='lat' dir='ltr'>interrogationes3</span> <span class='ocrx_word' id='word_1_132' title='bbox 561 2326 661 2395; x_wconf 90' lang='lat' dir='ltr'>quibus</span> <span class='ocrx_word' id='word_1_133' title='bbox 680 2331 844 2395; x_wconf 89' lang='lat' dir='ltr'>procurator</span> <span class='ocrx_word' id='word_1_134' title='bbox 862 2328 955 2379; x_wconf 78' lang='lat' dir='ltr'>forsan</span> <span class='ocrx_word' id='word_1_135' title='bbox 973 2327 1066 2379; x_wconf 84' lang='lat' dir='ltr'>facere</span> <span class='ocrx_word' id='word_1_136' title='bbox 1084 2325 1152 2378; x_wconf 90' lang='lat' dir='ltr'>satis</span> <span class='ocrx_word' id='word_1_137' title='bbox 1170 2342 1225 2378; x_wconf 92' lang='lat' dir='ltr'>non</span> <span class='ocrx_word' id='word_1_138' title='bbox 1244 2324 1328 2378; x_wconf 87' lang='lat' dir='ltr'>valet.</span> 
     </span>
    </p>

    <p class='ocr_par' dir='ltr' id='par_1_7' title="bbox 290 2428 1536 4524">
     <span class='ocr_line' id='line_1_18' title="bbox 380 2428 1470 2499; baseline -0.001 -16"><span class='ocrx_word' id='word_1_139' title='bbox 380 2430 420 2499; x_wconf 80' lang='lat' dir='ltr'>(l)</span> <span class='ocrx_word' id='word_1_140' title='bbox 440 2430 469 2483; x_wconf 92' lang='lat' dir='ltr'>lu</span> <span class='ocrx_word' id='word_1_141' title='bbox 490 2430 536 2483; x_wconf 90' lang='lat' dir='ltr'>cit.</span> <span class='ocrx_word' id='word_1_142' title='bbox 554 2431 610 2483; x_wconf 87' lang='lat' dir='ltr'>cod.</span> <span class='ocrx_word' id='word_1_143' title='bbox 626 2430 707 2499; x_wconf 91' lang='lat' dir='ltr'>Greg.</span> <span class='ocrx_word' id='word_1_144' title='bbox 727 2430 868 2498; x_wconf 83' lang='lat' dir='ltr'>sapienter</span> <span class='ocrx_word' id='word_1_145' title='bbox 887 2430 1085 2497; x_wconf 88' lang='lat' dir='ltr'>praescribitur</span> <span class='ocrx_word' id='word_1_146' title='bbox 1103 2429 1199 2482; x_wconf 87' lang='lat' dir='ltr'>modus</span> <span class='ocrx_word' id='word_1_147' title='bbox 1219 2428 1385 2497; x_wconf 80' lang='lat' dir='ltr'>provocandi</span> <span class='ocrx_word' id='word_1_148' title='bbox 1403 2445 1470 2483; x_wconf 87' lang='lat' dir='ltr'>con·</span> 
     </span>
     <span class='ocr_line' id='line_1_19' title="bbox 290 2532 1469 2603; baseline -0.003 -16"><span class='ocrx_word' id='word_1_149' title='bbox 290 2535 448 2599; x_wconf 84' lang='lat' dir='ltr'>sessionem,</span> <span class='ocrx_word' id='word_1_150' title='bbox 462 2536 490 2587; x_wconf 94' lang='lat' dir='ltr'>in</span> <span class='ocrx_word' id='word_1_151' title='bbox 507 2536 573 2588; x_wconf 83' lang='lat' dir='ltr'>Sect.</span> <span class='ocrx_word' id='word_1_152' title='bbox 588 2534 753 2603; x_wconf 85' lang='lat' dir='ltr'>Vinscripta</span> <span class='ocrx_word' id='word_1_153' title='bbox 767 2552 782 2585; x_wconf 73' lang='lat' dir='ltr'>a</span> <span class='ocrx_word' id='word_1_154' title='bbox 798 2532 876 2588; x_wconf 89' lang='lat' dir='ltr'>Delle</span> <span class='ocrx_word' id='word_1_155' title='bbox 890 2534 1021 2602; x_wconf 79' lang='lat' dir='ltr'>positioni</span> <span class='ocrx_word' id='word_1_156' title='bbox 1038 2533 1277 2603; x_wconf 88' lang='lat' dir='ltr'>ointerrogatorii</span> <span class='ocrx_word' id='word_1_157' title='bbox 1296 2532 1435 2601; x_wconf 87' lang='lat' dir='ltr'>giudiziali</span> <span class='ocrx_word' id='word_1_158' title='bbox 1451 2551 1469 2584; x_wconf 81' lang='lat'>›</span> 
     </span>
     <span class='ocr_line' id='line_1_20' title="bbox 296 2636 1467 2709; baseline -0.004 -16"><span class='ocrx_word' id='word_1_159' title='bbox 296 2640 424 2695; x_wconf 79' lang='lat' dir='ltr'>Art733</span> <span class='ocrx_word' id='word_1_160' title='bbox 442 2641 614 2695; x_wconf 88' lang='lat' dir='ltr'>decernitur:</span> <span class='ocrx_word' id='word_1_161' title='bbox 635 2642 842 2695; x_wconf 73' lang='lat' dir='ltr'>«Permittitur</span> <span class='ocrx_word' id='word_1_162' title='bbox 869 2642 915 2695; x_wconf 91' lang='lat' dir='ltr'>uni</span> <span class='ocrx_word' id='word_1_163' title='bbox 943 2645 972 2694; x_wconf 92' lang='lat' dir='ltr'>et</span> <span class='ocrx_word' id='word_1_164' title='bbox 999 2640 1081 2694; x_wconf 90' lang='lat' dir='ltr'>alteri</span> <span class='ocrx_word' id='word_1_165' title='bbox 1107 2638 1189 2709; x_wconf 88' lang='lat' dir='ltr'>parti,</span> <span class='ocrx_word' id='word_1_166' title='bbox 1209 2639 1399 2707; x_wconf 86' lang='lat' dir='ltr'>probationem</span> <span class='ocrx_word' id='word_1_167' title='bbox 1419 2636 1467 2689; x_wconf 87' lang='lat' dir='ltr'>de-</span> 
     </span>
     <span class='ocr_line' id='line_1_21' title="bbox 290 2746 1472 2817; baseline -0.003 -16"><span class='ocrx_word' id='word_1_168' title='bbox 290 2766 400 2804; x_wconf 86' lang='lat' dir='ltr'>sumere</span> <span class='ocrx_word' id='word_1_169' title='bbox 421 2750 557 2803; x_wconf 83' lang='lat' dir='ltr'>fectorum</span> <span class='ocrx_word' id='word_1_170' title='bbox 577 2766 677 2803; x_wconf 88' lang='lat' dir='ltr'>causae</span> <span class='ocrx_word' id='word_1_171' title='bbox 696 2750 894 2817; x_wconf 88' lang='lat' dir='ltr'>pertinentium</span> <span class='ocrx_word' id='word_1_172' title='bbox 914 2748 1114 2803; x_wconf 83' lang='lat' dir='ltr'>ecoulessione</span> <span class='ocrx_word' id='word_1_173' title='bbox 1133 2746 1256 2799; x_wconf 89' lang='lat' dir='ltr'>iudiciali</span> <span class='ocrx_word' id='word_1_174' title='bbox 1275 2746 1391 2799; x_wconf 88' lang='lat' dir='ltr'>alterius</span> <span class='ocrx_word' id='word_1_175' title='bbox 1407 2763 1472 2814; x_wconf 86' lang='lat' dir='ltr'>pnr-</span> 
     </span>
     <span class='ocr_line' id='line_1_22' title="bbox 292 2854 1470 2926; baseline -0.004 -17"><span class='ocrx_word' id='word_1_176' title='bbox 292 2858 328 2909; x_wconf 87' lang='lat' dir='ltr'>tis</span> <span class='ocrx_word' id='word_1_177' title='bbox 342 2874 367 2909; x_wconf 68' lang='lat' dir='ltr'>s.</span> <span class='ocrx_word' id='word_1_178' title='bbox 381 2858 443 2911; x_wconf 78' lang='lat' dir='ltr'>Art.</span> <span class='ocrx_word' id='word_1_179' title='bbox 456 2857 523 2911; x_wconf 79' lang='lat'><strong>737:</strong></span> <span class='ocrx_word' id='word_1_180' title='bbox 538 2874 553 2907; x_wconf 75' lang='lat' dir='ltr'>s</span> <span class='ocrx_word' id='word_1_181' title='bbox 567 2855 673 2911; x_wconf 86' lang='lat' dir='ltr'>ludices</span> <span class='ocrx_word' id='word_1_182' title='bbox 693 2873 807 2926; x_wconf 86' lang='lat' dir='ltr'>pensare</span> <span class='ocrx_word' id='word_1_183' title='bbox 826 2856 930 2911; x_wconf 88' lang='lat' dir='ltr'>debent</span> <span class='ocrx_word' id='word_1_184' title='bbox 948 2872 982 2909; x_wconf 86' lang='lat' dir='ltr'>au</span> <span class='ocrx_word' id='word_1_185' title='bbox 995 2857 1071 2908; x_wconf 84' lang='lat' dir='ltr'>taeta</span> <span class='ocrx_word' id='word_1_186' title='bbox 1088 2855 1117 2907; x_wconf 91' lang='lat' dir='ltr'>iu</span> <span class='ocrx_word' id='word_1_187' title='bbox 1136 2854 1352 2921; x_wconf 86' lang='lat' dir='ltr'>interrogatorio</span> <span class='ocrx_word' id='word_1_188' title='bbox 1370 2868 1470 2921; x_wconf 89' lang='lat' dir='ltr'>propo-</span> 
     </span>
     <span class='ocr_line' id='line_1_23' title="bbox 294 2958 1470 3031; baseline -0.003 -16"><span class='ocrx_word' id='word_1_189' title='bbox 294 2964 350 3017; x_wconf 88' lang='lat' dir='ltr'>sita</span> <span class='ocrx_word' id='word_1_190' title='bbox 360 2964 416 3016; x_wconf 89' lang='lat' dir='ltr'>sint</span> <span class='ocrx_word' id='word_1_191' title='bbox 426 2963 628 3017; x_wconf 77' lang='lat' dir='ltr'>concludentis:</span> <span class='ocrx_word' id='word_1_192' title='bbox 643 2966 773 3031; x_wconf 89' lang='lat' dir='ltr'>poterunt</span> <span class='ocrx_word' id='word_1_193' title='bbox 786 2964 937 3016; x_wconf 82' lang='lat' dir='ltr'>reformare</span> <span class='ocrx_word' id='word_1_194' title='bbox 949 2960 1166 3029; x_wconf 86' lang='lat' dir='ltr'>interrogatoria</span> <span class='ocrx_word' id='word_1_195' title='bbox 1179 2964 1228 3012; x_wconf 88' lang='lat' dir='ltr'>aut</span> <span class='ocrx_word' id='word_1_196' title='bbox 1240 2958 1295 3011; x_wconf 88' lang='lat' dir='ltr'>alia</span> <span class='ocrx_word' id='word_1_197' title='bbox 1307 2960 1470 3027; x_wconf 80' lang='lat' dir='ltr'>subrogare,</span> 
     </span>
     <span class='ocr_line' id='line_1_24' title="bbox 292 3065 1471 3140; baseline -0.004 -18"><span class='ocrx_word' id='word_1_198' title='bbox 292 3086 366 3140; x_wconf 85' lang='lat' dir='ltr'>quae</span> <span class='ocrx_word' id='word_1_199' title='bbox 385 3070 584 3139; x_wconf 88' lang='lat' dir='ltr'>opportuniora</span> <span class='ocrx_word' id='word_1_200' title='bbox 610 3084 669 3122; x_wconf 89' lang='lat' dir='ltr'>esse</span> <span class='ocrx_word' id='word_1_201' title='bbox 688 3068 897 3123; x_wconf 76' lang='lat' dir='ltr'>arbitrentur».</span> <span class='ocrx_word' id='word_1_202' title='bbox 917 3070 977 3120; x_wconf 84' lang='lat' dir='ltr'>Art.</span> <span class='ocrx_word' id='word_1_203' title='bbox 996 3067 1065 3120; x_wconf 76' lang='lat'>741:</span> <span class='ocrx_word' id='word_1_204' title='bbox 1084 3084 1101 3119; x_wconf 88' lang='lat'><strong>‹</strong></span> <span class='ocrx_word' id='word_1_205' title='bbox 1114 3067 1144 3119; x_wconf 92' lang='lat' dir='ltr'>ln</span> <span class='ocrx_word' id='word_1_206' title='bbox 1163 3065 1207 3119; x_wconf 90' lang='lat' dir='ltr'>die</span> <span class='ocrx_word' id='word_1_207' title='bbox 1226 3065 1379 3120; x_wconf 86' lang='lat' dir='ltr'>constituta</span> <span class='ocrx_word' id='word_1_208' title='bbox 1396 3082 1471 3135; x_wconf 79' lang='lat' dir='ltr'>pars,</span> 
     </span>
     <span class='ocr_line' id='line_1_25' title="bbox 294 3171 1468 3245; baseline -0.004 -16"><span class='ocrx_word' id='word_1_209' title='bbox 294 3193 344 3245; x_wconf 88' lang='lat' dir='ltr'>per</span> <span class='ocrx_word' id='word_1_210' title='bbox 357 3193 395 3240; x_wconf 88' lang='lat' dir='ltr'>se,</span> <span class='ocrx_word' id='word_1_211' title='bbox 409 3178 490 3231; x_wconf 88' lang='lat' dir='ltr'>sistet</span> <span class='ocrx_word' id='word_1_212' title='bbox 501 3192 593 3230; x_wconf 87' lang='lat' dir='ltr'>coram</span> <span class='ocrx_word' id='word_1_213' title='bbox 614 3175 702 3229; x_wconf 87' lang='lat' dir='ltr'>iudice</span> <span class='ocrx_word' id='word_1_214' title='bbox 716 3176 897 3227; x_wconf 87' lang='lat' dir='ltr'>instructore:</span> <span class='ocrx_word' id='word_1_215' title='bbox 911 3174 1087 3243; x_wconf 86' lang='lat' dir='ltr'>respondebit</span> <span class='ocrx_word' id='word_1_216' title='bbox 1100 3190 1168 3243; x_wconf 90' lang='lat' dir='ltr'>pure</span> <span class='ocrx_word' id='word_1_217' title='bbox 1181 3178 1210 3237; x_wconf 86' lang='lat' dir='ltr'>et</span> <span class='ocrx_word' id='word_1_218' title='bbox 1222 3171 1386 3241; x_wconf 88' lang='lat' dir='ltr'>simpliciter</span> <span class='ocrx_word' id='word_1_219' title='bbox 1398 3174 1468 3225; x_wconf 91' lang='lat' dir='ltr'>arti·</span> 
     </span>
     <span class='ocr_line' id='line_1_26' title="bbox 295 3279 1469 3352; baseline -0.003 -18"><span class='ocrx_word' id='word_1_220' title='bbox 295 3280 367 3335; x_wconf 91' lang='lat' dir='ltr'>culis</span> <span class='ocrx_word' id='word_1_221' title='bbox 386 3280 476 3352; x_wconf 88' lang='lat' dir='ltr'>quoad</span> <span class='ocrx_word' id='word_1_222' title='bbox 488 3282 562 3334; x_wconf 88' lang='lat' dir='ltr'>iacta</span> <span class='ocrx_word' id='word_1_223' title='bbox 577 3280 793 3349; x_wconf 86' lang='lat' dir='ltr'>interrogatorio</span> <span class='ocrx_word' id='word_1_224' title='bbox 806 3280 963 3348; x_wconf 89' lang='lat' dir='ltr'>propositis,</span> <span class='ocrx_word' id='word_1_225' title='bbox 976 3284 1005 3333; x_wconf 88' lang='lat' dir='ltr'>et</span> <span class='ocrx_word' id='word_1_226' title='bbox 1017 3280 1081 3332; x_wconf 89' lang='lat' dir='ltr'>aliis</span> <span class='ocrx_word' id='word_1_227' title='bbox 1093 3296 1127 3333; x_wconf 83' lang='lat' dir='ltr'>ex</span> <span class='ocrx_word' id='word_1_228' title='bbox 1140 3280 1231 3332; x_wconf 85' lang='lat' dir='ltr'>officio</span> <span class='ocrx_word' id='word_1_229' title='bbox 1243 3296 1259 3331; x_wconf 90' lang='lat' dir='ltr'>a</span> <span class='ocrx_word' id='word_1_230' title='bbox 1272 3279 1362 3332; x_wconf 89' lang='lat' dir='ltr'>iudice</span> <span class='ocrx_word' id='word_1_231' title='bbox 1375 3282 1469 3348; x_wconf 89' lang='lat' dir='ltr'>requi-</span> 
     </span>
     <span class='ocr_line' id='line_1_27' title="bbox 294 3388 1536 3460; baseline -0.002 -17"><span class='ocrx_word' id='word_1_232' title='bbox 294 3391 364 3457; x_wconf 88' lang='lat' dir='ltr'>sitis,</span> <span class='ocrx_word' id='word_1_233' title='bbox 378 3392 443 3460; x_wconf 90' lang='lat' dir='ltr'>quin</span> <span class='ocrx_word' id='word_1_234' title='bbox 458 3389 579 3459; x_wconf 87' lang='lat' dir='ltr'>aliquam</span> <span class='ocrx_word' id='word_1_235' title='bbox 604 3389 681 3458; x_wconf 84' lang='lat' dir='ltr'>legat</span> <span class='ocrx_word' id='word_1_236' title='bbox 699 3391 829 3457; x_wconf 82' lang='lat' dir='ltr'>scriptam</span> <span class='ocrx_word' id='word_1_237' title='bbox 851 3390 1065 3457; x_wconf 87' lang='lat' dir='ltr'>responsionem,</span> <span class='ocrx_word' id='word_1_238' title='bbox 1084 3394 1113 3443; x_wconf 89' lang='lat' dir='ltr'>et</span> <span class='ocrx_word' id='word_1_239' title='bbox 1130 3390 1198 3460; x_wconf 89' lang='lat' dir='ltr'>quin</span> <span class='ocrx_word' id='word_1_240' title='bbox 1220 3390 1291 3444; x_wconf 88' lang='lat' dir='ltr'>alius</span> <span class='ocrx_word' id='word_1_241' title='bbox 1308 3390 1333 3443; x_wconf 90' lang='lat' dir='ltr'>ei</span> <span class='ocrx_word' id='word_1_242' title='bbox 1347 3388 1472 3452; x_wconf 82' lang='lat' dir='ltr'>assistat,</span> <span class='ocrx_word' id='word_1_243' title='bbox 1533 3408 1536 3412; x_wconf 63' lang='grc'>’</span> 
     </span>
     <span class='ocr_line' id='line_1_28' title="bbox 298 3494 1469 3565; baseline -0.003 -16"><span class='ocrx_word' id='word_1_244' title='bbox 298 3500 348 3549; x_wconf 88' lang='lat' dir='ltr'>aut</span> <span class='ocrx_word' id='word_1_245' title='bbox 367 3495 484 3549; x_wconf 87' lang='lat' dir='ltr'>consilio</span> <span class='ocrx_word' id='word_1_246' title='bbox 502 3495 581 3548; x_wconf 90' lang='lat' dir='ltr'>adsit.</span> <span class='ocrx_word' id='word_1_247' title='bbox 596 3494 711 3547; x_wconf 89' lang='lat' dir='ltr'>-Pars</span> <span class='ocrx_word' id='word_1_248' title='bbox 730 3512 800 3565; x_wconf 88' lang='lat' dir='ltr'>quae</span> <span class='ocrx_word' id='word_1_249' title='bbox 820 3494 958 3563; x_wconf 87' lang='lat' dir='ltr'>promovit</span> <span class='ocrx_word' id='word_1_250' title='bbox 972 3494 1218 3564; x_wconf 78' lang='lat' dir='ltr'>inter-rogatoriam</span> <span class='ocrx_word' id='word_1_251' title='bbox 1234 3511 1289 3547; x_wconf 94' lang='lat' dir='ltr'>non</span> <span class='ocrx_word' id='word_1_252' title='bbox 1307 3494 1390 3548; x_wconf 88' lang='lat' dir='ltr'>debet</span> <span class='ocrx_word' id='word_1_253' title='bbox 1408 3511 1469 3547; x_wconf 78' lang='lat' dir='ltr'>esse</span> 
     </span>
     <span class='ocr_line' id='line_1_29' title="bbox 300 3598 1470 3671; baseline -0.004 -18"><span class='ocrx_word' id='word_1_254' title='bbox 300 3616 430 3671; x_wconf 83' lang='lat' dir='ltr'>praesens</span> <span class='ocrx_word' id='word_1_255' title='bbox 440 3617 524 3670; x_wconf 93' lang='lat' dir='ltr'>quum</span> <span class='ocrx_word' id='word_1_256' title='bbox 536 3599 606 3653; x_wconf 88' lang='lat' dir='ltr'>idem</span> <span class='ocrx_word' id='word_1_257' title='bbox 623 3600 786 3669; x_wconf 89' lang='lat' dir='ltr'>proponitur</span> <span class='ocrx_word' id='word_1_258' title='bbox 799 3618 823 3655; x_wconf 73' lang='lat' dir='ltr'>a.</span> <span class='ocrx_word' id='word_1_259' title='bbox 841 3601 902 3652; x_wconf 82' lang='lat' dir='ltr'>Art.</span> <span class='ocrx_word' id='word_1_260' title='bbox 917 3601 1012 3652; x_wconf 61' lang='lat' dir='ltr'>tta«</span> <span class='ocrx_word' id='word_1_261' title='bbox 1026 3599 1109 3653; x_wconf 84' lang='lat' dir='ltr'>ludex</span> <span class='ocrx_word' id='word_1_262' title='bbox 1122 3617 1172 3668; x_wconf 88' lang='lat' dir='ltr'>per</span> <span class='ocrx_word' id='word_1_263' title='bbox 1190 3598 1387 3653; x_wconf 87' lang='lat' dir='ltr'>cancellarium</span> <span class='ocrx_word' id='word_1_264' title='bbox 1399 3598 1470 3650; x_wconf 86' lang='lat' dir='ltr'>scri·</span> 
     </span>
     <span class='ocr_line' id='line_1_30' title="bbox 294 3703 1471 3777; baseline -0.005 -16"><span class='ocrx_word' id='word_1_265' title='bbox 294 3708 349 3777; x_wconf 91' lang='lat' dir='ltr'>ptis</span> <span class='ocrx_word' id='word_1_266' title='bbox 361 3706 489 3762; x_wconf 86' lang='lat' dir='ltr'>exarabit</span> <span class='ocrx_word' id='word_1_267' title='bbox 502 3706 764 3775; x_wconf 84' lang='lat' dir='ltr'>interrogatorium;</span> <span class='ocrx_word' id='word_1_268' title='bbox 777 3706 852 3759; x_wconf 82' lang='lat' dir='ltr'>facta</span> <span class='ocrx_word' id='word_1_269' title='bbox 864 3707 1006 3759; x_wconf 88' lang='lat' dir='ltr'>mentione</span> <span class='ocrx_word' id='word_1_270' title='bbox 1018 3706 1182 3770; x_wconf 90' lang='lat' dir='ltr'>sententiae,</span> <span class='ocrx_word' id='word_1_271' title='bbox 1192 3721 1264 3774; x_wconf 91' lang='lat' dir='ltr'>quae</span> <span class='ocrx_word' id='word_1_272' title='bbox 1277 3703 1349 3758; x_wconf 89' lang='lat' dir='ltr'>istud</span> <span class='ocrx_word' id='word_1_273' title='bbox 1368 3703 1471 3773; x_wconf 85' lang='lat' dir='ltr'>probu-</span> 
     </span>
     <span class='ocr_line' id='line_1_31' title="bbox 295 3810 1471 3879; baseline -0.004 -12"><span class='ocrx_word' id='word_1_274' title='bbox 295 3814 352 3875; x_wconf 84' lang='lat' dir='ltr'>uit;</span> <span class='ocrx_word' id='word_1_275' title='bbox 365 3828 416 3867; x_wconf 91' lang='lat' dir='ltr'>uec</span> <span class='ocrx_word' id='word_1_276' title='bbox 431 3828 484 3865; x_wconf 95' lang='lat' dir='ltr'>non</span> <span class='ocrx_word' id='word_1_277' title='bbox 505 3810 640 3865; x_wconf 84' lang='lat' dir='ltr'>relativae</span> <span class='ocrx_word' id='word_1_278' title='bbox 660 3810 882 3865; x_wconf 88' lang='lat' dir='ltr'>denunciationis</span> <span class='ocrx_word' id='word_1_279' title='bbox 903 3812 994 3865; x_wconf 83' lang='lat' dir='ltr'>factae</span> <span class='ocrx_word' id='word_1_280' title='bbox 1016 3811 1087 3879; x_wconf 90' lang='lat' dir='ltr'>parti</span> <span class='ocrx_word' id='word_1_281' title='bbox 1108 3816 1272 3877; x_wconf 80' lang='lat' dir='ltr'>conventas,</span> <span class='ocrx_word' id='word_1_282' title='bbox 1289 3811 1402 3879; x_wconf 82' lang='lat' dir='ltr'>eiusque</span> <span class='ocrx_word' id='word_1_283' title='bbox 1424 3825 1471 3862; x_wconf 86' lang='lat' dir='ltr'>ro-</span> 
     </span>
     <span class='ocr_line' id='line_1_32' title="bbox 294 3917 1468 3989; baseline -0.003 -17"><span class='ocrx_word' id='word_1_284' title='bbox 294 3920 457 3989; x_wconf 89' lang='lat' dir='ltr'>sponsionis.</span> <span class='ocrx_word' id='word_1_285' title='bbox 472 3947 506 3960; x_wconf 90' lang='lat'>-·</span> <span class='ocrx_word' id='word_1_286' title='bbox 523 3918 649 3989; x_wconf 88' lang='lat' dir='ltr'>Scriptae</span> <span class='ocrx_word' id='word_1_287' title='bbox 667 3919 900 3987; x_wconf 82' lang='lat' dir='ltr'>interrogationes</span> <span class='ocrx_word' id='word_1_288' title='bbox 907 3926 936 3972; x_wconf 89' lang='lat' dir='ltr'>et</span> <span class='ocrx_word' id='word_1_289' title='bbox 949 3918 1141 3987; x_wconf 85' lang='lat' dir='ltr'>responsiones</span> <span class='ocrx_word' id='word_1_290' title='bbox 1153 3917 1285 3987; x_wconf 89' lang='lat' dir='ltr'>legentur</span> <span class='ocrx_word' id='word_1_291' title='bbox 1296 3917 1368 3986; x_wconf 87' lang='lat' dir='ltr'>parti</span> <span class='ocrx_word' id='word_1_292' title='bbox 1380 3917 1468 3970; x_wconf 91' lang='lat' dir='ltr'>inter-</span> 
     </span>
     <span class='ocr_line' id='line_1_33' title="bbox 296 4024 1471 4097; baseline -0.005 -16"><span class='ocrx_word' id='word_1_293' title='bbox 296 4032 411 4097; x_wconf 80' lang='lat' dir='ltr'>rogatae</span> <span class='ocrx_word' id='word_1_294' title='bbox 427 4044 489 4080; x_wconf 90' lang='lat' dir='ltr'>cum</span> <span class='ocrx_word' id='word_1_295' title='bbox 510 4026 744 4096; x_wconf 88' lang='lat' dir='ltr'>interpellatione,</span> <span class='ocrx_word' id='word_1_296' title='bbox 755 4030 786 4080; x_wconf 88' lang='lat' dir='ltr'>ut</span> <span class='ocrx_word' id='word_1_297' title='bbox 804 4026 928 4081; x_wconf 87' lang='lat' dir='ltr'>declaret</span> <span class='ocrx_word' id='word_1_298' title='bbox 945 4044 980 4079; x_wconf 88' lang='lat' dir='ltr'>an</span> <span class='ocrx_word' id='word_1_299' title='bbox 994 4024 1083 4079; x_wconf 88' lang='lat' dir='ltr'>adhuc</span> <span class='ocrx_word' id='word_1_300' title='bbox 1097 4025 1228 4094; x_wconf 87' lang='lat' dir='ltr'>persistat</span> <span class='ocrx_word' id='word_1_301' title='bbox 1240 4026 1270 4077; x_wconf 90' lang='lat' dir='ltr'>in</span> <span class='ocrx_word' id='word_1_302' title='bbox 1282 4024 1347 4076; x_wconf 87' lang='lat' dir='ltr'>data</span> <span class='ocrx_word' id='word_1_303' title='bbox 1358 4038 1471 4092; x_wconf 89' lang='lat' dir='ltr'>respon·</span> 
     </span>
     <span class='ocr_line' id='line_1_34' title="bbox 295 4131 1470 4205; baseline -0.004 -17"><span class='ocrx_word' id='word_1_304' title='bbox 295 4135 371 4188; x_wconf 90' lang='lat' dir='ltr'>sione</span> <span class='ocrx_word' id='word_1_305' title='bbox 391 4140 420 4188; x_wconf 91' lang='lat' dir='ltr'>et</span> <span class='ocrx_word' id='word_1_306' title='bbox 438 4150 472 4187; x_wconf 85' lang='lat' dir='ltr'>an</span> <span class='ocrx_word' id='word_1_307' title='bbox 494 4133 598 4205; x_wconf 86' lang='lat' dir='ltr'>aliquid</span> <span class='ocrx_word' id='word_1_308' title='bbox 617 4134 717 4189; x_wconf 83' lang='lat' dir='ltr'>addere</span> <span class='ocrx_word' id='word_1_309' title='bbox 736 4134 836 4190; x_wconf 88' lang='lat' dir='ltr'>debeat</span> <span class='ocrx_word' id='word_1_310' title='bbox 855 4139 905 4187; x_wconf 87' lang='lat' dir='ltr'>aut</span> <span class='ocrx_word' id='word_1_311' title='bbox 923 4134 1072 4202; x_wconf 84' lang='lat' dir='ltr'>corrigere.</span> <span class='ocrx_word' id='word_1_312' title='bbox 1084 4132 1113 4185; x_wconf 81' lang='lat' dir='ltr'>st</span> <span class='ocrx_word' id='word_1_313' title='bbox 1132 4132 1237 4204; x_wconf 90' lang='lat' dir='ltr'>aliquid</span> <span class='ocrx_word' id='word_1_314' title='bbox 1255 4131 1402 4185; x_wconf 85' lang='lat' dir='ltr'>adiicietur</span> <span class='ocrx_word' id='word_1_315' title='bbox 1420 4136 1470 4183; x_wconf 87' lang='lat' dir='ltr'>aut</span> 
     </span>
     <span class='ocr_line' id='line_1_35' title="bbox 291 4236 1469 4311; baseline -0.007 -15"><span class='ocrx_word' id='word_1_316' title='bbox 291 4243 458 4311; x_wconf 86' lang='lat' dir='ltr'>corrigatur,</span> <span class='ocrx_word' id='word_1_317' title='bbox 469 4242 601 4296; x_wconf 84' lang='lat' dir='ltr'>innuatur</span> <span class='ocrx_word' id='word_1_318' title='bbox 614 4242 641 4293; x_wconf 93' lang='lat' dir='ltr'>in</span> <span class='ocrx_word' id='word_1_319' title='bbox 656 4240 732 4295; x_wconf 88' lang='lat' dir='ltr'>calce</span> <span class='ocrx_word' id='word_1_320' title='bbox 746 4240 940 4304; x_wconf 87' lang='lat' dir='ltr'>instrumenti;</span> <span class='ocrx_word' id='word_1_321' title='bbox 954 4243 982 4294; x_wconf 90' lang='lat' dir='ltr'>et</span> <span class='ocrx_word' id='word_1_322' title='bbox 1001 4240 1086 4293; x_wconf 88' lang='lat' dir='ltr'>etiam</span> <span class='ocrx_word' id='word_1_323' title='bbox 1099 4238 1193 4292; x_wconf 88' lang='lat' dir='ltr'>addita</span> <span class='ocrx_word' id='word_1_324' title='bbox 1205 4238 1383 4309; x_wconf 84' lang='lat' dir='ltr'>perlegantur</span> <span class='ocrx_word' id='word_1_325' title='bbox 1396 4236 1469 4305; x_wconf 90' lang='lat' dir='ltr'>parti</span> 
     </span>
     <span class='ocr_line' id='line_1_36' title="bbox 290 4341 1472 4415; baseline -0.006 -15"><span class='ocrx_word' id='word_1_326' title='bbox 290 4364 354 4400; x_wconf 93' lang='lat' dir='ltr'>cum</span> <span class='ocrx_word' id='word_1_327' title='bbox 377 4346 473 4401; x_wconf 88' lang='lat' dir='ltr'>eadem</span> <span class='ocrx_word' id='word_1_328' title='bbox 498 4346 731 4415; x_wconf 87' lang='lat' dir='ltr'>interpellatione.</span> <span class='ocrx_word' id='word_1_329' title='bbox 751 4344 811 4414; x_wconf 89' lang='lat' dir='ltr'>ipsa</span> <span class='ocrx_word' id='word_1_330' title='bbox 831 4362 909 4415; x_wconf 87' lang='lat' dir='ltr'>pars,</span> <span class='ocrx_word' id='word_1_331' title='bbox 928 4344 1011 4398; x_wconf 83' lang='lat' dir='ltr'>iudex</span> <span class='ocrx_word' id='word_1_332' title='bbox 1035 4350 1063 4398; x_wconf 90' lang='lat' dir='ltr'>et</span> <span class='ocrx_word' id='word_1_333' title='bbox 1087 4343 1272 4399; x_wconf 89' lang='lat' dir='ltr'>cancellarius</span> <span class='ocrx_word' id='word_1_334' title='bbox 1295 4341 1472 4395; x_wconf 82' lang='lat' dir='ltr'>subscribent</span> 
     </span>
     <span class='ocr_line' id='line_1_37' title="bbox 292 4451 1266 4524; baseline -0.008 -16"><span class='ocrx_word' id='word_1_335' title='bbox 292 4459 351 4509; x_wconf 92' lang='lat' dir='ltr'>tum</span> <span class='ocrx_word' id='word_1_336' title='bbox 372 4454 581 4524; x_wconf 80' lang='lat' dir='ltr'>interrogator-ii</span> <span class='ocrx_word' id='word_1_337' title='bbox 601 4459 659 4508; x_wconf 89' lang='lat' dir='ltr'>tum</span> <span class='ocrx_word' id='word_1_338' title='bbox 679 4452 851 4507; x_wconf 89' lang='lat' dir='ltr'>additionum</span> <span class='ocrx_word' id='word_1_339' title='bbox 869 4452 1001 4521; x_wconf 88' lang='lat' dir='ltr'>scriptam</span> <span class='ocrx_word' id='word_1_340' title='bbox 1020 4451 1227 4506; x_wconf 88' lang='lat' dir='ltr'>attestationem</span> <span class='ocrx_word' id='word_1_341' title='bbox 1241 4468 1266 4501; x_wconf 77' lang='lat' dir='ltr'>s.</span> 
     </span>
    </p>
   </div>
   <div class='ocr_carea' id='block_1_5' title="bbox 0 0 1690 5117">
    <p class='ocr_par' dir='ltr' id='par_1_8' title="bbox 0 0 1690 5117">
     <span class='ocr_line' id='line_1_38' title="bbox 0 0 1690 5117; baseline 0 0"><span class='ocrx_word' id='word_1_342' title='bbox 0 0 1690 5117; x_wconf 95' lang='lat' dir='ltr'> </span> 
     </span>
    </p>
   </div>
  </div>
 </body>
</html>
