3350 5117
468 290 511 335 nn
536 288 675 337 merens
703 288 968 338 sconnsmsrrors
1241 272 1302 337 541

569 642 749 709 TITULUS
772 642 868 709 XIV.

416 872 468 919 DE
503 872 807 921 Racosarlouu
844 872 1016 919 IUDICIS

534 994 900 1048 QWMMQME

126 1184 342 1244 summarium.
359 1216 396 1229 -
414 1188 475 1243 545.
495 1188 652 1243 Recusatur
670 1188 752 1244 iudex
771 1191 856 1243 causat
874 1187 1046 1259 suspicionis,
1065 1188 1138 1244 unde
1156 1188 1216 1243 eius
1236 1188 1306 1243 indi-

214 1293 288 1347 cium
306 1293 441 1349 declinari
459 1293 528 1349 vult.
548 1323 582 1337 -
601 1295 662 1349 546.
682 1295 825 1357 Quaenam
844 1295 902 1349 siut
920 1312 1021 1350 causae
1040 1295 1206 1365 suspicionis
1223 1296 1252 1349 in
1264 1295 1307 1349 in·

213 1398 311 1454 dicem.
330 1428 365 1441 -
383 1400 444 1454 547.
463 1398 581 1461 Quinam
607 1399 690 1454 iudex
710 1400 797 1469 possit
824 1400 956 1455 recusari.
974 1428 1011 1441 -
1029 1400 1091 1454 548.
1106 1400 1307 1455 Recusationis

213 1508 404 1563 controversia
416 1508 591 1579 regulariter
608 1508 741 1563 definitur
755 1524 804 1577 per
823 1508 951 1563 arbitros
965 1508 1121 1561 lnnunntur
1133 1524 1213 1561 casus
1226 1524 1306 1563 exce-

213 1614 325 1685 ptionis.
337 1644 375 1657 -
386 1615 446 1671 549.
467 1614 551 1671 ludex
569 1632 638 1671 vero
656 1633 741 1687 quum
761 1617 858 1670 subest
875 1615 1029 1686 probabilis
1047 1616 1120 1671 ratio
1139 1616 1306 1685 suspicionis

216 1726 308 1793 potest
326 1740 343 1777 a
356 1723 503 1779 iudicando
515 1742 545 1779 se
557 1724 705 1793 abstinere,
720 1724 847 1796 quamvis
859 1722 987 1794 opposita
999 1724 1127 1794 exceptio
1140 1724 1306 1795 suspicionis

212 1829 330 1899 probata
348 1830 470 1891 nondum
483 1830 528 1897 sit,
548 1834 597 1884 aut
615 1831 709 1885 forsan
728 1830 850 1884 nondum
868 1830 905 1884 sit
923 1830 1041 1885 obiecta
1053 1859 1088 1872 -
1101 1831 1162 1885 550.
1182 1831 1306 1887 Effectus

213 1937 397 1991 renascitionis
414 1938 522 1991 iudicia.

211 2168 289 2233 545.
315 2168 398 2243 Quia
420 2166 590 2253 aliquando
606 2167 703 2233 iudex
726 2172 919 2253 potestesse
937 2168 990 2233 vel
1015 2169 1079 2241 uni,
1104 2168 1158 2234 vel
1174 2170 1305 2253 utrique

119 2291 319 2377 litigantium
342 2296 509 2377 suspectus
525 2293 558 2357 in
575 2292 669 2358 tituto
684 2291 743 2365 28,
760 2292 799 2357 L.
817 2292 865 2367 ΙΙ,
882 2291 923 2365 Χ,
940 2292 990 2357 De
1005 2291 1301 2375 appellationum,

117 2420 259 2483 cavetur
282 2417 379 2482 etiam
402 2416 452 2482 de
474 2416 750 2483 recreationibus.
780 2417 860 2481 Nam
896 2416 951 2481 hic
973 2415 1086 2481 titulus
1114 2414 1304 2481 inscribitur

118 2574 138 2587 -
164 2540 216 2605 De
240 2538 534 2623 appellationibus,
558 2540 826 2607 recusationibus
849 2545 880 2606 et
903 2538 1133 2607 relationibus.
1153 2576 1171 2589 -
1197 2540 1304 2605 Recu-

116 2662 201 2726 satio
225 2668 275 2727 est
294 2660 489 2744 «Eoeeeptio
505 2660 627 2726 iudicis
643 2662 877 2734 dedicatoria,
894 2680 932 2727 eo
949 2662 1042 2746 quod
1063 2662 1115 2743 eit,
1133 2681 1178 2727 ea
1197 2682 1303 2729 causa

98 2785 307 2879 ‘verisimili
339 2790 513 2868 simpectas
544 2805 574 2848 ».
608 2784 780 2850 Recusatio
805 2790 855 2849 est
884 2785 1022 2871 analoga
1045 2786 1227 2868 exceptioni
1252 2786 1301 2849 in-

113 2913 363 2998 competentius,
389 2911 445 2978 sed
469 2911 510 2975 ab
533 2912 597 2976 hae
620 2908 737 2991 differt,
754 2932 827 2976 oum
851 2913 1100 2997 incompetentia
1118 2917 1231 2997 tangat
1254 2914 1299 2976 iu·

112 3037 200 3103 dicis
219 3036 396 3120 publicam
417 3040 625 3119 potestatem,
642 3037 780 3119 suspicio
806 3034 920 3101 iudicis
938 3053 1136 3118 personum.
1153 3034 1302 3100 -Hinc

113 3130 266 3246 sequitur
297 3161 434 3227 iudicem
466 3158 578 3224 videre
601 3178 695 3243 posse
724 3158 764 3223 de
799 3160 991 3244 exceptione
1022 3158 1299 3244 incompetentius,

110 3305 183 3351 non
208 3304 288 3351 vero
312 3284 352 3349 de
377 3284 597 3358 recusatione;
626 3302 720 3348 secus
735 3287 819 3349 esset
841 3283 948 3349 iudea
962 3282 1000 3347 ia
1015 3302 1121 3349 causa
1139 3282 1299 3366 propriu.

109 3414 160 3512 ᾼῐ
192 3432 252 3497 pro
283 3410 500 3477 examinanda
530 3410 722 3494 exceptione
753 3410 966 3474 recusationis
996 3408 1119 3481 iudicis,
1151 3410 1300 3495 specialis

109 3534 316 3622 procedendi
339 3533 452 3600 modus
475 3537 679 3617 comparatus
703 3532 808 3598 estin
832 3551 907 3613 cop.
933 3532 983 3606 61,
1008 3531 1059 3597 De
1082 3533 1243 3615 appellat.
1267 3533 1302 3597 X

106 3658 171 3743 (ll,
191 3656 260 3743 28).
278 3659 451 3723 Recusatio
468 3661 516 3721 est
534 3656 683 3741 exceptio
700 3655 934 3726 declinatoria,
953 3674 1035 3738 quae
1050 3656 1188 3739 proponi
1204 3654 1300 3720 debet

105 3780 317 3865 regulariter
345 3780 452 3845 statim
484 3780 516 3843 in
541 3778 698 3863 principio
717 3768 895 3843 ‘instantiae
922 3779 1014 3843 iuxta
1037 3777 1123 3842 dicta
1150 3779 1299 3863 superius

103 3925 142 3969 n.
173 3902 260 3985 356,
284 3905 349 3970 imo
371 3909 447 3969 ante
463 3903 543 3967 alias
566 3902 773 3986 exceptiones
789 3900 956 3966 dilatorias
978 3904 1035 3965 aut
1051 3901 1297 3984 peremptorias,

104 4027 238 4113 quippe
262 4032 311 4093 est
333 4028 423 4094 hisce
446 4022 593 4093 omnibus
615 4024 864 4112 praeiudicialis.

205 4149 283 4215 546.
301 4150 424 4215 Causae
440 4148 629 4232 suspicionis
652 4148 684 4211 i'n
709 4148 780 4211 iure
797 4164 868 4209 ean.
893 4164 958 4208 non
982 4150 1056 4210 sunt
1079 4142 1229 4210 tentative
1245 4142 1296 4207 de

99 4271 319 4343 terminatae,
344 4268 400 4334 sed
429 4268 595 4335 commode
618 4267 729 4332 reduci
752 4272 886 4352 possunt
907 4264 949 4330 ad
972 4271 1040 4331 tres
1064 4266 1205 4330 rationes
1228 4283 1297 4349 spe-

97 4398 241 4461 ctantes
264 4412 388 4477 nempe,
