3350 5117
316 325 383 390 204
842 342 926 390 enas
949 342 972 389 1.
1050 336 1052 346 ’

315 462 503 540 cedentibus
533 467 567 528 et
595 463 714 546 aliquid
746 465 878 548 petitum
906 463 1131 530 obtinentibus.
1156 464 1251 528 Ratio
1278 467 1337 538 est,
1361 465 1437 548 quia
1459 465 1493 528 in

316 587 386 652 istis
407 586 587 653 actionibus
610 587 701 654 adest
723 608 892 653 commune
917 589 995 654 iuris
1014 588 1188 661 vinculum,
1206 609 1246 654 ex
1272 608 1334 673 qno
1356 589 1496 654 alicuius

317 712 366 775 rei
386 713 564 778 communis
586 733 644 778 seu
667 713 825 778 hactenns
849 735 914 779 non
938 714 1058 780 divisae
1074 719 1248 806 consortes
1270 719 1380 780 mutua
1408 716 1495 780 inter

315 860 353 905 se
383 841 579 926 obligatione
612 840 861 927 adstringuntur
894 841 935 922 ad
969 842 1100 926 petitam
1134 841 1322 908 divisionem
1350 843 1494 930 legitimo

317 966 409 1030 modo
440 965 678 1033 admittendam.
702 966 843 1032 Istorum
866 967 1027 1031 actionum
1051 965 1176 1040 iudicia,
1201 968 1235 1030 in
1265 966 1379 1050 quibus
1400 973 1495 1033 actor

316 1093 367 1153 est
389 1090 493 1170 simul,
517 1090 576 1155 sub
598 1089 727 1156 diverso
749 1095 893 1175 aspectu,
910 1090 1005 1154 etiam
1029 1109 1115 1162 reus,
1140 1095 1271 1154 atreus
1294 1095 1343 1156 est
1366 1091 1492 1158 insimul

315 1217 419 1285 actor,
436 1211 588 1278 dicuntur
603 1213 764 1295 duplicia,
782 1231 864 1296 quae
881 1212 997 1279 indicia
1020 1213 1053 1276 in
1076 1212 1256 1279 actionibus
1271 1234 1494 1300 supramemo·
1600 1260 1602 1269 ‚
1673 1199 1674 1208 ἵ

318 1338 398 1402 ratis
421 1343 496 1402 sunt
517 1339 708 1403 necessario
732 1338 873 1424 duplicia
895 1359 952 1404 seu
976 1339 1284 1406 reconventionalia.

397 1464 540 1568 Qs
573 1466 781 1568 Qntio
805 1485 871 1528 non
902 1469 951 1529 est
981 1465 1183 1538 necessaria,
1207 1465 1263 1557 sed
1287 1472 1493 1550 opportuno,

316 1587 435 1682 quippe
458 1607 540 1678 quae
556 1585 656 1654 efficit
670 1594 705 1652 ut
721 1561 830 1680 coram
849 1587 961 1654 eodem
976 1587 1090 1660 iudice.
1104 1607 1167 1654 uno
1184 1588 1252 1653 solo
1268 1589 1398 1664 iudicio,
1412 1589 1495 1654 ‹luae

315 1709 461 1774 actiones
483 1709 676 1775 iudicialiter
702 1709 921 1784 absolvantur,
940 1713 973 1773 et
995 1711 1135 1774 maxime
1158 1710 1191 1773 in
1215 1711 1408 1776 executione
1433 1712 1497 1775 ovi·

316 1837 427 1898 tentur
450 1833 580 1912 inutiles
604 1834 758 1899 circuitus
779 1836 915 1918 operata
936 1833 969 1896 ri
993 1835 1173 1898 sententiae
1195 1833 1248 1916 vel
1271 1834 1390 1898 iurinm
1414 1855 1497 1899 com·

319 1959 516 2042 pensatione,
533 1958 585 2022 vel
603 1957 788 2022 eorumdem
811 1956 959 2021 faciliore
978 1977 1035 2022 seu
1051 1956 1269 2022 commodiore
1292 1959 1494 2024 executione.

409 2083 483 2147 174.
508 2076 633 2148 Verum
665 2102 728 2148 non
759 2082 938 2147 admittitur
967 2085 1181 2150 reconventio
1213 2085 1511 2160 reconventionis..

319 2225 361 2270 ne
385 2207 477 2270 nimis
508 2206 670 2290 implicata
705 2206 821 2271 evadat
850 2225 967 2271 causae
998 2209 1157 2280 tractatio,
1188 2229 1206 2270 ‹
1235 2229 1307 2273 cum
1332 2211 1364 2273 in
1388 2211 1497 2276 multis

319 2333 399 2396 iuris
426 2333 573 2397 articulis
604 2329 746 2396 infinitas
777 2330 973 2417 reprobatur
989 2351 1020 2408 ›;
1046 2333 1091 2396 uti
1114 2331 1253 2398 advertit
1286 2353 1360 2417 cap.
1385 2332 1418 2407 3,
1444 2333 1498 2401 Dc

318 2458 471 2540 rescript.
489 2459 526 2521 in
542 2457 565 2521 6
588 2456 626 2540 (1.
644 2457 697 2538 3);
721 2458 796 2521 item
821 2456 862 2521 ci.
889 2456 1038 2522 eiusdem
1063 2457 1108 2522 tit.
1126 2476 1199 2539 cap.
1217 2456 1251 2522 3.
1268 2457 1400 2523 -Hoc
1425 2479 1497 2522 cum

319 2582 481 2646 communi
512 2599 666 2664 expresse
696 2579 813 2644 docent
845 2575 1065 2661 Reiffenstuel,
1090 2580 1136 2645 tit.
1160 2579 1211 2646 De
1232 2586 1313 2644 mut.
1336 2581 1441 2664 petit,
1466 2587 1498 2646 et

320 2705 443 2775 Devoti,
468 2705 550 2769 last.
583 2712 674 2769 cerro.¹
693 2704 740 2768 tit.
771 2703 822 2768 De
852 2708 934 2768 mut.
961 2706 1041 2785 pet,
1074 2707 1107 2766 et
1138 2701 1327 2788 Pellegrini,
1359 2722 1412 2787 op.
1443 2705 1498 2770 cit.¹

319 2829 415 2894 Part.
440 2829 488 2901 II,
514 2828 598 2894 Sect.
623 2825 649 2900 Ι,
676 2828 847 2892 Intersect.
875 2827 928 2900 VI,
953 2825 987 2891 3.

408 2951 522 3017 Actori
547 2951 699 3035 competit
714 2950 858 3034 legitima
875 2948 1029 3031 defensio,
1043 2951 1089 3015 uti
1108 2967 1169 3036 par
1186 2954 1244 3020 est,
1262 2947 1418 3016 adversus
1434 2971 1500 3015 mn-

318 3082 405 3142 tuam
430 3077 478 3140 rei
503 3077 687 3160 petitionem
711 3081 744 3140 et
771 3073 993 3159 quodcumque
1024 3077 1222 3160 exceptionis
1252 3093 1364 3160 genus,
1390 3075 1497 3160 pronti

317 3206 473 3287 suggerat
495 3218 604 3274 casus;
629 3198 686 3265 sed
708 3218 824 3262 novam
853 3197 1052 3262 instaurandi
1083 3199 1244 3264 actionem
1276 3199 1499 3264 reconventio-

320 3324 425 3388 nalem
450 3324 499 3388 ius
523 3343 587 3387 non
612 3322 773 3408 competit.
798 3320 1031 3404 Siquidemuti
1055 3325 1143 3386 notat
1168 3321 1280 3386 Devoti
1304 3323 1326 3387 l.
1351 3341 1378 3388 c.
1402 3343 1436 3387 o.
1462 3321 1497 3390 3.

322 3451 496 3512 «mutuae
513 3446 687 3528 petitionis
709 3445 787 3530 fiais
810 3450 860 3510 est
883 3445 1111 3526 compensatio
1129 3465 1158 3519 a,
1172 3465 1254 3529 quae
1282 3447 1455 3511 invocatur
1479 3466 1499 3511 a

320 3590 377 3635 reo
401 3569 557 3636 adversus
580 3570 764 3654 petitionem
788 3570 918 3640 actoris,
933 3568 1038 3634 eidem
1064 3569 1253 3655 opponendo
1282 3570 1377 3634 aliam
1402 3571 1501 3634 actio-

319 3717 392 3762 nem
416 3703 571 3762 mutaom
594 3715 651 3759 seu
675 3692 857 3759 ordinatam
882 3695 914 3758 in
938 3713 1069 3779 scopum
1093 3693 1298 3760 defensionis.
1317 3731 1361 3746 -
1376 3695 1499 3760 lui-ium

319 3821 537 3907 compensatio
553 3818 741 3883 decernitur
764 3818 797 3882 in
821 3820 985 3882 sententia
1008 3817 1132 3882 iudicis.

410 3943 523 4033 lictori
546 3961 626 4038 yero
649 3961 715 4005 non
739 3941 770 4005 in
795 3942 848 4004 via
871 3939 1158 4008 reconventionoli
1174 3939 1229 4007 sed
1252 3940 1311 4006 sub
1335 3941 1427 4006 initio
1451 3941 1499 4004 iu-

319 4065 394 4130 dicii
418 4066 615 4150 permittitur
638 4063 809 4148 aliquando
833 4065 944 4149 plures
969 4063 1136 4129 cumulare
1158 4065 1312 4130 actiones.
1331 4063 1499 4138 Quomodo

321 4188 384 4251 hoc
406 4184 478 4251 fieri
500 4189 609 4271 possit,
633 4185 772 4250 dilucide
795 4183 1023 4270 explicandum
1047 4191 1105 4250 est.

413 4307 484 4371 175.
513 4305 675 4400 cornutos
698 4309 860 4372 actionum
891 4303 1185 4390 habetu1·,quand0
1214 4310 1308 4370 actor
1330 4305 1364 4369 in
1387 4303 1499 4370 libello

320 4429 387 4495 litis
409 4428 625 4494 introductivo
641 4448 707 4492 non
723 4446 818 4492 unam
836 4434 961 4493 tantum
977 4428 1138 4518 P.‘³tti„fi.0¹.¹i⁸
1153 4447 1283 4518 causam
1307 4427 1364 4493 sed
1388 4426 1500 4526 RQ
