3350 5117
327 296 393 361 426
855 316 939 363 raas
964 316 976 363 1

326 437 577 503 declarationem
593 438 818 523 praeiudicare
835 439 897 503 iuri
915 458 983 511 suo,
1001 459 1159 523 casuque
1182 442 1216 505 in
1231 441 1372 507 decursu
1387 462 1504 507 causae

325 571 500 651 appareret
515 566 596 650 quod
614 567 678 631 alia
693 587 747 633 res
762 566 816 632 vel
840 568 944 630 maior
961 588 1085 631 summa
1100 568 1159 633 sibi
1175 568 1340 636 debeatur.
1358 568 1406 637 Cf.
1425 570 1504 635 Pel-

326 692 443 777 legrini
466 710 519 775 op.
545 692 597 757 cii.
621 691 643 773 ἓ
667 692 714 765 ΙΙ,
741 689 826 757 Seri.
851 690 879 766 Ι,
903 691 992 758 suos.
1017 693 1046 774 Ι,
1069 713 1103 757 η.
1129 693 1161 758 7.

414 812 488 877 399.
508 815 558 877 Ex
572 812 657 896 facti
672 814 863 877 narratione
879 812 974 878 debet
997 814 1087 879 clare
1111 813 1226 880 deduci
1249 832 1354 880 causa
1377 816 1504 902 petendi

324 958 381 1003 seu
413 939 498 1005 actio
504 959 517 1021 ,·
541 944 648 1003 tamen
679 958 745 1002 non
777 943 826 1003 est
858 958 993 1003 necesse
1023 958 1140 1003 nomen
1171 940 1308 1005 actionis
1339 943 1504 1025 proprium

325 1062 469 1135 innuere,
488 1064 542 1128 sed
567 1062 685 1127 sufficit
708 1062 896 1147 adaequatis
919 1063 1029 1129 verbis
1045 1062 1230 1150 significare
1247 1068 1303 1137 ius,
1317 1085 1360 1129 ex
1376 1085 1438 1149 quo
1454 1086 1504 1151 pe

324 1188 419 1251 titur:
442 1208 484 1251 ex
503 1207 571 1273 cap.
594 1187 624 1269 6,
648 1188 743 1253 Alex.
766 1189 827 1259 ΙΙΙ,
861 1187 916 1253 De
939 1189 1028 1254 iud:
1048 1188 1299 1255 «Prouideaiis
1317 1226 1334 1238 -
1354 1192 1466 1273 inquit,
1485 1227 1502 1240 -

324 1312 490 1392 atlantica,
507 1332 550 1377 ae
564 1310 613 1376 ita
628 1311 802 1384 subtiliter,
819 1312 909 1377 sicut
931 1332 953 1375 a
977 1313 1093 1379 multis
1107 1314 1183 1399 fieri
1203 1316 1295 1395 solet,
1313 1315 1504 1381 cuiusmodi

323 1433 410 1500 actio
422 1434 603 1499 intentetur
618 1433 810 1518 inquiratis,
824 1436 883 1500 sed
895 1433 1095 1518 simpliciter
1110 1441 1237 1520 alpurc
1246 1436 1379 1519 faciarm
1390 1438 1504 1520 ipsam

323 1561 354 1621 et
376 1557 428 1622 rei
450 1557 624 1623 veritatem
647 1558 835 1623 secundum
850 1557 1003 1640 formam
1027 1578 1199 1625 canonum
1221 1565 1253 1625 et
1275 1556 1334 1623 SS.
1355 1560 1503 1625 Petram

322 1680 474 1746 instituta
497 1680 701 1766 inoestipare
724 1682 849 1747 curetis
873 1702 903 1745 ›.
934 1682 989 1747 lus
1011 1702 1082 1746 can.
1106 1682 1281 1767 abrogasse
1312 1683 1502 1751 subtilitates

322 1806 402 1871 iuris
427 1826 505 1870 rom.
532 1806 595 1871 hac
618 1805 657 1871 de
682 1826 717 1870 re
741 1806 907 1872 docuimus
930 1809 962 1871 in
988 1808 1079 1875 titulo
1103 1809 1146 1873 de
1169 1808 1366 1878 acconibus
1384 1811 1417 1874 in
1440 1830 1503 1894 quo

322 1928 418 1993 etiam
442 1929 641 1994 advertimus
663 1950 728 1994 non
752 1929 919 2015 prohiberi
943 1932 1118 1996 cumulum
1141 1931 1324 2007 achonum,
1346 1933 1431 1997 unde
1454 1935 1501 1998 iu·

322 2052 386 2117 dex
408 2072 472 2116 non
496 2058 600 2137 potest
624 2055 785 2139 repellere
801 2054 957 2136 libellum,
975 2056 1008 2119 in
1025 2076 1087 2139 quo
1103 2057 1193 2121 clare
1217 2062 1250 2121 et
1272 2055 1421 2122 distincte
1435 2056 1502 2141 plu·

321 2196 376 2242 res
398 2178 605 2242 continentur
628 2178 810 2263 petitiones,
828 2178 955 2263 quando
971 2202 1035 2245 uno
1052 2180 1168 2245 iudicio
1191 2180 1359 2246 commode
1374 2180 1500 2247 absolvi

320 2310 462 2388 possunt.

410 2430 485 2495 400.
512 2430 613 2495 ludex
632 2451 691 2515 per
706 2430 847 2496 oblatum
860 2430 1008 2497 libellum
1024 2434 1147 2497 certior
1169 2432 1242 2497 fieri
1258 2431 1353 2498 debet
1368 2433 1408 2498 de
1424 2436 1501 2520 peti-

243 2632 246 2637 ,
319 2554 406 2621 tione
422 2558 556 2631 actoris;
573 2554 789 2639 quamobrem,
807 2557 854 2620 uti
878 2562 969 2623 notat
985 2558 1098 2622 Devoti
1113 2555 1207 2642 (last.
1222 2578 1296 2624 aaa.
1312 2558 1381 2633 ΙΙΙ,
1399 2559 1446 2626 a't.
1462 2561 1497 2632 5,

319 2700 353 2743 a.
368 2678 415 2761 9),
432 2699 496 2744 una
512 2699 585 2745 cnm
601 2679 706 2744 oblato
719 2679 828 2745 libello
844 2681 878 2745 in
893 2681 975 2746 actis
987 2680 1136 2745 exbiberi
1149 2680 1268 2747 debent
1280 2682 1497 2767 probationes,

320 2803 432 2886 quibus
447 2805 558 2889 petitio
571 2806 719 2871 innititur
733 2804 909 2888 quibusque
921 2806 1089 2891 perpensis
1105 2806 1202 2872 iudex
1218 2806 1375 2874 decernet
1389 2813 1498 2873 utrum

319 2926 471 2991 instantia
494 2926 689 2992 admittenda
705 2928 754 2993 sit.
771 2962 815 2976 -
832 2927 903 2992 Hac
918 2928 1065 3000 admissa,
1083 2931 1190 2994 statim
1205 2950 1298 2995 suum
1315 2931 1499 3015 interponet

319 3049 538 3131 ministerium,
562 3056 597 3113 ut
627 3052 653 3115 si
684 3069 773 3115 suam
801 3051 929 3115 contra
943 3070 1036 3115 reum
1059 3052 1251 3137 probaverit
1275 3052 1495 3122 intentionem.

318 3179 411 3240 actor
432 3174 574 3239 obtineat
597 3175 679 3259 qnod
703 3176 762 3241 sibi
786 3178 866 3261 petit
881 3197 901 3241 a
918 3197 986 3241 reo.
1004 3177 1095 3243 Unde
1111 3180 1306 3245 auctoritate
1325 3199 1385 3244 sua
1400 3180 1497 3245 index

318 3304 413 3363 vocat
434 3299 517 3384 apud
542 3320 576 3363 se
600 3319 701 3368 reum,
719 3302 772 3383 qui
788 3302 986 3386 respondeat
1008 3303 1154 3386 petitioni
1176 3306 1315 3369 actoris:
1338 3304 1414 3369 talis
1436 3324 1493 3367 vo·

318 3424 403 3488 catio
419 3423 535 3489 dicitur
558 3426 594 3490 ia
617 3424 670 3490 ius
692 3426 822 3491 vocatio
848 3446 905 3491 seu
930 3426 1043 3493 citatio
1067 3426 1124 3513 (Ι).

406 3546 481 3611 401.
508 3548 545 3610 ln
569 3546 784 3613 decretalibus
808 3567 873 3611 non
889 3548 1029 3614 habetur
1051 3550 1200 3635 specialis
1222 3552 1334 3618 titulus
1353 3552 1396 3616 de
1420 3552 1495 3619 cita·

220 3668 223 3675 '
317 3671 415 3755 tione,
440 3679 475 3739 ut
497 3674 636 3739 habetur
658 3675 690 3738 in
716 3675 854 3761 Digestis
877 3676 990 3759 titulus
1012 3677 1062 3743 De
1085 3677 1123 3742 ia
1145 3678 1200 3744 ius
1227 3681 1382 3746 vocando
1407 3681 1494 3745 etin

318 3796 434 3863 Codice
449 3794 510 3862 sub
525 3796 644 3861 eadem
660 3795 811 3878 rubrica,
833 3796 890 3862 sed
907 3796 1011 3862 obiter
1034 3798 1074 3864 de
1090 3800 1241 3865 citatione
1257 3798 1293 3866 fit
1307 3802 1429 3868 mentio
1446 3823 1494 3867 ve

316 3920 375 3986 luti
390 3922 424 3984 in
440 3922 491 3984 cit.
502 3940 572 4004 cap.
584 3920 635 4000 19,
648 3918 698 3985 De
712 3919 791 4003 foro
803 3926 945 4004 compet.
956 3922 998 4002 X,
1011 3927 1044 3987 et
1060 3942 1089 3987 c.
1101 3923 1114 3987 Ι
1124 3924 1151 4005 l,
1165 3924 1215 3989 De
1226 3923 1493 4006 probationibus,

405 4114 444 4183 (l)
465 4112 516 4167 llic
536 4114 672 4166 naturalis
691 4130 834 4183 processus
853 4115 895 4168 ita
913 4116 1005 4169 obiter
1024 4100 1173 4186 exponitur
1191 4118 1221 4171 in
1234 4134 1292 4188 cap.
1310 4118 1353 4184 19,
1367 4121 1409 4175 De
1422 4121 1493 4173 Foro

316 4236 403 4289 comp.
415 4220 477 4273 lb«
491 4219 666 4289 Proposuisti
685 4222 761 4275 nobis
781 4222 856 4290 quod
874 4224 989 4292 quidam
1007 4224 1135 4277 subditus
1148 4232 1211 4278 tuus
1224 4228 1263 4279 ad
1273 4228 1436 4296 petitionem
1447 4245 1492 4281 cu·

314 4326 423 4378 iusdcrm
442 4325 601 4378 aduersarii
618 4326 662 4376 sui
674 4344 691 4377 a
708 4335 735 4379 te
752 4326 877 4395 lepitime
890 4328 988 4380 ciratus
1001 4329 1039 4381 ad
1052 4346 1174 4395 causam,
1186 4334 1251 4400 quia
1261 4334 1441 4401 menradum
1452 4334 1495 4385 iu-

316 4431 483 4485 risdictionis
502 4432 620 4484 alterius
639 4446 698 4484 esse
718 4433 817 4501 coepit,
838 4442 917 4486 tuum
937 4435 1056 4488 intendit
1082 4436 1217 4490 iudicium
1235 4438 1382 4493 declinere
1407 4443 1457 4493 eta
1470 4455 1496 4496 b.
