3350 5117
522 371 566 418 nn
590 370 729 418 leniens
753 368 1020 419 nccnesnisricrs
1294 346 1362 411 303

176 492 371 560 beneficium
393 493 613 562 restitutionis
636 495 674 560 in
696 493 880 581 inteprum,
897 513 960 577 quo
982 497 1084 565 actus,
1101 489 1142 555 ob
1157 507 1292 577 gravem
1308 508 1363 553 ex-

176 617 254 683 inde
270 618 413 685 habitam
435 619 619 692 laesionem,
635 619 764 705 penitus
780 618 1021 690 rescinduntur,
1039 617 1120 682 adeo
1136 623 1172 682 nt
1186 615 1294 680 omnia
1309 633 1360 679 re·

177 745 354 810 stitunntnr
377 746 411 810 in
434 746 602 829 pristinum
619 749 754 819 statum
779 748 925 829 quemvis
941 763 1003 809 nec
1019 744 1118 810 dotus
1132 760 1238 826 neque
1252 745 1363 807 metus

176 865 330 950 adiuerit,
354 869 467 933 saltem
498 887 561 933 non
586 888 625 934 ea
648 887 888 953 mensumque
913 867 987 932 inde
1010 868 1161 932 oriuntur
1182 869 1292 932 metus
1321 884 1362 930 aa

176 993 249 1059 doti
271 995 430 1062 actiones.
455 995 564 1070 Quare
585 994 623 1060 in
644 976 818 1080 inteprum
849 994 1026 1070 restitutio,
1050 1000 1100 1060 est
1126 993 1362 1060 «remedium

176 1120 266 1186 iuris
281 1119 601 1188 cuncordinarium
616 1139 682 1204 pua
706 1121 862 1206 praviter
886 1120 997 1186 laesus
1013 1138 1058 1185 eoa
1072 1117 1227 1184 naturali
1245 1116 1360 1202 aequi-

180 1249 247 1312 tate
264 1263 332 1328 per
354 1245 503 1331 officium
529 1245 651 1313 iudicis
673 1245 852 1312 reducitur
877 1244 916 1310 in
945 1263 1024 1310 eum
1054 1249 1180 1311 statum
1206 1243 1293 1310 iuris
1323 1242 1360 1309 in

178 1389 247 1456 quo
268 1370 387 1452 fumat
408 1375 486 1436 ante
509 1371 738 1438 laesionem».
764 1371 907 1436 Dicitur:

271 1492 303 1580 Ι)
331 1492 508 1558 remedium
532 1493 863 1567 extraordinarium,
878 1513 994 1578 nempe
1016 1512 1206 1558 concessum
1233 1493 1361 1577 quando

179 1623 312 1706 praesto
327 1639 391 1685 non
415 1621 479 1684 sint
501 1618 566 1684 elia
581 1617 725 1684 remedia
740 1618 925 1694 ordinarin;
944 1623 1058 1704 utpute
1073 1619 1161 1685 actio
1184 1624 1293 1684 metus
1307 1619 1361 1682 vet

180 1743 254 1812 doti
275 1763 390 1810 cauta.
415 1743 506 1810 Unde
530 1748 639 1809 monet
663 1749 683 1808 t.
708 1744 751 1808 16
772 1745 819 1828 ff„
837 1743 888 1810 De
910 1741 1080 1816 minotio,
1106 1745 1139 1806 in
1166 1762 1283 1807 censae
1306 1762 1361 1806 co-

179 1867 335 1952 gnitione,
360 1887 476 1952 nempe
505 1873 615 1932 utrum
645 1869 806 1935 restitutio
829 1869 872 1934 sit
895 1865 1111 1938 concedende,
1134 1866 1276 1930 maxime
1298 1864 1362 1930 hoc

180 2008 253 2054 osse
275 1988 522 2065 attendendum
548 2009 669 2056 <num
690 1989 780 2072 forte
804 1989 923 2074 atiquo
946 1988 1032 2055 actio
1051 1988 1160 2072 possit
1175 1993 1363 2071 competere

179 2113 267 2180 citra
290 2113 328 2178 in
349 2113 522 2199 inteprum
544 2113 790 2180 restitutionem
795 2131 810 2196 ,·
832 2132 917 2178 nam
932 2111 962 2178 si
977 2112 1152 2179 communi
1175 2111 1307 2178 oucttto
1331 2116 1362 2178 et

179 2259 276 2308 mero
299 2239 376 2307 iure
396 2241 550 2307 munitus
571 2241 624 2312 sit,
648 2260 719 2308 non
742 2239 837 2306 debet
860 2239 892 2306 ei
915 2237 1018 2305 tribui
1040 2238 1362 2305 entraordinarium
1434 2273 1437 2280 ,

179 2363 353 2430 auaitium
375 2365 595 2433 restitutionis
617 2365 655 2431 in
677 2365 852 2451 inteprum
868 2386 900 2429 ›.

269 2487 305 2574 2)
328 2487 524 2555 Conceditur
546 2486 609 2554 hoc
632 2487 810 2554 remedium
833 2487 875 2555 ob
899 2485 1081 2554 laesionem
1103 2503 1254 2571 proaem,
1279 2503 1362 2568 quae

180 2611 255 2676 talis
279 2611 439 2677 iudicatur
461 2613 596 2679 arbitrio
621 2612 700 2680 boni
722 2611 790 2678 oiri
813 2631 871 2677 seu
894 2610 1025 2676 discreti
1048 2609 1172 2682 iudicis,
1189 2614 1225 2675 ut
1247 2609 1363 2695 probat

180 2737 298 2802 Glossa
321 2740 354 2801 in
378 2755 453 2820 cap.
477 2737 496 2800 1
519 2737 549 2802 n.
568 2742 588 2802 t.
612 2737 646 2812 V,
670 2737 920 2804 Detrimentum
937 2771 954 2784 -
971 2736 1004 2801 id
1027 2735 1198 2801 desumens
1220 2755 1263 2799 ex
1286 2746 1360 2818 cap.

173 2863 309 2946 permit.
334 2861 387 2928 De
409 2862 478 2930 reb.
502 2864 592 2930 Ecet.
616 2863 727 2936 etiem,
753 2863 788 2927 X
816 2860 891 2948 (111,
923 2861 992 2946 13);
1025 2863 1094 2926 sive
1120 2860 1221 2925 laesio
1252 2861 1362 2945 gravis

179 2987 340 3053 acciderit
363 2986 436 3053 dolo
465 2988 654 3062 adversarii,
678 2991 747 3054 sive
779 2988 935 3054 acciderit
958 2987 1173 3072 imprudentia
1203 2986 1282 3052 laesi
1308 2987 1361 3051 rel

179 3112 405 3196 procuratoris
428 3111 634 3198 negligentia.
659 3112 741 3178 Nem
773 3113 800 3178 si
832 3130 909 3177 casu
939 3112 1068 3176 omnino
1099 3111 1233 3177 fortuito
1260 3130 1362 3195 grave

181 3234 333 3300 damnum
358 3236 513 3309 evenerit,
530 3240 643 3321 utputa
659 3236 685 3300 si
700 3255 756 3301 res
773 3241 881 3321 empta
896 3254 975 3301 casn
989 3239 1112 3320 pereat,
1129 3236 1228 3301 veluti
1244 3233 1362 3298 animal

180 3366 346 3427 mortuum
369 3364 419 3434 sit,
445 3363 638 3430 restitutioni
660 3361 751 3428 locus
774 3381 841 3427 non
865 3367 923 3427 est.

271 3483 348 3550 269.
374 3483 436 3550 Sed
460 3482 677 3567 quaerendum
694 3491 752 3557 est,
770 3504 812 3548 en
836 3483 982 3549 omnibus
1000 3483 1111 3548 taliter
1127 3484 1222 3547 laesis
1245 3501 1362 3548 conce-

180 3605 279 3672 datur
308 3606 488 3672 huiusmodi
520 3606 707 3672 remedium.
735 3643 779 3657 —
811 3609 960 3674 Iemvero
991 3627 1056 3671 non
1088 3606 1234 3673 omnibus
1259 3625 1363 3690 neque

180 3751 313 3818 semper
343 3729 540 3804 conceditur,
565 3731 621 3796 sed
651 3730 881 3804 tantummodo,
904 3733 950 3796 uti
972 3732 1156 3795 notavimus
1185 3731 1218 3793 in
1249 3728 1363 3794 defini·

180 3859 271 3925 tione
294 3877 341 3925 en
367 3857 523 3926 naturati
554 3857 732 3943 aequitate,
757 3859 804 3923 uti
835 3856 982 3923 decernit
1004 3856 1156 3922 Pontifex
1182 3857 1216 3920 in
1239 3875 1313 3939 cop.
1338 3855 1363 3922 3

182 3985 215 4050 e.
229 3991 251 4051 r.
264 3985 306 4066 x,
323 3981 583 4069 oecumenem
598 3965 755 4050 necteus
769 3982 923 4069 praviter
937 3982 1046 4056 taem,
1071 3982 1179 4046 aiens:
1202 3979 1362 4065 ‹Aequi-

182 4111 251 4173 tate
269 4109 427 4190 pensata,
450 4109 633 4190 utramque
655 4104 865 4170 restituimus
887 4124 919 4168 ›.

273 4231 374 4316 Atqui
397 4231 551 4316 aequitas
573 4229 693 4316 aliquid
717 4229 827 4295 iacere
851 4228 965 4295 suadet
995 4227 1035 4295 ob
1061 4227 1187 4295 iustam
1211 4246 1361 4302 causam,

181 4357 231 4424 uti
252 4373 313 4441 per
336 4374 372 4420 se
394 4360 493 4442 patet.
517 4354 608 4420 Haec
630 4353 715 4419 iuste
738 4372 835 4418 cause
851 4371 931 4418 vero
946 4352 1011 4418 alie
1026 4356 1075 4418 est
1090 4350 1282 4432 ordinaria,
1299 4349 1363 4414 alie

183 4479 479 4548 entraordinaria.
