3350 5117
508 298 551 345 us
576 298 714 345 runicus
739 298 1005 347 escuasrasrrcrs
1279 278 1343 343 143

166 426 267 493 nesta,
292 422 447 506 praestito
470 420 583 493 labori,
609 442 672 487 non
698 424 823 488 muneri
848 424 1087 509 proportionali
1112 421 1216 497 debet,
1241 443 1293 505 ne,
1309 429 1346 487 ut

165 544 307 629 loquitur
330 546 388 611 tem
406 564 424 607 ‹
443 546 589 631 Quisque
610 546 716 611 uult»
738 547 771 613 C.
797 547 843 613 tit.
861 548 911 613 De
927 548 1019 613 Past.
1036 566 1053 608 r
1071 546 1118 613 od
1139 551 1238 629 turpe
1253 564 1344 613 com·

161 668 343 750 pendium,
366 669 553 755 stipemque
576 668 766 753 deformem
792 670 875 736 haec
892 672 1087 755 arripiatur
1105 670 1236 737 occasio
1253 692 1284 733 ›.
1301 706 1345 719 -

165 790 217 855 Ad
241 795 368 875 turpem
393 796 562 875 quaestum
586 792 770 857 evitandum
795 794 901 857 solent
924 793 1007 879 apud
1030 792 1206 860 tribunalia
1229 792 1344 858 haberi

163 925 278 983 certae
301 918 534 985 determinatae
565 924 662 985 taram
692 940 751 1005 pro
783 920 920 1005 singulis
950 918 1075 985 actibus
1105 918 1344 983 advocatorum.

162 1042 235 1107 Gir.
260 1042 373 1107 Editio
400 1043 502 1109 Card.
530 1042 729 1109 Gumberiai
752 1045 809 1122 (de
834 1042 1029 1110 honorariis
1056 1040 1299 1124 aquigena.

262 1165 334 1230 lll.
353 1168 397 1231 nt
413 1164 554 1231 moribus
570 1168 786 1233 introductum
804 1174 853 1233 est
868 1169 1033 1252 pessimat
1049 1188 1112 1231 non
1131 1166 1347 1252 reprobentur

163 1288 317 1371 privatae
340 1288 515 1371 pactiones,
530 1288 698 1355 dummodo
722 1290 891 1373 quantitati
908 1294 940 1353 et
962 1289 1107 1372 qualitati
1126 1290 1235 1373 operis
1251 1295 1281 1354 et
1298 1289 1346 1353 la-

163 1412 255 1477 boris
280 1413 415 1497 impensi
440 1414 471 1478 in
488 1433 586 1479 causa
609 1416 672 1483 sint
687 1414 958 1479 accommodatae.
976 1413 1138 1479 Nonnulla
1156 1419 1250 1497 pacta
1273 1432 1345 1497 spe-

161 1538 263 1604 cialia
287 1538 455 1623 reprobari
480 1539 594 1603 solent.

260 1663 292 1749 l)
317 1664 448 1729 Pactum
464 1664 506 1729 de
517 1664 692 1747 palmaria
708 1664 835 1749 (nempe
851 1662 1012 1730 uictoriae
1027 1664 1133 1749 gratia
1147 1660 1274 1745 initum)
1290 1682 1346 1727 seu

161 1785 206 1849 de
220 1746 831 1871 extraordinanfflqiroemolumento
846 1787 932 1851 ultra
948 1786 1101 1850 salarium
1115 1786 1146 1849 in
1160 1803 1238 1849 casu
1250 1785 1348 1849 victo·

164 1913 238 1975 riae
261 1911 418 1977 advocato
442 1912 605 1985 solvendo,
630 1912 855 2009 PQQF·
880 1914 974 1977 Ratio
998 1912 1234 1997 reprobationis
1256 1911 1349 1977 adest

165 2034 198 2097 in
223 2033 372 2117 periculo
400 2052 441 2097 ne
464 2032 639 2098 advocatus
661 2032 702 2097 ob
724 2035 881 2097 vicariae
904 2032 1199 2097 extraordinarium
1230 2033 1349 2098 emolu·

165 2161 314 2221 mentum
330 2156 483 2220 incitetur
498 2155 538 2221 ad
555 2155 654 2237 dolos,
671 2156 802 2221 fraudes
819 2163 851 2221 et
865 2156 906 2221 ad
930 2156 994 2220 alia
1014 2156 1126 2220 illicita
1141 2154 1246 2219 media
1260 2152 1348 2218 adhi-

165 2277 288 2343 benda:
305 2298 368 2343 nec
383 2298 448 2343 non
465 2278 638 2343 timendum
655 2286 762 2346 estne
785 2278 931 2365 improbe
953 2280 1104 2344 clientem
1127 2278 1294 2363 adurgeat,
1319 2277 1349 2341 ei

164 2420 299 2469 causam
323 2404 517 2489 disparatam
534 2406 674 2469 omnium
698 2404 916 2471 difficillimam
941 2405 1122 2485 retrahens,
1148 2411 1183 2470 ut
1203 2404 1348 2469 eumdem

163 2528 301 2595 inducat
331 2530 372 2595 ad
395 2530 621 2616 paciscendum
654 2529 693 2595 de
713 2531 898 2613 putatoria.
923 2530 984 2595 Sed
1009 2530 1036 2593 si
1054 2528 1269 2612 palmarium
1292 2526 1348 2593 de-

165 2652 242 2717 bitis
254 2653 412 2717 limitibus
428 2654 640 2727 contineatur,
659 2658 708 2717 est
723 2653 880 2736 quaedam
896 2654 1020 2738 species
1036 2651 1146 2717 salarii
1162 2649 1245 2735 quod
1260 2649 1350 2715 abso

165 2778 235 2843 lute
251 2798 319 2843 non
335 2776 464 2843 videtur
479 2776 726 2862 reprobandum.
744 2776 791 2844 Ol.
811 2778 949 2863 Smalzg.
965 2778 1012 2843 tit.
1026 2776 1076 2841 De
1087 2781 1175 2859 past.
1192 2797 1226 2840 a.
1239 2774 1292 2841 13.

258 2902 293 2987 2)
320 2902 455 2966 Pactum
478 2902 520 2967 cte
543 2906 647 2985 quota
671 2901 747 2982 titis,
764 2921 821 2967 seu
838 2900 877 2965 de
893 2907 985 2966 certa
1000 2906 1094 2987 parte
1112 2902 1158 2964 rei
1176 2902 1208 2963 in
1232 2898 1350 2963 iudicio

164 3032 405 3093 controversae
429 3028 462 3091 in
485 3047 562 3092 casu
585 3028 742 3091 victoriae
766 3026 922 3093 advocato
945 3028 1126 3109 tribuenda,
1143 3029 1220 3115 item
1243 3027 1351 3113 prelii-

165 3150 276 3237 betur.
302 3188 343 3197 -
368 3150 442 3215 Hoc
464 3156 592 3235 pactum
616 3152 754 3235 antiquis
778 3152 920 3217 romanis
942 3151 1069 3237 legibus
1092 3158 1126 3218 et
1148 3152 1267 3216 nostris
1290 3151 1351 3217 fuit

165 3272 388 3345 interdictum,
408 3310 426 3321 -
443 3293 517 3361 arq.
544 3276 564 3339 t.
582 3276 604 3339 t.
619 3273 678 3349 53,
696 3274 745 3341 De
757 3276 871 3358 pactis
883 3278 931 3359 ff„
948 3282 979 3341 et
999 3277 1176 3343 Salarium
1197 3276 1350 3360 stition-

164 3402 252 3475 dact,
278 3402 453 3486 praecipue
478 3399 517 3465 ob
541 3401 801 3468 immodicitatem
825 3404 959 3467 istorum
983 3408 1160 3487 pactorum.

263 3526 298 3615 3)
324 3529 500 3593 Advocatis
523 3528 715 3615 prohibetur
734 3529 941 3611 pertempto,
967 3530 1064 3611 idest,
1089 3532 1208 3616 emptio
1229 3531 1351 3596 aliena-

167 3670 244 3715 rum
259 3650 375 3723 litium,
392 3650 497 3734 pretio
520 3649 671 3716 videlicet
687 3649 928 3725 intercedente;
945 3671 988 3716 ex
1011 3652 1032 3716 t.
1048 3652 1119 3717 Per
1142 3652 1295 3719 diuersas
1316 3654 1351 3719 C.

167 3775 342 3841 Mandati.
361 3810 405 3823 -
429 3774 523 3839 Ratio
548 3780 605 3857 est,
623 3795 664 3839 ne
686 3776 822 3840 actionis
838 3774 995 3841 iudicialis
1010 3781 1105 3861 turpe
1121 3772 1177 3840 fiat
1193 3796 1352 3841 commer-

170 3898 268 3963 cium.
283 3896 471 3961 Advocatus
487 3898 572 3961 enim
588 3898 745 3962 tricarum
762 3897 958 3963 iudicialium
975 3898 1227 3982 expertissimus,
1244 3899 1352 3964 omnia

168 4021 384 4107 experiretur
408 4026 443 4085 ut
465 4020 568 4085 malae
592 4040 718 4095 causae,
742 4042 845 4106 parvo
868 4024 972 4107 pretio
995 4028 1130 4107 emptae,
1154 4021 1352 4107 triumphum

169 4149 320 4230 agerent.
347 4142 427 4208 Inde
450 4140 528 4218 fluit,
545 4144 740 4230 prohibitum
765 4165 829 4209 non
853 4165 925 4210 esse
953 4144 1070 4211 cedere
1092 4146 1200 4220 alicui,
1226 4147 1285 4211 etsi
1302 4147 1354 4212 ad·

170 4270 299 4341 vocato,
317 4266 432 4331 causes
455 4268 523 4332 sire
545 4268 698 4341 actiones,
723 4267 849 4352 quando
873 4266 928 4332 fiat
952 4268 1124 4351 exaliqua
1148 4239 1352 4353 obligatione,

171 4394 250 4475 puta
273 4410 318 4456 ex
341 4396 541 4467 testamento,
562 4392 615 4457 vel
638 4391 756 4458 cedere
779 4412 893 4458 causus
916 4393 1045 4457 omnino
1068 4391 1214 4477 liquidas,
1233 4413 1285 4458 ex.
1302 4413 1353 4478 gr.
