<?xml version="1.0" encoding="UTF-8"?>
<!DOCTYPE html PUBLIC "-//W3C//DTD XHTML 1.0 Transitional//EN"
    "http://www.w3.org/TR/xhtml1/DTD/xhtml1-transitional.dtd">
<html xmlns="http://www.w3.org/1999/xhtml" xml:lang="en" lang="en">
 <head>
  <title>
</title>
<meta http-equiv="Content-Type" content="text/html;charset=utf-8" />
  <meta name='ocr-system' content='tesseract 3.04.00' />
  <meta name='ocr-capabilities' content='ocr_page ocr_carea ocr_par ocr_line ocrx_word'/>
</head>
<body>
  <div class='ocr_page' id='page_1' title='image "./praelectionesin01legagoog_0279.png"; bbox 0 0 3350 5117; ppageno 0'>
   <div class='ocr_carea' id='block_1_1' title="bbox 524 305 1363 374">
    <p class='ocr_par' dir='ltr' id='par_1_1' title="bbox 524 305 1363 374">
     <span class='ocr_line' id='line_1_1' title="bbox 524 305 1363 374; baseline -0.006 0"><span class='ocrx_word' id='word_1_1' title='bbox 524 327 568 374; x_wconf 88' lang='lat' dir='ltr'><strong>ns</strong></span> <span class='ocrx_word' id='word_1_2' title='bbox 592 325 731 374; x_wconf 84' lang='lat' dir='ltr'><strong>rumcns</strong></span> <span class='ocrx_word' id='word_1_3' title='bbox 754 324 1020 374; x_wconf 81' lang='lat' dir='ltr'><strong>rccuesrnsrrcrs</strong></span> <span class='ocrx_word' id='word_1_4' title='bbox 1295 305 1363 372; x_wconf 73' lang='lat'><strong>277</strong></span> 
     </span>
    </p>
   </div>
   <div class='ocr_carea' id='block_1_2' title="bbox 176 446 1359 1034">
    <p class='ocr_par' dir='ltr' id='par_1_2' title="bbox 176 446 1359 1034">
     <span class='ocr_line' id='line_1_2' title="bbox 178 446 1356 523; baseline 0 -11"><span class='ocrx_word' id='word_1_5' title='bbox 178 447 354 513; x_wconf 82' lang='lat' dir='ltr'><strong>terdictunr</strong></span> <span class='ocrx_word' id='word_1_6' title='bbox 380 446 507 523; x_wconf 90' lang='lat' dir='ltr'><strong>-Quod</strong></span> <span class='ocrx_word' id='word_1_7' title='bbox 529 449 562 513; x_wconf 88' lang='lat' dir='ltr'><strong>vi</strong></span> <span class='ocrx_word' id='word_1_8' title='bbox 584 453 640 513; x_wconf 87' lang='lat' dir='ltr'><strong>aut</strong></span> <span class='ocrx_word' id='word_1_9' title='bbox 662 448 745 514; x_wconf 87' lang='lat' dir='ltr'><strong>clam</strong></span> <span class='ocrx_word' id='word_1_10' title='bbox 762 481 781 496; x_wconf 91' lang='lat'>-</span> <span class='ocrx_word' id='word_1_11' title='bbox 866 467 939 512; x_wconf 83' lang='lat' dir='ltr'><strong>nem</strong></span> <span class='ocrx_word' id='word_1_12' title='bbox 960 446 1139 514; x_wconf 79' lang='lat' dir='ltr'><strong>interdictis</strong></span> <span class='ocrx_word' id='word_1_13' title='bbox 1155 447 1356 520; x_wconf 87' lang='lat' dir='ltr'><strong>restituetur,</strong></span> 
     </span>
     <span class='ocr_line' id='line_1_3' title="bbox 176 567 1356 654; baseline 0.003 -20"><span class='ocrx_word' id='word_1_14' title='bbox 176 569 210 634; x_wconf 80' lang='lat' dir='ltr'><strong>si</strong></span> <span class='ocrx_word' id='word_1_15' title='bbox 233 569 309 653; x_wconf 90' lang='lat' dir='ltr'><strong>quid</strong></span> <span class='ocrx_word' id='word_1_16' title='bbox 332 570 443 637; x_wconf 84' lang='lat' dir='ltr'><strong>illicite</strong></span> <span class='ocrx_word' id='word_1_17' title='bbox 473 568 594 635; x_wconf 87' lang='lat' dir='ltr'><strong>iactum</strong></span> <span class='ocrx_word' id='word_1_18' title='bbox 617 570 690 634; x_wconf 82' lang='lat' dir='ltr'><strong>sit»</strong></span> <span class='ocrx_word' id='word_1_19' title='bbox 717 567 1273 654; x_wconf 72' lang='lat' dir='ltr'><strong>t.1,Deop.n.nuue.§1ffi</strong></span> <span class='ocrx_word' id='word_1_20' title='bbox 1300 571 1356 637; x_wconf 92' lang='lat' dir='ltr'><strong>Ni·</strong></span> 
     </span>
     <span class='ocr_line' id='line_1_4' title="bbox 179 694 1358 782; baseline 0 -22"><span class='ocrx_word' id='word_1_21' title='bbox 179 695 301 761; x_wconf 90' lang='lat' dir='ltr'><strong>mirum</strong></span> <span class='ocrx_word' id='word_1_22' title='bbox 322 697 451 762; x_wconf 83' lang='lat' dir='ltr'><strong>recurri</strong></span> <span class='ocrx_word' id='word_1_23' title='bbox 473 694 569 761; x_wconf 91' lang='lat' dir='ltr'><strong>debet</strong></span> <span class='ocrx_word' id='word_1_24' title='bbox 590 696 637 760; x_wconf 90' lang='lat' dir='ltr'><strong>od</strong></span> <span class='ocrx_word' id='word_1_25' title='bbox 658 695 760 778; x_wconf 82' lang='lat' dir='ltr'><strong>spolii</strong></span> <span class='ocrx_word' id='word_1_26' title='bbox 786 695 962 776; x_wconf 75' lang='lat' dir='ltr'><strong>actionem,</strong></span> <span class='ocrx_word' id='word_1_27' title='bbox 983 695 1009 760; x_wconf 89' lang='lat' dir='ltr'><strong>si</strong></span> <span class='ocrx_word' id='word_1_28' title='bbox 1033 715 1094 782; x_wconf 92' lang='lat' dir='ltr'><strong>per</strong></span> <span class='ocrx_word' id='word_1_29' title='bbox 1116 697 1181 762; x_wconf 87' lang='lat' dir='ltr'><strong>rim</strong></span> <span class='ocrx_word' id='word_1_30' title='bbox 1198 703 1254 761; x_wconf 89' lang='lat' dir='ltr'><strong>aut</strong></span> <span class='ocrx_word' id='word_1_31' title='bbox 1270 695 1358 760; x_wconf 79' lang='lat' dir='ltr'><strong>irau-</strong></span> 
     </span>
     <span class='ocr_line' id='line_1_5' title="bbox 177 819 1355 906; baseline 0 -21"><span class='ocrx_word' id='word_1_32' title='bbox 177 820 257 885; x_wconf 90' lang='lat' dir='ltr'><strong>dem</strong></span> <span class='ocrx_word' id='word_1_33' title='bbox 279 841 359 906; x_wconf 90' lang='lat' dir='ltr'><strong>opus</strong></span> <span class='ocrx_word' id='word_1_34' title='bbox 382 822 482 886; x_wconf 86' lang='lat' dir='ltr'><strong>fuerit</strong></span> <span class='ocrx_word' id='word_1_35' title='bbox 503 821 692 893; x_wconf 84' lang='lat' dir='ltr'><strong>absolutum,</strong></span> <span class='ocrx_word' id='word_1_36' title='bbox 717 820 770 885; x_wconf 83' lang='lat' dir='ltr'><strong>vel</strong></span> <span class='ocrx_word' id='word_1_37' title='bbox 798 820 839 885; x_wconf 90' lang='lat' dir='ltr'><strong>ad</strong></span> <span class='ocrx_word' id='word_1_38' title='bbox 870 819 1047 886; x_wconf 91' lang='lat' dir='ltr'><strong>remedium</strong></span> <span class='ocrx_word' id='word_1_39' title='bbox 1078 822 1263 906; x_wconf 89' lang='lat' dir='ltr'><strong>petitorium</strong></span> <span class='ocrx_word' id='word_1_40' title='bbox 1296 841 1355 886; x_wconf 85' lang='lat' dir='ltr'><strong>ex·</strong></span> 
     </span>
     <span class='ocr_line' id='line_1_6' title="bbox 178 945 1359 1034; baseline 0 -24"><span class='ocrx_word' id='word_1_41' title='bbox 178 946 446 1019; x_wconf 85' lang='lat' dir='ltr'><strong>tracrdinarium,</strong></span> <span class='ocrx_word' id='word_1_42' title='bbox 459 945 561 1012; x_wconf 83' lang='lat' dir='ltr'><strong>veluti</strong></span> <span class='ocrx_word' id='word_1_43' title='bbox 575 945 616 1010; x_wconf 86' lang='lat' dir='ltr'><strong>ad</strong></span> <span class='ocrx_word' id='word_1_44' title='bbox 627 946 871 1014; x_wconf 83' lang='lat' dir='ltr'><strong>restitutionem</strong></span> <span class='ocrx_word' id='word_1_45' title='bbox 886 946 923 1011; x_wconf 80' lang='lat' dir='ltr'><strong>in</strong></span> <span class='ocrx_word' id='word_1_46' title='bbox 939 947 1120 1034; x_wconf 70' lang='lat' dir='ltr'><strong>istrorum,</strong></span> <span class='ocrx_word' id='word_1_47' title='bbox 1138 946 1177 1010; x_wconf 89' lang='lat' dir='ltr'><strong>de</strong></span> <span class='ocrx_word' id='word_1_48' title='bbox 1193 965 1256 1030; x_wconf 92' lang='lat' dir='ltr'><strong>quo</strong></span> <span class='ocrx_word' id='word_1_49' title='bbox 1272 945 1359 1010; x_wconf 87' lang='lat' dir='ltr'><strong>inira</strong></span> 
     </span>
    </p>
   </div>
   <div class='ocr_carea' id='block_1_3' title="bbox 175 1071 1362 1304">
    <p class='ocr_par' dir='ltr' id='par_1_3' title="bbox 175 1071 1362 1304">
     <span class='ocr_line' id='line_1_7' title="bbox 175 1071 1361 1158; baseline 0 -22"><span class='ocrx_word' id='word_1_50' title='bbox 175 1092 326 1157; x_wconf 79' lang='lat' dir='ltr'><strong>agemus,</strong></span> <span class='ocrx_word' id='word_1_51' title='bbox 349 1073 403 1138; x_wconf 86' lang='lat' dir='ltr'><strong>vel</strong></span> <span class='ocrx_word' id='word_1_52' title='bbox 426 1071 466 1137; x_wconf 92' lang='lat' dir='ltr'><strong>ad</strong></span> <span class='ocrx_word' id='word_1_53' title='bbox 489 1073 585 1137; x_wconf 88' lang='lat' dir='ltr'><strong>aliam</strong></span> <span class='ocrx_word' id='word_1_54' title='bbox 608 1074 768 1138; x_wconf 80' lang='lat' dir='ltr'><strong>actionem</strong></span> <span class='ocrx_word' id='word_1_55' title='bbox 791 1071 999 1142; x_wconf 90' lang='lat' dir='ltr'><strong>ordinariam,</strong></span> <span class='ocrx_word' id='word_1_56' title='bbox 1017 1071 1123 1158; x_wconf 88' lang='lat' dir='ltr'><strong>prouti</strong></span> <span class='ocrx_word' id='word_1_57' title='bbox 1148 1091 1241 1138; x_wconf 85' lang='lat' dir='ltr'><strong>cesus</strong></span> <span class='ocrx_word' id='word_1_58' title='bbox 1264 1071 1361 1137; x_wconf 87' lang='lat' dir='ltr'><strong>ierat.</strong></span> 
     </span>
     <span class='ocr_line' id='line_1_8' title="bbox 272 1194 1362 1304; baseline 0.002 -42"><span class='ocrx_word' id='word_1_59' title='bbox 272 1197 409 1304; x_wconf 57' lang='lat' dir='ltr'><strong>Sinera</strong></span> <span class='ocrx_word' id='word_1_60' title='bbox 439 1217 519 1282; x_wconf 89' lang='lat' dir='ltr'><strong>opus</strong></span> <span class='ocrx_word' id='word_1_61' title='bbox 536 1196 674 1302; x_wconf 36' lang='lat' dir='ltr'><strong>&#39;publice</strong></span> <span class='ocrx_word' id='word_1_62' title='bbox 698 1202 731 1262; x_wconf 91' lang='lat' dir='ltr'><strong>et</strong></span> <span class='ocrx_word' id='word_1_63' title='bbox 752 1194 888 1283; x_wconf 87' lang='lat' dir='ltr'><strong>pacifice</strong></span> <span class='ocrx_word' id='word_1_64' title='bbox 917 1194 1106 1282; x_wconf 80' lang='lat' dir='ltr'><strong>perficiatur</strong></span> <span class='ocrx_word' id='word_1_65' title='bbox 1129 1201 1162 1264; x_wconf 86' lang='lat' dir='ltr'><strong>et</strong></span> <span class='ocrx_word' id='word_1_66' title='bbox 1184 1197 1239 1262; x_wconf 91' lang='lat' dir='ltr'><strong>ille</strong></span> <span class='ocrx_word' id='word_1_67' title='bbox 1270 1197 1362 1296; x_wconf 83' lang='lat' dir='ltr'><strong>cuius</strong></span> 
     </span>
    </p>
   </div>
   <div class='ocr_carea' id='block_1_4' title="bbox 176 1323 1357 1532">
    <p class='ocr_par' dir='ltr' id='par_1_4' title="bbox 176 1323 1357 1532">
     <span class='ocr_line' id='line_1_9' title="bbox 178 1323 1357 1407; baseline 0.002 -21"><span class='ocrx_word' id='word_1_68' title='bbox 178 1323 320 1387; x_wconf 89' lang='lat' dir='ltr'><strong>interest</strong></span> <span class='ocrx_word' id='word_1_69' title='bbox 341 1343 407 1387; x_wconf 91' lang='lat' dir='ltr'><strong>non</strong></span> <span class='ocrx_word' id='word_1_70' title='bbox 430 1329 635 1407; x_wconf 74' lang='lat' dir='ltr'><strong>protestetur,</strong></span> <span class='ocrx_word' id='word_1_71' title='bbox 652 1323 781 1390; x_wconf 85' lang='lat' dir='ltr'><strong>videtur</strong></span> <span class='ocrx_word' id='word_1_72' title='bbox 795 1324 859 1388; x_wconf 93' lang='lat' dir='ltr'><strong>iuri</strong></span> <span class='ocrx_word' id='word_1_73' title='bbox 882 1343 939 1388; x_wconf 91' lang='lat' dir='ltr'><strong>suo</strong></span> <span class='ocrx_word' id='word_1_74' title='bbox 956 1324 1174 1396; x_wconf 78' lang='lat' dir='ltr'><strong>renunciasse,</strong></span> <span class='ocrx_word' id='word_1_75' title='bbox 1192 1325 1253 1388; x_wconf 86' lang='lat' dir='ltr'><strong>nisi</strong></span> <span class='ocrx_word' id='word_1_76' title='bbox 1270 1325 1357 1388; x_wconf 92' lang='lat' dir='ltr'><strong>intra</strong></span> 
     </span>
     <span class='ocr_line' id='line_1_10' title="bbox 176 1423 1353 1532; baseline 0 -24"><span class='ocrx_word' id='word_1_77' title='bbox 176 1427 358 1530; x_wconf 58' lang='lat' dir='ltr'><strong>lfflum</strong></span> <span class='ocrx_word' id='word_1_78' title='bbox 380 1423 507 1532; x_wconf 78' lang='lat' dir='ltr'><strong>tempus</strong></span> <span class='ocrx_word' id='word_1_79' title='bbox 529 1447 596 1512; x_wconf 89' lang='lat' dir='ltr'><strong>suis</strong></span> <span class='ocrx_word' id='word_1_80' title='bbox 618 1425 741 1512; x_wconf 78' lang='lat' dir='ltr'><strong>iuribus</strong></span> <span class='ocrx_word' id='word_1_81' title='bbox 767 1446 923 1512; x_wconf 89' lang='lat' dir='ltr'><strong>consulat.</strong></span> <span class='ocrx_word' id='word_1_82' title='bbox 950 1446 996 1512; x_wconf 80' lang='lat' dir='ltr'><strong>Cf.</strong></span> <span class='ocrx_word' id='word_1_83' title='bbox 1023 1447 1165 1511; x_wconf 86' lang='lat' dir='ltr'><strong>Bizzarri</strong></span> <span class='ocrx_word' id='word_1_84' title='bbox 1191 1482 1208 1494; x_wconf 96' lang='lat'>-</span> <span class='ocrx_word' id='word_1_85' title='bbox 1234 1447 1353 1512; x_wconf 80' lang='lat' dir='ltr'><strong>Collec.</strong></span> 
     </span>
    </p>
   </div>
   <div class='ocr_carea' id='block_1_5' title="bbox 362 1783 1175 1994">
    <p class='ocr_par' dir='ltr' id='par_1_5' title="bbox 362 1783 1175 1994">
     <span class='ocr_line' id='line_1_11' title="bbox 362 1783 1175 1869; baseline -0.001 -18"><span class='ocrx_word' id='word_1_86' title='bbox 362 1787 385 1869; x_wconf 83' lang='lat'><strong>§</strong></span> <span class='ocrx_word' id='word_1_87' title='bbox 405 1786 437 1851; x_wconf 86' lang='lat'><strong>9.</strong></span> <span class='ocrx_word' id='word_1_88' title='bbox 462 1785 512 1852; x_wconf 84' lang='lat' dir='ltr'><strong>De</strong></span> <span class='ocrx_word' id='word_1_89' title='bbox 535 1787 670 1852; x_wconf 74' lang='lat' dir='ltr'><strong>cumam</strong></span> <span class='ocrx_word' id='word_1_90' title='bbox 692 1783 865 1851; x_wconf 81' lang='lat' dir='ltr'><strong>actionum</strong></span> <span class='ocrx_word' id='word_1_91' title='bbox 885 1785 1175 1867; x_wconf 80' lang='lat' dir='ltr'><strong>possessortamm</strong></span> 
     </span>
     <span class='ocr_line' id='line_1_12' title="bbox 495 1909 1047 1994; baseline -0.007 -16"><span class='ocrx_word' id='word_1_92' title='bbox 495 1917 527 1978; x_wconf 85' lang='lat' dir='ltr'><strong>ct</strong></span> <span class='ocrx_word' id='word_1_93' title='bbox 547 1910 747 1994; x_wconf 84' lang='lat' dir='ltr'><strong>possessorii</strong></span> <span class='ocrx_word' id='word_1_94' title='bbox 774 1929 852 1976; x_wconf 85' lang='lat' dir='ltr'><strong>cum</strong></span> <span class='ocrx_word' id='word_1_95' title='bbox 876 1909 1047 1993; x_wconf 82' lang='lat' dir='ltr'><strong>petitorio.</strong></span> 
     </span>
    </p>
   </div>
   <div class='ocr_carea' id='block_1_6' title="bbox 174 2103 1359 2494">
    <p class='ocr_par' dir='ltr' id='par_1_6' title="bbox 174 2103 1359 2494">
     <span class='ocr_line' id='line_1_13' title="bbox 174 2103 1354 2177; baseline -0.003 -17"><span class='ocrx_word' id='word_1_96' title='bbox 174 2103 455 2162; x_wconf 68' lang='lat' dir='ltr'><strong>summarium-</strong></span> <span class='ocrx_word' id='word_1_97' title='bbox 479 2107 540 2160; x_wconf 69' lang='lat'><strong>244.</strong></span> <span class='ocrx_word' id='word_1_98' title='bbox 565 2106 624 2160; x_wconf 87' lang='lat' dir='ltr'><strong>Nisi</strong></span> <span class='ocrx_word' id='word_1_99' title='bbox 650 2104 755 2177; x_wconf 84' lang='lat' dir='ltr'><strong>aliquid</strong></span> <span class='ocrx_word' id='word_1_100' title='bbox 779 2106 881 2169; x_wconf 81' lang='lat' dir='ltr'><strong>obstet,</strong></span> <span class='ocrx_word' id='word_1_101' title='bbox 899 2103 1057 2158; x_wconf 78' lang='lat' dir='ltr'><strong>admittitur</strong></span> <span class='ocrx_word' id='word_1_102' title='bbox 1079 2103 1207 2158; x_wconf 86' lang='lat' dir='ltr'><strong>cumulus</strong></span> <span class='ocrx_word' id='word_1_103' title='bbox 1232 2103 1354 2172; x_wconf 90' lang='lat' dir='ltr'><strong>plurium</strong></span> 
     </span>
     <span class='ocr_line' id='line_1_14' title="bbox 270 2209 1357 2283; baseline -0.002 -15"><span class='ocrx_word' id='word_1_104' title='bbox 270 2213 413 2268; x_wconf 77' lang='lat' dir='ltr'><strong>actionum</strong></span> <span class='ocrx_word' id='word_1_105' title='bbox 431 2213 460 2267; x_wconf 90' lang='lat' dir='ltr'><strong>in</strong></span> <span class='ocrx_word' id='word_1_106' title='bbox 479 2213 646 2283; x_wconf 80' lang='lat' dir='ltr'><strong>possessorio</strong></span> <span class='ocrx_word' id='word_1_107' title='bbox 664 2212 709 2267; x_wconf 88' lang='lat' dir='ltr'><strong>vel</strong></span> <span class='ocrx_word' id='word_1_108' title='bbox 728 2211 889 2281; x_wconf 85' lang='lat' dir='ltr'><strong>possessorii</strong></span> <span class='ocrx_word' id='word_1_109' title='bbox 908 2227 971 2264; x_wconf 91' lang='lat' dir='ltr'><strong>cum</strong></span> <span class='ocrx_word' id='word_1_110' title='bbox 990 2209 1131 2280; x_wconf 89' lang='lat' dir='ltr'><strong>petitorio.</strong></span> <span class='ocrx_word' id='word_1_111' title='bbox 1146 2239 1181 2252; x_wconf 96' lang='lat'>-</span> <span class='ocrx_word' id='word_1_112' title='bbox 1194 2210 1254 2264; x_wconf 79' lang='lat'>245.</span> <span class='ocrx_word' id='word_1_113' title='bbox 1269 2211 1357 2266; x_wconf 83' lang='lat' dir='ltr'><strong>Actor</strong></span> 
     </span>
     <span class='ocr_line' id='line_1_15' title="bbox 270 2315 1359 2388; baseline 0 -16"><span class='ocrx_word' id='word_1_114' title='bbox 270 2319 452 2373; x_wconf 76' lang='lat' dir='ltr'><strong>subordinate</strong></span> <span class='ocrx_word' id='word_1_115' title='bbox 476 2319 619 2374; x_wconf 81' lang='lat' dir='ltr'><strong>cumulare</strong></span> <span class='ocrx_word' id='word_1_116' title='bbox 643 2322 735 2388; x_wconf 89' lang='lat' dir='ltr'><strong>potest</strong></span> <span class='ocrx_word' id='word_1_117' title='bbox 760 2318 854 2386; x_wconf 88' lang='lat' dir='ltr'><strong>plures</strong></span> <span class='ocrx_word' id='word_1_118' title='bbox 878 2317 1002 2372; x_wconf 85' lang='lat' dir='ltr'><strong>actiones</strong></span> <span class='ocrx_word' id='word_1_119' title='bbox 1027 2315 1224 2385; x_wconf 84' lang='lat' dir='ltr'><strong>possessorias;</strong></span> <span class='ocrx_word' id='word_1_120' title='bbox 1251 2319 1359 2372; x_wconf 81' lang='lat' dir='ltr'><strong>directe</strong></span> 
     </span>
     <span class='ocr_line' id='line_1_16' title="bbox 269 2421 1356 2494; baseline 0 -16"><span class='ocrx_word' id='word_1_121' title='bbox 269 2440 338 2480; x_wconf 80' lang='lat' dir='ltr'><strong>vero</strong></span> <span class='ocrx_word' id='word_1_122' title='bbox 362 2424 500 2478; x_wconf 77' lang='lat' dir='ltr'><strong>actionem</strong></span> <span class='ocrx_word' id='word_1_123' title='bbox 523 2424 684 2494; x_wconf 87' lang='lat' dir='ltr'><strong>petitoriam</strong></span> <span class='ocrx_word' id='word_1_124' title='bbox 708 2441 771 2480; x_wconf 88' lang='lat' dir='ltr'><strong>cum</strong></span> <span class='ocrx_word' id='word_1_125' title='bbox 795 2425 972 2494; x_wconf 80' lang='lat' dir='ltr'><strong>possessoris.</strong></span> <span class='ocrx_word' id='word_1_126' title='bbox 991 2453 1025 2465; x_wconf 97' lang='lat'>-</span> <span class='ocrx_word' id='word_1_127' title='bbox 1044 2423 1104 2476; x_wconf 79' lang='lat'><strong>246.</strong></span> <span class='ocrx_word' id='word_1_128' title='bbox 1124 2421 1292 2478; x_wconf 84' lang='lat' dir='ltr'><strong>Conceditur</strong></span> <span class='ocrx_word' id='word_1_129' title='bbox 1313 2439 1356 2478; x_wconf 93' lang='lat' dir='ltr'><strong>re-</strong></span> 
     </span>
    </p>
   </div>
   <div class='ocr_carea' id='block_1_7' title="bbox 270 2529 1360 2812">
    <p class='ocr_par' dir='ltr' id='par_1_7' title="bbox 270 2529 1360 2812">
     <span class='ocr_line' id='line_1_17' title="bbox 271 2529 1360 2603; baseline -0.002 -15"><span class='ocrx_word' id='word_1_130' title='bbox 271 2550 383 2602; x_wconf 80' lang='lat' dir='ltr'><strong>gressus</strong></span> <span class='ocrx_word' id='word_1_131' title='bbox 400 2551 418 2587; x_wconf 88' lang='lat' dir='ltr'><strong>e</strong></span> <span class='ocrx_word' id='word_1_132' title='bbox 436 2533 567 2603; x_wconf 88' lang='lat' dir='ltr'><strong>petitorio</strong></span> <span class='ocrx_word' id='word_1_133' title='bbox 585 2532 618 2586; x_wconf 83' lang='lat' dir='ltr'><strong>ad</strong></span> <span class='ocrx_word' id='word_1_134' title='bbox 638 2533 843 2602; x_wconf 75' lang='lat' dir='ltr'><strong>possessorium.</strong></span> <span class='ocrx_word' id='word_1_135' title='bbox 863 2560 897 2574; x_wconf 91' lang='lat'>-</span> <span class='ocrx_word' id='word_1_136' title='bbox 916 2532 977 2586; x_wconf 72' lang='lat'>247.</span> <span class='ocrx_word' id='word_1_137' title='bbox 997 2529 1130 2586; x_wconf 85' lang='lat' dir='ltr'><strong>Cumulus</strong></span> <span class='ocrx_word' id='word_1_138' title='bbox 1149 2532 1181 2585; x_wconf 84' lang='lat' dir='ltr'><strong>ot</strong></span> <span class='ocrx_word' id='word_1_139' title='bbox 1200 2533 1235 2586; x_wconf 93' lang='lat' dir='ltr'><strong>ob</strong></span> <span class='ocrx_word' id='word_1_140' title='bbox 1254 2536 1298 2586; x_wconf 83' lang='lat' dir='ltr'><strong>rei</strong></span> <span class='ocrx_word' id='word_1_141' title='bbox 1317 2548 1360 2586; x_wconf 90' lang='lat' dir='ltr'><strong>re-</strong></span> 
     </span>
     <span class='ocr_line' id='line_1_18' title="bbox 270 2633 1357 2707; baseline -0.001 -16"><span class='ocrx_word' id='word_1_142' title='bbox 270 2633 483 2692; x_wconf 84' lang='lat' dir='ltr'><strong>conventionem</strong></span> <span class='ocrx_word' id='word_1_143' title='bbox 500 2639 529 2692; x_wconf 88' lang='lat' dir='ltr'><strong>in</strong></span> <span class='ocrx_word' id='word_1_144' title='bbox 548 2638 715 2707; x_wconf 83' lang='lat' dir='ltr'><strong>possessorio</strong></span> <span class='ocrx_word' id='word_1_145' title='bbox 728 2642 777 2691; x_wconf 86' lang='lat' dir='ltr'><strong>eut</strong></span> <span class='ocrx_word' id='word_1_146' title='bbox 790 2637 818 2690; x_wconf 90' lang='lat' dir='ltr'><strong>in</strong></span> <span class='ocrx_word' id='word_1_147' title='bbox 831 2637 971 2707; x_wconf 88' lang='lat' dir='ltr'><strong>petitorio.</strong></span> <span class='ocrx_word' id='word_1_148' title='bbox 984 2665 1019 2678; x_wconf 95' lang='lat'>-</span> <span class='ocrx_word' id='word_1_149' title='bbox 1033 2635 1093 2692; x_wconf 77' lang='lat'><strong>248.</strong></span> <span class='ocrx_word' id='word_1_150' title='bbox 1107 2635 1166 2697; x_wconf 88' lang='lat' dir='ltr'><strong>Quo</strong></span> <span class='ocrx_word' id='word_1_151' title='bbox 1186 2637 1281 2691; x_wconf 90' lang='lat' dir='ltr'><strong>ordine</strong></span> <span class='ocrx_word' id='word_1_152' title='bbox 1302 2653 1357 2690; x_wconf 88' lang='lat' dir='ltr'><strong>una</strong></span> 
     </span>
     <span class='ocr_line' id='line_1_19' title="bbox 272 2740 787 2812; baseline 0 -16"><span class='ocrx_word' id='word_1_153' title='bbox 272 2745 302 2796; x_wconf 91' lang='lat' dir='ltr'><strong>et</strong></span> <span class='ocrx_word' id='word_1_154' title='bbox 319 2740 411 2796; x_wconf 84' lang='lat' dir='ltr'><strong>altere</strong></span> <span class='ocrx_word' id='word_1_155' title='bbox 428 2759 513 2796; x_wconf 79' lang='lat' dir='ltr'><strong>causa</strong></span> <span class='ocrx_word' id='word_1_156' title='bbox 530 2742 723 2812; x_wconf 73' lang='lat' dir='ltr'><strong>cogrroscende</strong></span> <span class='ocrx_word' id='word_1_157' title='bbox 741 2742 787 2796; x_wconf 89' lang='lat' dir='ltr'><strong>sit.</strong></span> 
     </span>
    </p>
   </div>
   <div class='ocr_carea' id='block_1_8' title="bbox 170 2937 1395 4522">
    <p class='ocr_par' dir='ltr' id='par_1_8' title="bbox 174 2937 1395 3396">
     <span class='ocr_line' id='line_1_20' title="bbox 271 2937 1395 3026; baseline -0.003 -23"><span class='ocrx_word' id='word_1_158' title='bbox 271 2937 347 3004; x_wconf 79' lang='lat'>244.</span> <span class='ocrx_word' id='word_1_159' title='bbox 372 2940 439 3004; x_wconf 89' lang='lat' dir='ltr'><strong>Pro</strong></span> <span class='ocrx_word' id='word_1_160' title='bbox 460 2940 603 3026; x_wconf 85' lang='lat' dir='ltr'><strong>legitimo</strong></span> <span class='ocrx_word' id='word_1_161' title='bbox 626 2942 788 3006; x_wconf 88' lang='lat' dir='ltr'><strong>actionum</strong></span> <span class='ocrx_word' id='word_1_162' title='bbox 811 2941 1080 3025; x_wconf 89' lang='lat' dir='ltr'><strong>possessoriarum</strong></span> <span class='ocrx_word' id='word_1_163' title='bbox 1104 2961 1173 3012; x_wconf 92' lang='lat' dir='ltr'><strong>usu,</strong></span> <span class='ocrx_word' id='word_1_164' title='bbox 1199 2940 1280 3005; x_wconf 92' lang='lat' dir='ltr'><strong>scitu</strong></span> <span class='ocrx_word' id='word_1_165' title='bbox 1303 2959 1361 3005; x_wconf 91' lang='lat' dir='ltr'><strong>ne-</strong></span> <span class='ocrx_word' id='word_1_166' title='bbox 1392 2993 1395 3000; x_wconf 29' lang='lat'><strong>⁴</strong></span> 
     </span>
     <span class='ocr_line' id='line_1_21' title="bbox 174 3063 1358 3150; baseline -0.001 -22"><span class='ocrx_word' id='word_1_167' title='bbox 174 3064 359 3128; x_wconf 85' lang='lat' dir='ltr'><strong>cessarium</strong></span> <span class='ocrx_word' id='word_1_168' title='bbox 381 3069 505 3138; x_wconf 81' lang='lat' dir='ltr'><strong>estun</strong></span> <span class='ocrx_word' id='word_1_169' title='bbox 528 3065 638 3150; x_wconf 91' lang='lat' dir='ltr'><strong>plures</strong></span> <span class='ocrx_word' id='word_1_170' title='bbox 660 3063 787 3128; x_wconf 82' lang='lat' dir='ltr'><strong>insimul</strong></span> <span class='ocrx_word' id='word_1_171' title='bbox 811 3064 934 3128; x_wconf 88' lang='lat' dir='ltr'><strong>institui</strong></span> <span class='ocrx_word' id='word_1_172' title='bbox 965 3065 1087 3147; x_wconf 90' lang='lat' dir='ltr'><strong>possint</strong></span> <span class='ocrx_word' id='word_1_173' title='bbox 1117 3063 1261 3128; x_wconf 88' lang='lat' dir='ltr'><strong>actiones</strong></span> <span class='ocrx_word' id='word_1_174' title='bbox 1284 3083 1358 3148; x_wconf 89' lang='lat' dir='ltr'><strong>pos-</strong></span> 
     </span>
     <span class='ocr_line' id='line_1_22' title="bbox 174 3185 1358 3272; baseline 0.001 -22"><span class='ocrx_word' id='word_1_175' title='bbox 174 3185 358 3262; x_wconf 61' lang='lat' dir='ltr'><strong>sessorium</strong></span> <span class='ocrx_word' id='word_1_176' title='bbox 383 3191 415 3251; x_wconf 92' lang='lat' dir='ltr'><strong>et</strong></span> <span class='ocrx_word' id='word_1_177' title='bbox 444 3188 618 3272; x_wconf 88' lang='lat' dir='ltr'><strong>praecipue</strong></span> <span class='ocrx_word' id='word_1_178' title='bbox 640 3205 682 3250; x_wconf 87' lang='lat' dir='ltr'><strong>an</strong></span> <span class='ocrx_word' id='word_1_179' title='bbox 706 3205 820 3250; x_wconf 86' lang='lat' dir='ltr'><strong>caussa</strong></span> <span class='ocrx_word' id='word_1_180' title='bbox 851 3186 1060 3270; x_wconf 87' lang='lat' dir='ltr'><strong>possessionis</strong></span> <span class='ocrx_word' id='word_1_181' title='bbox 1090 3187 1225 3250; x_wconf 86' lang='lat' dir='ltr'><strong>tractari</strong></span> <span class='ocrx_word' id='word_1_182' title='bbox 1257 3188 1358 3271; x_wconf 90' lang='lat' dir='ltr'><strong>possit</strong></span> 
     </span>
     <span class='ocr_line' id='line_1_23' title="bbox 177 3310 1024 3396; baseline -0.001 -23"><span class='ocrx_word' id='word_1_183' title='bbox 177 3329 247 3374; x_wconf 91' lang='lat' dir='ltr'><strong>una</strong></span> <span class='ocrx_word' id='word_1_184' title='bbox 269 3329 344 3374; x_wconf 86' lang='lat' dir='ltr'><strong>cum</strong></span> <span class='ocrx_word' id='word_1_185' title='bbox 366 3329 464 3374; x_wconf 86' lang='lat' dir='ltr'><strong>causa</strong></span> <span class='ocrx_word' id='word_1_186' title='bbox 485 3311 702 3396; x_wconf 87' lang='lat' dir='ltr'><strong>proprietatis.</strong></span> <span class='ocrx_word' id='word_1_187' title='bbox 727 3310 819 3375; x_wconf 90' lang='lat' dir='ltr'><strong>Haec</strong></span> <span class='ocrx_word' id='word_1_188' title='bbox 841 3315 1024 3374; x_wconf 86' lang='lat' dir='ltr'><strong>teneantur.</strong></span> 
     </span>
    </p>

    <p class='ocr_par' dir='ltr' id='par_1_9' title="bbox 174 3431 1355 3656">
     <span class='ocr_line' id='line_1_24' title="bbox 272 3431 1355 3530; baseline -0.003 -33"><span class='ocrx_word' id='word_1_189' title='bbox 272 3433 527 3530; x_wconf 34' lang='lat' dir='ltr'><strong>iarn-*innuimus</strong></span> <span class='ocrx_word' id='word_1_190' title='bbox 549 3435 620 3498; x_wconf 90' lang='lat' dir='ltr'><strong>iure</strong></span> <span class='ocrx_word' id='word_1_191' title='bbox 643 3453 714 3498; x_wconf 87' lang='lat' dir='ltr'><strong>een.</strong></span> <span class='ocrx_word' id='word_1_192' title='bbox 731 3453 795 3522; x_wconf 88' lang='lat' dir='ltr'><strong>uon</strong></span> <span class='ocrx_word' id='word_1_193' title='bbox 813 3434 920 3518; x_wconf 88' lang='lat' dir='ltr'><strong>respui</strong></span> <span class='ocrx_word' id='word_1_194' title='bbox 936 3432 1098 3496; x_wconf 90' lang='lat' dir='ltr'><strong>actionum</strong></span> <span class='ocrx_word' id='word_1_195' title='bbox 1114 3431 1287 3512; x_wconf 85' lang='lat' dir='ltr'><strong>cumulum,</strong></span> <span class='ocrx_word' id='word_1_196' title='bbox 1301 3431 1355 3515; x_wconf 91' lang='lat' dir='ltr'><strong>qui</strong></span> 
     </span>
     <span class='ocr_line' id='line_1_25' title="bbox 174 3556 1355 3656; baseline 0 -34"><span class='ocrx_word' id='word_1_197' title='bbox 174 3557 359 3656; x_wconf 85' lang='lat' dir='ltr'><strong>admittitur</strong></span> <span class='ocrx_word' id='word_1_198' title='bbox 382 3559 422 3624; x_wconf 89' lang='lat' dir='ltr'><strong>ad</strong></span> <span class='ocrx_word' id='word_1_199' title='bbox 444 3559 518 3624; x_wconf 90' lang='lat' dir='ltr'><strong>lites</strong></span> <span class='ocrx_word' id='word_1_200' title='bbox 545 3558 693 3624; x_wconf 83' lang='lat' dir='ltr'><strong>faciliore</strong></span> <span class='ocrx_word' id='word_1_201' title='bbox 715 3566 748 3624; x_wconf 90' lang='lat' dir='ltr'><strong>et</strong></span> <span class='ocrx_word' id='word_1_202' title='bbox 770 3559 971 3649; x_wconf 81' lang='lat' dir='ltr'><strong>expeditiore</strong></span> <span class='ocrx_word' id='word_1_203' title='bbox 1003 3559 1096 3623; x_wconf 91' lang='lat' dir='ltr'><strong>modo</strong></span> <span class='ocrx_word' id='word_1_204' title='bbox 1127 3556 1355 3644; x_wconf 79' lang='lat' dir='ltr'><strong>expediendas.</strong></span> 
     </span>
    </p>

    <p class='ocr_par' dir='ltr' id='par_1_10' title="bbox 170 3682 1361 4522">
     <span class='ocr_line' id='line_1_26' title="bbox 271 3682 1360 3770; baseline 0.001 -24"><span class='ocrx_word' id='word_1_205' title='bbox 271 3682 397 3748; x_wconf 89' lang='lat' dir='ltr'><strong>Verum</strong></span> <span class='ocrx_word' id='word_1_206' title='bbox 420 3683 566 3749; x_wconf 87' lang='lat' dir='ltr'><strong>cumulus</strong></span> <span class='ocrx_word' id='word_1_207' title='bbox 582 3683 751 3768; x_wconf 85' lang='lat' dir='ltr'><strong>aliquando</strong></span> <span class='ocrx_word' id='word_1_208' title='bbox 774 3704 839 3749; x_wconf 90' lang='lat' dir='ltr'><strong>non</strong></span> <span class='ocrx_word' id='word_1_209' title='bbox 865 3690 913 3749; x_wconf 90' lang='lat' dir='ltr'><strong>est</strong></span> <span class='ocrx_word' id='word_1_210' title='bbox 935 3683 1150 3748; x_wconf 89' lang='lat' dir='ltr'><strong>admittendus</strong></span> <span class='ocrx_word' id='word_1_211' title='bbox 1174 3686 1205 3747; x_wconf 93' lang='lat' dir='ltr'><strong>in</strong></span> <span class='ocrx_word' id='word_1_212' title='bbox 1230 3703 1360 3770; x_wconf 87' lang='lat' dir='ltr'><strong>posses-</strong></span> 
     </span>
     <span class='ocr_line' id='line_1_27' title="bbox 176 3806 1358 3892; baseline 0.003 -22"><span class='ocrx_word' id='word_1_213' title='bbox 176 3807 281 3871; x_wconf 83' lang='lat' dir='ltr'><strong>sionis</strong></span> <span class='ocrx_word' id='word_1_214' title='bbox 297 3813 331 3871; x_wconf 91' lang='lat' dir='ltr'><strong>et</strong></span> <span class='ocrx_word' id='word_1_215' title='bbox 345 3807 552 3892; x_wconf 84' lang='lat' dir='ltr'><strong>proprietatis</strong></span> <span class='ocrx_word' id='word_1_216' title='bbox 567 3808 763 3891; x_wconf 88' lang='lat' dir='ltr'><strong>quaestione,</strong></span> <span class='ocrx_word' id='word_1_217' title='bbox 779 3808 855 3890; x_wconf 88' lang='lat' dir='ltr'><strong>quia</strong></span> <span class='ocrx_word' id='word_1_218' title='bbox 871 3806 967 3872; x_wconf 79' lang='lat' dir='ltr'><strong>iudex</strong></span> <span class='ocrx_word' id='word_1_219' title='bbox 983 3808 1036 3891; x_wconf 91' lang='lat' dir='ltr'><strong>qui</strong></span> <span class='ocrx_word' id='word_1_220' title='bbox 1052 3806 1232 3872; x_wconf 88' lang='lat' dir='ltr'><strong>decernere</strong></span> <span class='ocrx_word' id='word_1_221' title='bbox 1253 3812 1358 3892; x_wconf 89' lang='lat' dir='ltr'><strong>potest</strong></span> 
     </span>
     <span class='ocr_line' id='line_1_28' title="bbox 177 3930 1358 4016; baseline -0.002 -20"><span class='ocrx_word' id='word_1_222' title='bbox 177 3949 311 3996; x_wconf 85' lang='lat' dir='ltr'><strong>causam</strong></span> <span class='ocrx_word' id='word_1_223' title='bbox 335 3931 552 4015; x_wconf 84' lang='lat' dir='ltr'><strong>possessionis,</strong></span> <span class='ocrx_word' id='word_1_224' title='bbox 570 3951 634 3996; x_wconf 90' lang='lat' dir='ltr'><strong>non</strong></span> <span class='ocrx_word' id='word_1_225' title='bbox 656 3950 759 4015; x_wconf 82' lang='lat' dir='ltr'><strong>aeque</strong></span> <span class='ocrx_word' id='word_1_226' title='bbox 781 3931 870 3995; x_wconf 85' lang='lat' dir='ltr'><strong>salet</strong></span> <span class='ocrx_word' id='word_1_227' title='bbox 892 3933 1073 4016; x_wconf 90' lang='lat' dir='ltr'><strong>petitoriam</strong></span> <span class='ocrx_word' id='word_1_228' title='bbox 1090 3932 1248 3995; x_wconf 87' lang='lat' dir='ltr'><strong>actionem</strong></span> <span class='ocrx_word' id='word_1_229' title='bbox 1273 3930 1358 3996; x_wconf 91' lang='lat' dir='ltr'><strong>iudi-</strong></span> 
     </span>
     <span class='ocr_line' id='line_1_29' title="bbox 175 4057 1361 4145; baseline -0.001 -22"><span class='ocrx_word' id='word_1_230' title='bbox 175 4077 267 4123; x_wconf 87' lang='lat' dir='ltr'><strong>care.</strong></span> <span class='ocrx_word' id='word_1_231' title='bbox 291 4059 404 4125; x_wconf 90' lang='lat' dir='ltr'><strong>-Ut</strong></span> <span class='ocrx_word' id='word_1_232' title='bbox 426 4060 658 4143; x_wconf 74' lang='lat' dir='ltr'><strong>coceincap.</strong></span> <span class='ocrx_word' id='word_1_233' title='bbox 682 4060 752 4140; x_wconf 67' lang='lat' dir='ltr'><strong>ult,</strong></span> <span class='ocrx_word' id='word_1_234' title='bbox 776 4060 827 4124; x_wconf 85' lang='lat' dir='ltr'><strong>De</strong></span> <span class='ocrx_word' id='word_1_235' title='bbox 849 4059 920 4124; x_wconf 84' lang='lat' dir='ltr'><strong>iud.</strong></span> <span class='ocrx_word' id='word_1_236' title='bbox 945 4059 980 4124; x_wconf 94' lang='lat' dir='ltr'><em>X</em></span> <span class='ocrx_word' id='word_1_237' title='bbox 1000 4057 1056 4145; x_wconf 90' lang='lat' dir='ltr'><strong>(ll,</strong></span> <span class='ocrx_word' id='word_1_238' title='bbox 1083 4057 1123 4141; x_wconf 88' lang='lat' dir='ltr'><strong>l),</strong></span> <span class='ocrx_word' id='word_1_239' title='bbox 1148 4057 1258 4124; x_wconf 81' lang='lat' dir='ltr'><strong>Abbas</strong></span> <span class='ocrx_word' id='word_1_240' title='bbox 1285 4079 1361 4124; x_wconf 86' lang='lat' dir='ltr'><strong>con·</strong></span> 
     </span>
     <span class='ocr_line' id='line_1_30' title="bbox 180 4183 1358 4268; baseline 0 -19"><span class='ocrx_word' id='word_1_241' title='bbox 180 4189 298 4250; x_wconf 79' lang='lat' dir='ltr'><strong>ventus</strong></span> <span class='ocrx_word' id='word_1_242' title='bbox 322 4185 353 4250; x_wconf 92' lang='lat' dir='ltr'><strong>S.</strong></span> <span class='ocrx_word' id='word_1_243' title='bbox 378 4185 506 4250; x_wconf 86' lang='lat' dir='ltr'><strong>Mariae</strong></span> <span class='ocrx_word' id='word_1_244' title='bbox 527 4185 568 4252; x_wconf 88' lang='lat' dir='ltr'><strong>de</strong></span> <span class='ocrx_word' id='word_1_245' title='bbox 590 4185 755 4252; x_wconf 89' lang='lat' dir='ltr'><strong>Florentia</strong></span> <span class='ocrx_word' id='word_1_246' title='bbox 778 4185 1038 4252; x_wconf 88' lang='lat' dir='ltr'><strong>communitatem</strong></span> <span class='ocrx_word' id='word_1_247' title='bbox 1069 4183 1249 4249; x_wconf 89' lang='lat' dir='ltr'><strong>secularem</strong></span> <span class='ocrx_word' id='word_1_248' title='bbox 1273 4183 1358 4268; x_wconf 91' lang='lat' dir='ltr'><strong>apud</strong></span> 
     </span>
     <span class='ocr_line' id='line_1_31' title="bbox 178 4308 1358 4397; baseline 0.002 -26"><span class='ocrx_word' id='word_1_249' title='bbox 178 4308 317 4375; x_wconf 90' lang='lat' dir='ltr'><strong>iudicem</strong></span> <span class='ocrx_word' id='word_1_250' title='bbox 341 4310 460 4376; x_wconf 84' lang='lat' dir='ltr'><strong>laicum</strong></span> <span class='ocrx_word' id='word_1_251' title='bbox 491 4313 641 4376; x_wconf 78' lang='lat' dir='ltr'><strong>convenit</strong></span> <span class='ocrx_word' id='word_1_252' title='bbox 663 4312 697 4376; x_wconf 91' lang='lat' dir='ltr'><strong>in</strong></span> <span class='ocrx_word' id='word_1_253' title='bbox 721 4311 927 4397; x_wconf 82' lang='lat' dir='ltr'><strong>possessorio,</strong></span> <span class='ocrx_word' id='word_1_254' title='bbox 951 4315 1047 4393; x_wconf 83' lang='lat' dir='ltr'><strong>etque</strong></span> <span class='ocrx_word' id='word_1_255' title='bbox 1078 4311 1155 4375; x_wconf 85' lang='lat' dir='ltr'><strong>vicit</strong></span> <span class='ocrx_word' id='word_1_256' title='bbox 1186 4308 1358 4376; x_wconf 90' lang='lat' dir='ltr'><strong>interdicto</strong></span> 
     </span>
     <span class='ocr_line' id='line_1_32' title="bbox 170 4434 1351 4522; baseline 0 -24"><span class='ocrx_word' id='word_1_257' title='bbox 170 4434 374 4501; x_wconf 81' lang='lat' dir='ltr'><strong>retinendae</strong></span> <span class='ocrx_word' id='word_1_258' title='bbox 397 4454 427 4519; x_wconf 91' lang='lat' dir='ltr'><strong>q.</strong></span> <span class='ocrx_word' id='word_1_259' title='bbox 452 4437 661 4521; x_wconf 86' lang='lat' dir='ltr'><strong>possessionis</strong></span> <span class='ocrx_word' id='word_1_260' title='bbox 692 4437 771 4500; x_wconf 92' lang='lat' dir='ltr'><strong>iuris</strong></span> <span class='ocrx_word' id='word_1_261' title='bbox 799 4435 936 4522; x_wconf 81' lang='lat' dir='ltr'><strong>eligendi</strong></span> <span class='ocrx_word' id='word_1_262' title='bbox 962 4440 1123 4500; x_wconf 89' lang='lat' dir='ltr'><strong>rectorem</strong></span> <span class='ocrx_word' id='word_1_263' title='bbox 1150 4435 1351 4520; x_wconf 87' lang='lat' dir='ltr'><strong>spiritualem</strong></span> 
     </span>
    </p>
   </div>
   <div class='ocr_carea' id='block_1_9' title="bbox 0 0 1680 5117">
    <p class='ocr_par' dir='ltr' id='par_1_11' title="bbox 0 0 1680 5117">
     <span class='ocr_line' id='line_1_33' title="bbox 0 0 1680 5117; baseline 0 0"><span class='ocrx_word' id='word_1_264' title='bbox 0 0 1680 5117; x_wconf 95' lang='lat' dir='ltr'><strong> </strong></span> 
     </span>
    </p>
   </div>
  </div>
 </body>
</html>
