3350 5117
308 263 374 327 226
847 277 930 326 raas
954 277 975 324 1.

307 428 419 473 rerum
448 405 601 471 fruitione
628 410 665 472 ut
692 425 758 470 non
793 406 960 489 permittat
993 403 1152 468 violentas
1186 400 1257 468 fieri
1293 402 1488 470 mutationes

307 534 396 597 circa
419 510 541 596 factum
569 529 787 616 possessionis.
816 530 1011 612 Impetentes
1041 546 1121 591 vero
1151 525 1384 611 legitimitatem
1417 548 1487 613 pos·

307 657 467 728 sessionis,
484 656 553 720 sive
575 647 822 739 possessionem
837 654 906 718 sive
932 673 1000 716 rem
1023 673 1202 738 possessam
1227 653 1286 718 sibi
1310 653 1485 730 vindicent,

305 781 427 846 iudices
450 778 541 844 adire
563 777 691 852 debent,
708 779 762 862 qui
783 779 810 842 si
833 781 964 863 petatur
986 795 1050 858 res;
1067 778 1197 842 interim
1221 779 1338 841 mutari
1361 797 1427 841 non
1444 779 1487 842 si·
1540 857 1549 871 ·

306 911 385 970 nent
408 909 524 970 statum
548 905 774 989 possessionis;
805 903 833 966 si
864 901 905 966 de
935 903 1004 987 ipsa
1034 903 1235 986 possessione
1263 903 1488 968 controversia

305 1032 357 1104 sit,
382 1029 540 1095 curabunt
563 1051 635 1095 eum
659 1031 693 1094 in
716 1029 919 1115 possessione
941 1029 1037 1108 tueri,
1052 1047 1146 1112 quem
1171 1032 1297 1092 constat
1312 1027 1364 1092 vel
1380 1027 1488 1092 adhuc

306 1153 471 1239 possidere
494 1154 547 1219 vei
569 1159 666 1219 antea
689 1157 721 1218 et
751 1152 872 1217 diutins
896 1151 1084 1238 possedisse.
1110 1187 1152 1200 -
1178 1152 1228 1216 En
1251 1153 1334 1215 ratio
1363 1155 1395 1216 et
1419 1151 1489 1216 iun·

307 1280 492 1345 dementum
515 1281 681 1344 actionum
704 1279 977 1363 possessoriarum
1000 1278 1034 1340 in
1057 1277 1260 1362 philosophia
1283 1278 1371 1341 iuris.

396 1404 458 1470 Sed
482 1405 581 1470 fateri
604 1402 756 1468 debemus
780 1402 854 1467 inde
880 1400 983 1466 fluere
1012 1401 1175 1466 notionem
1208 1400 1377 1466 admodum
1403 1401 1488 1466 inde·

306 1530 509 1594 terminatam
532 1529 628 1593 huius
651 1527 809 1593 iuridicae
832 1526 1038 1599 defensionis,
1053 1545 1135 1610 quae
1150 1525 1190 1590 ad
1207 1529 1330 1590 certam
1347 1527 1487 1610 speciem

307 1653 418 1718 reduci
442 1673 507 1716 non
529 1657 635 1737 potest
657 1653 716 1716 nisi
742 1671 762 1714 a
785 1652 858 1715 iure
882 1651 1028 1735 positivo.
1054 1649 1217 1735 Siquidem
1249 1649 1395 1715 eamdem
1417 1669 1487 1714 rem

307 1781 418 1864 plures
432 1779 490 1846 sub
507 1779 635 1844 diverso
650 1783 783 1863 aspectu
799 1777 967 1862 possidere
983 1778 1109 1852 valent;
1127 1783 1240 1862 utputa
1250 1780 1366 1864 pignus
1379 1778 1487 1844 diver-

307 1900 428 1965 simode
451 1922 471 1964 a
493 1901 621 1964 domino
644 1905 677 1964 et
699 1919 720 1964 a
741 1901 966 1984 pignoratario
989 1899 1179 1984 possidetur,
1204 1919 1284 1984 ager
1307 1901 1489 1985 possidetur

309 2025 404 2090 etiam
416 2045 436 2089 a
448 2026 561 2091 colono
578 2026 631 2108 qui
647 2045 761 2109 agrum
780 2025 903 2089 excolit
918 2025 1048 2089 nomine
1060 2023 1203 2106 alterius,
1218 2027 1292 2090 item
1310 2023 1489 2090 commoda·

307 2151 410 2214 tarius
433 2151 466 2214 in
489 2170 559 2214 rem
583 2149 816 2215 commodatam
841 2169 931 2213 suam
956 2154 1090 2214 exercet
1109 2149 1316 2224 activitatem;
1334 2147 1390 2213 sed
1413 2148 1488 2231 quia

308 2295 360 2339 er.
374 2295 423 2359 gr.
437 2273 642 2338 commodans
661 2293 721 2358 pro
744 2272 849 2337 lubitu
867 2271 1011 2337 eamdem
1028 2272 1087 2337 sibi
1104 2292 1261 2338 revocare
1278 2277 1392 2357 potest,
1409 2291 1488 2336 sane

308 2416 371 2459 non
387 2396 504 2461 desinit
517 2395 692 2481 possidere.
710 2394 822 2470 Quare
846 2399 970 2462 tantum
987 2395 1035 2459 ius
1050 2395 1220 2480 positivum
1244 2399 1348 2480 potest
1370 2395 1486 2460 decer-

307 2540 389 2585 nere
406 2521 534 2604 quinam
552 2541 593 2584 ex
610 2520 732 2584 duobus
747 2519 987 2605 possessoribus
1003 2519 1236 2604 praeferendus
1253 2520 1302 2594 sit,
1319 2539 1361 2584 an
1381 2520 1489 2604 potius

307 2649 444 2727 uterque
460 2644 500 2707 sit
515 2641 728 2707 admittendus
744 2643 785 2708 ad
804 2642 972 2732 iuridicam
989 2645 1197 2728 possessionis
1213 2642 1445 2708 defensionem.

399 2770 577 2834 Praeterea
599 2770 675 2852 quia
697 2769 829 2853 expedit
853 2767 1051 2853 reipublicae
1075 2769 1175 2834 litium
1204 2769 1390 2832 occasiones
1418 2787 1489 2831 am-

308 2898 433 2977 putare,
450 2899 482 2958 et
497 2899 650 2980 praestat,
664 2913 775 2959 rerum
804 2894 944 2958 dominia
967 2897 998 2957 et
1023 2894 1094 2957 iura
1117 2912 1245 2978 semper
1273 2893 1401 2958 incerta
1423 2911 1488 2955 non

308 3037 452 3093 manere,
477 3026 692 3103 opportunum
716 3025 773 3092 est,
800 3021 859 3104 ipsi
884 3019 970 3084 facto
998 3018 1206 3102 possessionis
1230 3015 1314 3101 quod
1338 3015 1489 3080 conditio-

308 3162 367 3207 nes
379 3143 580 3228 praeseferat
591 3142 735 3209 adnexas
746 3143 891 3229 legitimo
905 3142 1063 3208 exercitio
1080 3141 1168 3213 iuris,
1182 3145 1304 3204 tantam
1321 3141 1488 3226 impertire

309 3271 384 3349 vim,
398 3275 432 3334 ut
454 3270 575 3334 factum
600 3271 711 3354 ipsum,
728 3275 800 3354 post
826 3273 950 3335 certum
968 3275 1103 3353 tempus,
1118 3268 1234 3333 evadat
1253 3268 1368 3353 titulus
1384 3267 1490 3350 acqui·

310 3393 422 3457 sitinus
445 3392 576 3456 dominii
598 3397 654 3457 aut
678 3393 766 3474 iuris,
785 3392 869 3478 quod
894 3394 1039 3457 exterius
1062 3389 1274 3476 significabat,
1289 3388 1345 3454 sed
1362 3408 1487 3475 reapse,

310 3535 352 3578 ex
368 3514 474 3597 aliquo
489 3515 600 3578 intimo
615 3515 704 3588 vitio,
718 3534 782 3579 non
800 3513 1052 3580 secumferebat:
1071 3533 1112 3577 en
1128 3531 1280 3598 suprema
1291 3512 1488 3578 lineamenta

310 3635 445 3700 instituti
471 3635 733 3720 praescriptionis
757 3655 815 3700 seu
839 3634 1043 3720 usucapionis
1068 3653 1110 3698 ex
1134 3635 1204 3698 iure
1228 3633 1461 3698 constituendo.

400 3757 473 3821 194.
500 3758 592 3822 Nunc
615 3758 835 3823 convertenda
858 3758 1019 3840 inquisitio
1037 3759 1068 3820 in
1093 3757 1141 3822 ius
1166 3758 1372 3822 constitutum
1391 3775 1489 3822 cano-

309 3886 427 3950 nicum.
452 3921 496 3932 -
521 3887 663 3968 Namque
686 3885 807 3950 factum
836 3887 1054 3971 possessionis,
1080 3904 1125 3950 em
1147 3903 1191 3964 se,
1217 3885 1340 3949 nullum
1373 3886 1422 3950 ius
1446 3885 1491 3970 gi·

310 4031 422 4096 gnens,
448 4013 565 4077 constit
567 4013 611 4076 uit
599 4017 653 4078 tur
673 4012 805 4093 sactum
831 4011 1016 4079 iuridicum
1040 4031 1083 4076 ex
1106 4011 1312 4096 dispositione
1328 4011 1416 4076 iuris
1432 4029 1489 4095 po·

311 4133 411 4207 sitim
436 4132 520 4197 unde
543 4132 726 4197 diversae'
719 4135 800 4198 ruris
824 4134 1005 4219 praescript
1007 4135 1095 4198 iones
1118 4132 1193 4198 huic
1221 4132 1307 4199 sacto
1331 4131 1490 4198 accedunt

312 4272 372 4337 pro
395 4252 613 4319 diversitat'e
551 4255 687 4319 truris
709 4255 873 4319 constituti
898 4255 1049 4337 cuiusque
1073 4253 1191 4318 civitat
1185 4275 1220 4318 rs.

402 4378 466 4442 Nos
485 4383 590 4465 agent
592 4399 626 4444 es
576 4378 720 4443 tde
712 4399 784 4444 iure
801 4380 978 4444 ecclesiast
958 4383 1031 4451 troo,
1048 4383 1103 4442 ant
1106 4397 1144 4442 ea
1160 4378 1235 4462 quid
1251 4379 1504 4463 explicare
1434 4377 1488 4442 de·
