3350 5117
540 328 583 375 DE
608 328 758 375 IUDIGllS·
771 326 1035 375 acctssstasrlcls
1308 309 1374 374 497

196 452 226 515 tt.
252 456 274 516 t.
299 450 510 537 prohibuerat
533 448 742 515 effraenatam
768 451 896 518 testium
913 450 1148 515 multitudinem
1171 451 1311 517 limitans
1334 451 1375 516 ad

195 575 418 661 quadraginta.
436 574 485 641 (ll.
503 573 794 661 Schmalzgrueber
811 574 842 637 h.
860 581 881 640 t.
899 594 933 637 a.
952 574 1006 641 68.
1025 611 1068 624 -
1085 576 1185 641 iudici
1200 596 1280 641 vero
1296 597 1376 641 sem-

194 721 255 786 per
282 703 314 765 in
338 702 445 765 animo
469 674 604 767 insideat
635 700 712 766 illud
745 720 859 766 sensus
891 701 1069 765 communis
1101 696 1249 765 effatum:
1279 706 1378 765 testes

196 846 261 890 non
286 830 410 891 tantum
434 832 509 891 sunt
530 826 748 897 numerandi,
774 844 871 908 quam
891 824 1122 906 ponderandi.

286 952 360 1018 482.
386 950 435 1017 Ra
458 952 585 1037 quidem
609 972 689 1016 vera
712 970 755 1015 ex
780 950 932 1034 prudenti
956 923 1105 1015 examine
1136 950 1376 1014 attestationum

197 1078 336 1161 plurium
360 1078 489 1143 testium
514 1076 616 1161 quoad
641 1077 723 1142 idem
756 1076 877 1143 factum
905 1077 1079 1160 praecipue
1102 1074 1298 1141 desumenda
1328 1080 1379 1141 est

199 1198 385 1264 eorumdem
410 1202 459 1265 vis
475 1199 653 1285 probativa.
673 1200 751 1264 Nam
770 1198 890 1263 exinde
909 1200 1030 1280 plures
1044 1204 1143 1264 testes
1158 1202 1291 1282 possunt
1306 1196 1376 1261 fieri

197 1324 398 1409 singulares,
417 1326 442 1389 si
459 1344 571 1390 eorum
585 1326 804 1389 attestationes
822 1326 855 1390 in
872 1324 956 1388 idem
968 1343 1031 1388 non
1045 1323 1259 1399 concordent3
1279 1343 1376 1407 quum

198 1448 308 1531 plures
330 1452 430 1512 testes
453 1467 518 1512 non
540 1446 624 1513 idern
648 1446 778 1526 lactum,
795 1446 851 1511 sed
873 1445 994 1510 diversi
1010 1446 1137 1511 diversa
1160 1447 1247 1511 iacta
1261 1452 1378 1513 testan-

198 1576 261 1636 tur.
279 1572 350 1637 Hoc
366 1592 461 1637 sensu
485 1571 774 1655 Schmalzgrueber
794 1572 825 1636 h.
851 1577 872 1635 t.
896 1592 930 1635 a.
957 1570 1033 1642 105,
1058 1572 1104 1634 ait
1127 1590 1182 1635 eos
1206 1588 1276 1634 esse
1306 1569 1377 1635 sin·

197 1698 336 1783 putares
359 1696 405 1782 (l)
425 1698 662 1782 singularitate:

291 1820 322 1906 1)
346 1820 562 1886 adversativa
586 1821 613 1883 si
636 1822 858 1885 attestationes
885 1820 949 1883 sint
975 1821 1061 1883 inter
1083 1840 1118 1883 se
1144 1824 1325 1904 pugnantes
1346 1822 1380 1882 et

199 1943 476 2019 contradicentem
843 1912 846 1920 ,

289 2068 323 2152 2)
347 2070 555 2135 cumulatius
572 2070 597 2132 si
614 2046 839 2134 attestationes
855 2068 1019 2153 deponant
1033 2066 1162 2131 diversa
1185 2066 1280 2132 unius
1301 2066 1380 2130 lacti

199 2192 360 2263 adiuncta,
385 2212 440 2257 seu
465 2194 619 2257 inunum
644 2194 835 2277 spectantia;
861 2212 962 2276 quare
991 2197 1091 2257 testes
1120 2190 1238 2277 singuli
1269 2182 1377 2255 diver-

200 2337 269 2381 sum
293 2307 500 2397 factum,'vel
527 2316 603 2383 iacti
627 2316 812 2381 adiunctum
836 2321 1047 2392 attestantur;

291 2440 324 2526 3)
348 2440 609 2526 diversificatioa
633 2443 659 2505 si
684 2444 907 2507 attestationes
928 2460 993 2505 non
1022 2443 1215 2522 contrariae,
1236 2440 1292 2506 sed
1315 2441 1379 2505 sint

201 2568 455 2651 impertinentes,
470 2568 514 2631 ita
538 2572 572 2631 ut
595 2587 659 2632 una
683 2566 821 2651 deponat
844 2568 977 2639 lactum,
994 2568 1058 2631 alia
1080 2566 1166 2630 aliud
1190 2586 1272 2649 quae
1294 2568 1381 2631 inter

201 2710 236 2754 se
260 2688 455 2771 discordant,
470 2690 525 2755 sed
549 2710 614 2754 non
639 2690 874 2757 contradicunt.
894 2693 943 2755 lta
961 2691 1154 2777 singulares
1169 2696 1243 2755 sunt
1261 2692 1381 2773 plures

201 2820 309 2895 testes,
335 2817 418 2880 inter
442 2835 477 2881 se
501 2818 694 2901 comparatis
711 2836 823 2881 eorum
840 2816 1103 2881 attestationibus.

292 2939 463 3003 Attestatio
479 2958 558 3001 vero
582 2939 676 3001 unius
700 2940 790 3002 testis
815 2958 904 3002 suam
922 2939 1040 3002 amittit
1057 2940 1122 3001 vim
1145 2942 1201 3001 aut
1223 2938 1316 3021 parvi
1334 2933 1379 3010 iit,

203 3068 229 3130 si
257 3067 347 3130 testis
371 3065 411 3129 sit
434 3064 552 3159 curius
575 3064 627 3128 vel
644 3065 838 3131 contrarius
860 3065 914 3128 vel
936 3064 1382 3131 oocittaoa.-1uvethanc

203 3190 362 3275 analysim
376 3163 588 3273 proposuisse,
606 3194 640 3255 ut
651 3191 752 3254 oculis
769 3190 881 3255 iudicis
894 3190 1081 3257 subiiciatur
1093 3196 1209 3255 natura
1224 3190 1381 3255 examinis

203 3312 400 3399 perficiendi,
425 3319 492 3379 tum
517 3316 619 3397 quoad
642 3320 742 3381 testes
763 3316 832 3379 lum
857 3308 960 3399 quoad
983 3316 1220 3390 attestationes3
1237 3314 1292 3378 sed
1316 3334 1381 3379 non

205 3434 322 3499 exinde
334 3435 410 3498 licet
424 3439 531 3499 certas
544 3434 768 3527 probationum
780 3435 943 3501 deducere
956 3436 1095 3521 regulas,
1105 3456 1186 3519 quae
1198 3436 1238 3500 ob
1250 3455 1381 3501 casuum

205 3560 414 3643 peculiarium
439 3558 578 3623 indolem
602 3559 674 3623 sere
698 3580 826 3645 sempor
859 3564 966 3624 essent
992 3559 1135 3624 fallaces.
1169 3562 1218 3624 lta
1248 3557 1300 3624 ex.
1331 3579 1381 3645 gr.

203 3685 302 3746 testes
319 3682 499 3766 singulares
524 3683 748 3768 singularitate
765 3683 975 3748 complutico
997 3680 1133 3747 mirifice
1156 3682 1276 3747 factum
1300 3702 1383 3747 com-

207 3807 355 3892 probant,
375 3827 470 3891 quum
488 3808 608 3871 diversi
625 3808 766 3872 eiusdem
785 3808 863 3873 iacti
880 3808 1010 3872 diversa
1026 3813 1219 3873 attestantur
1235 3806 1385 3873 adiuncta

291 4107 335 4176 tl)
358 4108 445 4177 Caput
463 4110 512 4175 3⁸2,
532 4110 556 4160 lt.
572 4120 589 4160 r.
614 4108 642 4161 Χ
660 4106 774 4161 adnotat
788 4128 803 4158 s
818 4123 913 4161 eorum
928 4107 1118 4175 probationem
1138 4122 1199 4160 asse
1218 4104 1384 4159 insufficien-

210 4222 273 4281 tem,
292 4232 325 4269 eo
344 4215 415 4285 quod
430 4215 532 4284 singuli
553 4217 686 4269 essentia
702 4216 758 4268 suis
779 4216 946 4269 testimoniis
962 4213 1156 4283 singulares».
1170 4213 1211 4266 lta
1229 4216 1284 4267 cluo
1303 4230 1384 4270 senes

209 4318 364 4373 Susannam
384 4326 546 4375 accusantes
566 4326 645 4386 erant
664 4320 829 4388 singulares,
848 4336 966 4390 quorum
986 4318 1058 4371 alter
1076 4316 1205 4372 adulterii
1225 4318 1329 4372 crimen
1348 4318 1398 4371 ab'

208 4446 242 4484 aa
261 4428 437 4481 commissum
457 4428 566 4482 dicabat
585 4429 635 4480 sub
651 4432 751 4497 prin0;
770 4426 842 4481 alter
861 4428 911 4481 sub
930 4428 1032 4481 schioo.

354 4534 413 4589 Suc.
434 4534 519 4603 Lapa.
1183 4606 1187 4612 Ι
1206 4530 1242 4583 32
