3350 5117
488 347 531 395 nn
564 349 703 398 runicus
731 350 996 399 nccnnsmsrrms
1263 332 1329 396 319

155 469 257 544 cendi,
282 471 337 537 sed
369 472 463 538 dubio
486 476 598 561 procul
622 473 767 542 efficacia
790 477 1061 561 praescriptionis,
1082 495 1146 560 qua
1168 479 1240 560 post
1263 495 1329 559 pos·

154 601 328 664 sessionem
352 607 443 666 certo
473 608 618 686 tempore
641 609 674 668 et
704 601 762 666 sub
789 607 880 666 certo
905 600 997 666 modo
1021 601 1240 666 continuatam
1271 599 1329 664 ali-

155 723 239 806 quod
262 723 311 786 ius
328 727 580 808 comparatum
603 726 738 809 positivo
754 730 877 789 tantum
901 726 972 790 iure
990 722 1254 810 recognoscenda
1271 728 1328 788 ast.

156 851 374 926 -Quocirca
391 828 497 934 quoad
511 869 563 916 res
580 853 642 916 iuri
659 852 745 917 civili
769 852 925 917 obnoxias
939 852 994 917 lex
1015 853 1119 917 civilis
1134 849 1329 923 attendatur,

157 977 206 1040 ius
234 995 314 1040 vero
338 978 526 1044 canonicum
554 977 658 1060 quoad
686 997 740 1042 res
770 977 847 1044 huic
871 978 1047 1052 subiectas;
1079 985 1112 1042 et
1139 976 1213 1042 inde
1236 996 1331 1060 prae·

155 1099 288 1184 scriptio
311 1101 400 1185 riget
422 1101 518 1164 etiam
541 1119 600 1184 pro
625 1099 696 1164 foro
720 1100 947 1172 conscientiae,
961 1098 1141 1179 dummodo,
1165 1099 1265 1164 tuctu
1280 1116 1331 1162 oe·

155 1225 301 1304 ritatem,
326 1230 498 1290 serventur
513 1225 675 1310 legitimae
691 1224 899 1290 conditiones.
926 1227 1057 1308 inquam
1083 1260 1101 1272 ·
1127 1224 1226 1289 iacta
1248 1223 1332 1289 oeri-

157 1355 259 1415 tatem
272 1385 289 1397 -
308 1351 382 1433 quia
405 1351 437 1414 in
460 1350 533 1414 foro
556 1355 692 1415 externo
717 1350 856 1415 maxime
878 1350 1057 1416 attenditur
1075 1351 1332 1434 praesumptio;

157 1479 189 1540 in
212 1477 351 1548 interno,
376 1475 509 1540 ceritati
533 1476 629 1541 cedat
649 1476 886 1560 praesumptio
911 1481 1052 1558 oportet.

247 1601 281 1684 5)
299 1603 341 1668 At
357 1621 420 1667 una
442 1621 485 1668 ex
499 1604 681 1687 praecipuis
704 1602 939 1670 conditionibus
962 1603 1207 1688 praescriptioni
1231 1603 1282 1666 vel
1300 1604 1332 1666 in

145 1728 228 1792 viuro
254 1733 391 1792 externo
411 1729 602 1792 necessariis
626 1734 674 1793 est
697 1728 786 1795 boma
802 1729 897 1814 sides,
921 1735 957 1793 ut
978 1728 1191 1814 praescriptio
1214 1728 1256 1794 sit
1270 1748 1334 1790 mc·
1417 1776 1419 1779 .

157 1852 215 1918 dus
240 1854 399 1920 nonesto
414 1873 523 1917 rerum
539 1853 819 1938 acquirendarum,
834 1859 869 1920 et
883 1853 974 1920 fraus
991 1859 1023 1920 et
1038 1852 1130 1917 dolus
1146 1852 1266 1916 nemini
1282 1871 1334 1934 pa-

155 1978 314 2042 trocinari
331 1975 457 2042 debent.
476 1975 617 2040 Proinde
632 1976 716 2041 bona
739 1975 817 2042 tides
834 1977 875 2042 ad
898 1979 1125 2062 usucapionem
1143 1981 1202 2046 est.
1219 1975 1333 2058 opimio

153 2105 360 2188 possessoris
383 2103 442 2190 qai
464 2123 539 2169 rem
550 2105 730 2187 possideas
753 2105 869 2170 animo
893 2104 1104 2172 dominantis
1123 2103 1251 2169 nemini
1267 2121 1335 2168 cre·

157 2229 216 2294 dat
240 2227 414 2310 sefacere
437 2225 611 2291 iniuriam.
642 2227 774 2309 inquam
800 2262 818 2274 ·
843 2226 960 2292 animo
984 2225 1192 2292 dominantis
1218 2260 1235 2273 -
1261 2227 1336 2309 quia

157 2355 317 2439 possessio
333 2352 373 2418 ad
393 2353 617 2438 usucapionem
635 2350 808 2416 dominium
824 2371 942 2436 parere
957 2350 1061 2431 debet,
1075 2356 1108 2415 et
1122 2350 1200 2416 hinc
1212 2370 1335 2435 posses·

157 2501 213 2544 sor
236 2477 334 2542 debet
356 2497 391 2542 se
413 2482 552 2542 caterae
574 2493 694 2561 perere
724 2475 768 2540 uti
793 2473 964 2540 dominum.
983 2471 1044 2538 Sed
1069 2492 1133 2538 non
1158 2473 1336 2556 requiritur

157 2602 275 2687 opinio
300 2601 431 2668 domiai
461 2621 518 2666 seu
548 2601 713 2686 persuasio
744 2589 886 2670 dominii,
906 2597 1062 2682 siquidem
1085 2616 1254 2681 possessor
1277 2598 1336 2661 etsi

157 2729 242 2792 sciat
264 2745 301 2790 se
315 2745 381 2790 non
404 2745 474 2790 esse
490 2725 661 2798 dominum,
675 2729 778 2811 potest
792 2723 878 2788 bona
900 2721 961 2787 fide
977 2721 1141 2806 possidere
1165 2727 1198 2788 et
1216 2723 1250 2786 in
1266 2742 1335 2786 rem

158 2871 321 2918 exercere
344 2851 472 2938 plenum
487 2852 658 2916 activitatis
682 2850 883 2930 exercitium,
897 2867 954 2913 seu
973 2867 1041 2912 rem
1058 2852 1203 2914 tractare
1219 2847 1336 2911 ammo

157 2979 379 3047 amimam.
404 2959 451 3043 cl.
477 2977 631 3063 Ruggeri,
656 2994 710 3058 op.
736 2975 800 3047 aa,
824 2977 847 3058 g
870 2974 951 3040 494.

251 3103 284 3186 6)
308 3102 363 3168 Ius
387 3100 481 3166 civile
506 3121 585 3166 rom.
609 3119 652 3166 ox
676 3103 696 3166 l.
721 3118 779 3165 aa.
797 3099 870 3166 cod.
894 3097 945 3164 De
968 3117 1061 3164 usuc.
1087 3103 1204 3172 trans,
1234 3098 1338 3180 requi·

159 3229 235 3293 sivit
258 3228 375 3292 bonam
399 3223 493 3290 tidem
517 3227 550 3289 in
574 3223 761 3290 ordinariis
777 3221 1083 3308 praescriptionibus
1099 3226 1131 3285 et
1154 3225 1277 3285 tantum
1298 3219 1336 3284 ab

159 3355 270 3426 initio;
295 3349 415 3415 nnllam
440 3367 518 3413 vero
542 3348 574 3412 in
598 3345 896 3414 extraordinariis.
922 3344 985 3411 Sed
1008 3347 1057 3410 ius
1081 3365 1164 3417 can„
1178 3364 1221 3409 er
1243 3365 1271 3411 c.
1287 3345 1338 3408 20

160 3481 191 3544 lt.
207 3485 239 3550 t,
253 3477 289 3542 X
301 3474 438 3562 (11‚26),
454 3475 632 3540 naturalem
648 3477 841 3558 aequitatem
858 3475 1104 3557 interpretatum
1123 3471 1269 3535 correxit
1283 3469 1339 3534 hu·

161 3599 299 3670 iusmodi
316 3603 553 3688 dispositionem
571 3605 603 3666 et
619 3600 771 3685 implicite
794 3619 905 3664 ornnes
929 3598 1055 3664 codices
1079 3584 1141 3662 hoc
1165 3596 1338 3666 edicturus,

159 3731 263 3795 veluti
287 3727 439 3814 gallicum
463 3731 495 3792 et
518 3727 669 3798 italicum,
691 3727 806 3810 quippe
830 3724 997 3790 observari
1021 3743 1086 3788 non
1110 3727 1242 3809 possunt
1269 3724 1339 3787 sine

161 3964 253 4018 lorum
266 3961 314 4032 qui
329 3963 434 4025 tenent,
447 3963 555 4028 tempus
570 3959 684 4028 trapam
697 3961 726 4011 et
739 3959 904 4011 dictamum
917 3973 966 4025 per
981 3973 1010 4010 se
1024 3960 1087 4008 iura
1101 3971 1235 4023 generare
1246 3969 1338 4024 posse3

162 4070 268 4126 atinde
282 4069 421 4140 probatin
436 4066 573 4136 publicam
587 4064 740 4119 utilitatem
753 4063 865 4116 fluxisse
884 4079 901 4114 a
919 4062 980 4116 iure
1001 4061 1120 4131 positivo
1140 4058 1337 4130 praescriptio-

163 4197 235 4234 nem.
249 4177 308 4231 lmo
327 4174 499 4230 Glossatores
518 4175 651 4225 notarunt
669 4185 729 4223 esse
746 4169 838 4237 potins
849 4167 1000 4221 secundnm
1013 4167 1056 4219 ius
1068 4164 1206 4230 naturale,
1218 4168 1249 4217 ut
1262 4162 1340 4215 nullo

163 4285 298 4356 temporis
317 4283 417 4353 spatia,
439 4279 618 4352 possessionis
636 4281 739 4354 tactum
760 4277 848 4346 possit
866 4277 927 4329 iura
946 4281 1064 4350 mutare,
1083 4277 1213 4327 notantes
1228 4271 1261 4324 ad
1283 4273 1301 4323 t.
1318 4271 1339 4323 1.

163 4395 192 4463 ff.
212 4395 238 4445 b.
259 4394 297 4444 tit.
318 4388 562 4459 praescriptionem
582 4401 641 4439 esse
661 4383 800 4436 inductam
820 4399 835 4434 ι
855 4383 1058 4435 actualitatem
1078 4382 1201 4433 omnium
1219 4395 1342 4432 comma-

165 4521 229 4559 nem
248 4511 344 4558 contra
362 4501 527 4570 aequitatem
546 4493 705 4548 naturalem
725 4501 774 4546 etc.
790 4509 805 4542 n
