3350 5117
303 303 371 371 326
832 328 917 377 anns
940 329 962 376 1.

303 447 434 532 etloum
460 449 735 534 praescriptionis,
760 449 926 535 complens
956 449 1151 514 elementum
1179 449 1398 516 moeoticum
1428 470 1485 514 seu

302 571 332 637 b.
356 573 378 638 l.
409 593 543 658 eamque
567 579 704 640 externe
726 575 926 661 probabilem
950 582 984 641 et
1006 575 1174 642 iuridicam
1198 575 1303 640 reddit
1325 575 1382 661 (l).

395 697 477 766 Sunt
500 699 588 765 tituli
610 700 690 766 iusti
713 700 739 764 ii
762 701 816 783 qui
849 698 1043 765 ordinantur
1073 698 1114 765 ad
1141 697 1402 766 transferendum
1428 697 1487 762 do-

222 837 225 844 *
304 823 452 899 minium;
483 825 636 908 quocirca
664 844 731 889 non
763 827 811 890 est
844 825 960 890 titulus
990 824 1098 890 iustus
1127 823 1168 889 ad
1197 823 1487 909 praescriptionem

304 947 450 1024 idoneus,
475 951 603 1027 locatio,
629 951 809 1024 conductio,
836 949 1081 1032 commodatum,
1106 949 1293 1036 depositum,
1310 949 1489 1035 pignus;e

304 1079 427 1141 contra
462 1077 589 1161 emptio,
625 1075 777 1150 venditio,
813 1075 953 1177 donatio,
988 1075 1140 1161 legatum,
1173 1079 1249 1140 sunt
1272 1073 1359 1140 tituli
1392 1073 1485 1139 iusti.

305 1200 352 1266 At
373 1199 532 1284 quomodo
547 1201 759 1286 praescriptio
784 1204 832 1266 est
854 1200 968 1266 modus
983 1199 1171 1284 acquirendi
1191 1199 1332 1278 dominii,
1344 1199 1372 1262 si
1386 1197 1487 1262 alium

304 1325 411 1410 exigit
431 1324 473 1390 ad
496 1325 560 1390 hoc
582 1327 709 1389 iustum
733 1319 895 1390 titulum?
919 1324 958 1388 In
981 1324 1307 1408 hanc'quaestionem
1335 1323 1399 1393 iam
1428 1319 1487 1383 ad-

304 1448 472 1523 vertimus,
487 1449 775 1534 praescriptionem
803 1468 920 1514 sanare
943 1447 1088 1514 defectus
1110 1452 1201 1514 actus
1223 1447 1405 1531 acquisitivi
1428 1465 1488 1510 seu
1575 1502 1581 1516 .

304 1573 421 1639 vitium
445 1572 527 1640 tituli
553 1577 690 1640 externe
713 1575 807 1658 positi
830 1572 982 1659 legitime,
1007 1575 1061 1658 qui
1083 1577 1192 1638 tamen
1221 1592 1264 1636 ex
1290 1575 1383 1658 parte
1405 1571 1487 1635 alie·

304 1700 417 1766 nantis
440 1697 582 1765 inficitur
605 1699 711 1782 aliquo
735 1699 874 1772 deiectu,
891 1699 977 1764 unde
996 1719 1107 1764 rerum
1123 1698 1297 1764 dominium
1311 1696 1488 1762 transferri

306 1841 374 1888 non
397 1824 509 1908 potuit.
534 1822 658 1889 Titulus
688 1823 733 1890 ita
763 1825 869 1908 impar
898 1823 1113 1888 translationi.
1132 1822 1339 1908 proprietatis
1368 1819 1491 1884 dicitur

304 1947 485 2013 coloratus.

394 2071 471 2138 295.
498 2070 647 2136 Iamvero
679 2071 716 2138 in
747 2072 930 2140 ordinario
948 2072 1221 2155 praescriptione
1244 2091 1289 2136 eso
1314 2071 1491 2138 voluntate

309 2215 476 2279 expressa
497 2195 585 2262 turis
600 2215 686 2268 cun„
704 2216 747 2260 ex
762 2215 837 2280 cop.
857 2195 881 2261 4
904 2197 935 2261 lt.
949 2201 971 2260 t.
986 2197 1022 2260 X
1034 2197 1213 2281 requiritur
1227 2196 1337 2261 titulus
1352 2197 1486 2262 colore-

309 2325 364 2386 tus
380 2317 438 2406 (2).
455 2319 527 2385 Non
544 2317 661 2386 sufficit
676 2320 786 2386 titulus
802 2321 1016 2386 aestimatas
1032 2340 1089 2385 seu
1106 2320 1291 2403 patetimcs,
1307 2321 1361 2404 qui
1376 2320 1486 2386 locum

307 2442 408 2510 habet
424 2443 550 2528 quando
581 2444 727 2510 creditur
758 2465 800 2510 ex
832 2444 915 2510 falsa
945 2445 1093 2529 opinione
1124 2444 1338 2510 intervenisse
1366 2464 1490 2510 revera

304 2569 436 2635 titulum
460 2573 551 2635 recte
573 2571 721 2656 positum,
738 2573 792 2654 qui
813 2589 928 2656 reapse
950 2590 1016 2634 non
1040 2570 1488 2652 interluit.Di1i·ircprae-

306 2693 493 2776 scriptione
515 2695 696 2772 ordinaria
719 2714 766 2761 ece
789 2697 960 2762 voluntate
985 2695 1072 2761 iuss’s
1101 2712 1266 2778 expressa
1290 2730 1308 2742 ·
1332 2715 1409 2759 nam
1437 2696 1490 2760 ius

309 2835 393 2898 can,
410 2815 494 2902 quod
516 2836 644 2902 semper
668 2823 701 2882 et
715 2817 747 2882 in
765 2835 965 2901 quocumque
980 2821 1125 2902 tempore
1141 2815 1181 2880 ad
1198 2815 1484 2902 praescribendum

396 3065 437 3138 (l)
457 3065 590 3120 Nonnulli
611 3066 679 3121 iuris
704 3067 794 3121 civilis
821 3070 1053 3121 commentatores
1078 3066 1227 3135 opinantur
1251 3067 1364 3119 titutum
1381 3066 1489 3118 iustum

308 3171 412 3241 requiri
432 3170 522 3226 aiurc
535 3169 654 3240 positivo
667 3171 745 3242 quasi
759 3170 968 3225 fundamentum
987 3174 1017 3224 et
1026 3170 1172 3225 'rationem
1184 3170 1211 3223 b.
1230 3170 1257 3235 t,
1271 3185 1326 3222 non
1338 3185 1406 3224 vero
1421 3185 1490 3222 con-

307 3277 427 3332 stituere
446 3275 633 3332 conditionem
651 3277 817 3331 disiunctum
837 3294 855 3330 a
873 3279 899 3331 b.
918 3277 937 3331 f.
949 3305 986 3318 -
1004 3276 1057 3331 Sed
1070 3277 1162 3331 verius
1181 3281 1224 3331 est
1242 3279 1345 3330 iustum
1364 3278 1489 3344 titutum,

308 3381 566 3450 peccaminibus
591 3382 777 3436 conditionem
800 3385 970 3450 oblecticium,
990 3383 1121 3436 nimirum
1145 3382 1305 3437 distinctam
1324 3401 1341 3436 a
1365 3386 1390 3438 b.
1410 3385 1430 3437 f.
1457 3391 1487 3439 et

308 3491 422 3544 titulum
441 3493 545 3544 iustum
565 3491 727 3560 requisitum
746 3491 832 3545 tuisse
857 3507 875 3544 a
893 3491 954 3545 iure
973 3491 1101 3560 positivo,
1113 3494 1146 3544 ut
1163 3489 1324 3544 institutum
1347 3491 1488 3560 praescri·

309 3595 413 3665 ptionis
430 3595 521 3664 magis
540 3599 612 3650 esset
630 3611 780 3649 consonum
800 3595 944 3666 principiis
963 3596 1121 3666 aequitatis,
1132 3611 1194 3648 cum
1212 3595 1371 3651 consuleret
1390 3613 1490 3652 neces-

307 3701 388 3756 sitati
406 3700 548 3756 auferendi
574 3699 658 3754 dubia
682 3699 758 3755 circa
776 3701 927 3755 efficaciam
947 3701 1031 3755 tituli.
1056 3700 1187 3757 Cetemm
1205 3701 1302 3769 negari
1321 3715 1378 3755 non
1403 3701 1489 3756 debet

304 3808 381 3863 tituli
403 3806 482 3880 {iusti
502 3809 679 3863 existentiam
700 3809 847 3880 complere,
857 3815 955 3880 suapte
974 3811 1011 3875 vi,
1024 3811 1276 3880 praesumptionem
1295 3812 1321 3864 b.
1339 3811 1358 3862 f.
1377 3810 1407 3864 in
1425 3812 1491 3865 toro

310 3919 436 3973 externo.
456 3916 496 3970 Cf.
510 3917 545 3970 cl.
559 3915 683 3985 Ruggeri
705 3935 747 3988 op.
761 3919 806 3972 cit.
821 3921 838 3982 ἓ
853 3916 1225 3984 5230tscrafini,1nst.di
1241 3920 1294 3971 dir.
1309 3921 1417 3984 rcua‚§
1433 3919 1455 3971 6
1459 3920 1487 3972 7.

380 4023 419 4092 (2)
439 4021 481 4076 Ne
500 4023 551 4077 fiat
569 4022 771 4093 aequivocatio,
789 4026 904 4077 notetur
923 4023 1072 4078 nonnullos
1090 4024 1248 4079 canonistas
1268 4023 1382 4078 titulum
1409 4027 1489 4080 colo·

310 4138 405 4182 retum
424 4127 565 4198 appellare
583 4133 746 4199 putatia-um.
767 4126 819 4181 Sed
838 4142 890 4181 nos
906 4126 1024 4181 dicimus
1042 4130 1202 4198 putativum
1223 4146 1272 4183 seu
1297 4131 1488 4184 existimatum

316 4229 430 4286 titulum
453 4232 500 4302 qui
522 4247 620 4301 reapse
639 4247 694 4285 non
712 4231 821 4296 extitit3
839 4243 1053 4300 praesumptum
1069 4247 1136 4286 uero
1163 4248 1226 4286 eum
1247 4248 1379 4286 vocamus
1403 4249 1489 4303 quem

312 4337 359 4392 lex
379 4337 531 4406 praesumit
558 4337 741 4392 intervenisse
760 4335 795 4390 ad
822 4337 952 4391 effectum
979 4336 1206 4406 praescriptionis
1229 4341 1489 4404 extraordinariae,

309 4441 358 4513 qui
378 4443 493 4498 effectus
505 4441 657 4508 obtinetur,
677 4443 729 4497 etsi
749 4442 850 4496 titulus
867 4441 1020 4497 nullimode
1039 4443 1145 4513 positus
1162 4443 1209 4498 sit
