3350 5117
513 308 556 355 un
580 309 719 357 1unrcns
744 310 1011 361 aconasmsmors
1284 293 1350 359 423

627 610 809 691 seculo
840 612 891 688 ΙΙ.

341 786 393 857 De
417 786 544 857 iudicii
567 787 842 858 introductione
865 791 904 858 et
926 788 1180 859 instructione.

172 1018 388 1075 summarium.
406 1048 440 1061 —
460 1020 521 1074 395.
541 1019 703 1089 Explicatur
722 1020 805 1076 huius
826 1022 1002 1078 tractationis
1021 1023 1147 1076 materia
1161 1050 1196 1063 -·
1208 1021 1268 1076 396.
1283 1020 1350 1074 Tra·

256 1130 332 1182 ditur
351 1128 423 1182 ratio
441 1127 591 1182 divisionis.

258 1306 334 1372 395.
349 1308 528 1374 Praeiactis
540 1308 572 1373 in
589 1309 755 1394 superiore
768 1311 913 1373 sectione
926 1308 1216 1374 fundamentalibus
1227 1308 1350 1394 regulis

174 1430 213 1495 ad
238 1449 425 1515 processum
452 1430 632 1497 iudicialem
655 1430 890 1512 instruendum,
906 1429 1000 1495 modo
1024 1429 1064 1494 de
1088 1429 1156 1493 eius
1182 1434 1347 1495 structura

168 1553 262 1619 nobis
277 1553 437 1639 agendum
454 1560 511 1627 est,
526 1556 615 1637 quasi
630 1574 728 1639 super
744 1553 956 1619 fundamento
970 1553 1011 1617 ad
1027 1554 1172 1619 ultimum
1187 1552 1348 1639 fastigium

169 1682 364 1747 extollentes
376 1679 564 1746 aedificium.
576 1682 709 1747 Revera
721 1680 870 1745 diversas
883 1679 1040 1745 iudicialis
1055 1700 1225 1764 processus
1239 1683 1348 1764 partes

174 1808 205 1869 in
223 1808 460 1893 prolegomenis
483 1809 545 1871 iam
569 1806 840 1886 adumbravimus,
861 1825 939 1889 quas
962 1824 1049 1869 nunc
1071 1804 1173 1890 magis
1195 1803 1349 1869 evolvere

165 1936 198 1997 et
221 1932 309 1995 inter
331 1952 366 1997 se
390 1934 434 1997 ita
457 1950 651 2017 componere
674 1930 838 2003 debemus,
858 1936 894 1995 ut
908 1948 1079 2015 processus
1103 1929 1260 1994 iudicialis
1275 1948 1347 1994 coa·

165 2054 268 2121 lescat
291 2056 354 2119 rite
377 2055 542 2121 ordinatus
565 2056 605 2121 ad
629 2056 701 2121 lites
727 2028 873 2141 legitime
896 2055 1100 2121 dirimendas.

184 2238 187 2245 ,
257 2179 406 2243 Iamvero
423 2180 455 2242 in
471 2178 534 2242 hac
551 2178 699 2244 Sectione
714 2178 859 2243 dicemus
879 2197 1016 2261 quanam
1032 2177 1137 2241 torma
1153 2178 1186 2240 in
1206 2196 1244 2241 re
1260 2175 1347 2241 civili

165 2302 357 2401 imploratur
380 2303 494 2369 iudicis
508 2303 719 2369 ministerium
732 2321 832 2389 super
848 2303 956 2387 aliqua
972 2302 1204 2383 controversia,
1221 2305 1254 2366 et
1268 2320 1347 2384 quo-

165 2428 259 2493 modo
283 2427 347 2492 alia
369 2448 446 2514 pars
469 2434 667 2491 convocatur
698 2446 809 2491 coram
834 2426 939 2492 iudice
970 2430 1181 2511 competente,
1205 2444 1244 2489 eo
1267 2442 1347 2488 sane

164 2553 299 2651 consilio
323 2558 358 2617 ut
381 2554 525 2638 petitioni
549 2554 670 2617 actoris
692 2552 745 2617 vel
771 2557 894 2617 annuat
918 2550 969 2617 vel
992 2554 1020 2617 si
1043 2551 1180 2631 resistat,
1207 2568 1243 2614 se
1269 2547 1345 2613 sub-

165 2680 270 2744 mittat
293 2679 459 2763 processui
484 2678 633 2749 iudiciali,
651 2698 714 2762 quo
729 2682 823 2742 actor
842 2677 981 2763 probare
1005 2674 1143 2741 intendit
1165 2694 1255 2739 suam
1271 2675 1347 2759 peti-

165 2806 295 2883 tionem,
319 2822 477 2887 quamque
500 2802 635 2887 proinde
658 2804 850 2888 impugnare
874 2820 933 2887 pro
957 2800 1079 2865 viribus
1103 2819 1160 2865 reo
1183 2802 1345 2885 integrum

163 2933 224 2993 est.
234 2962 277 2975 -
291 2928 342 2992 Ex
358 2926 599 3012 probationibus
610 2927 688 2991 hinc
700 2926 775 2990 inde
791 2946 810 2990 a
827 2924 972 3011 partibus
983 2924 1099 2995 allatis,
1113 2944 1170 2989 seu
1183 2924 1223 2989 ab
1234 2937 1346 2989 acriore

163 3046 204 3113 ad
227 3048 407 3135 urgendam
431 3069 520 3113 suam
542 3048 736 3134 petitionem,
754 3068 774 3112 a
797 3067 853 3112 reo
870 3046 910 3111 ad
927 3049 1019 3134 istam
1044 3044 1273 3131 repellendam,
1292 3064 1345 3109 re-

163 3172 262 3238 sultat
276 3173 445 3236 instructio
461 3172 579 3253 iudicii,
593 3173 666 3255 quia
682 3173 762 3236 istae
779 3169 986 3255 probationes
1002 3169 1199 3234 constituunt
1213 3167 1346 3236 totidem

163 3303 366 3383 argumenta,
380 3316 462 3381 quae
477 3316 579 3381 aequa
594 3297 688 3361 lance
703 3317 723 3360 a
736 3296 842 3361 iudice
854 3294 1031 3382 ponderata
1044 3296 1262 3361 determinant
1277 3296 1345 3361 eius

162 3421 355 3486 sententiam
379 3440 470 3485 reum
494 3421 712 3487 absolventem
737 3421 789 3485 vel
814 3421 1090 3487 condemnantem.

255 3545 359 3610 Causa
370 3564 449 3610 vero
462 3547 579 3611 instrui
594 3551 698 3632 potest
712 3545 765 3611 vel
779 3548 919 3612 servatis
931 3546 1053 3631 regulis
1060 3564 1241 3629 processus
1255 3546 1344 3611 ordi·

160 3669 256 3733 nardi
279 3688 337 3733 seu
360 3670 528 3743 solemnis,
553 3670 605 3735 vel
628 3670 851 3735 tantummodo
874 3671 1012 3735 servatis
1040 3669 1345 3754 praescriptionibus

157 3809 342 3873 processus
364 3792 554 3858 ammorii.

253 3914 441 3996 Praeterea,
459 3916 490 3979 in
508 3917 725 4000 quaestionem
737 3916 961 4001 principalem,
974 3914 1119 3980 incidere
1131 3915 1236 3980 solent
1250 3934 1344 3998 quae-

164 4041 286 4106 stiones
302 4041 513 4113 accessorius,
528 4040 645 4105 exinde
660 4046 865 4126 nuncupatae
880 4041 1074 4112 incidentes,
1092 4060 1228 4123 quarum
1243 4040 1277 4104 in
1292 4040 1345 4106 de

163 4148 308 4229 finitione
332 4164 506 4230 nonnullae
529 4166 709 4250 peculiares
733 4164 871 4249 regulae
887 4164 1108 4230 observandae
1131 4169 1215 4228 sunt

254 4284 382 4351 Exinde
405 4290 494 4371 patet
516 4285 611 4350 huius
634 4286 791 4351 Sectionis
808 4288 955 4351 materia.
972 4320 1016 4335 -
1032 4286 1143 4350 Primo
1158 4287 1344 4352 evolvemus

163 4431 352 4497 processum
368 4411 486 4479 iudicii
501 4410 681 4492 ordinarii,
698 4410 771 4475 dein
791 4431 926 4499 agemus
942 4409 981 4477 de
997 4410 1122 4477 iudiciis
1135 4410 1342 4477 summariis.
