3350 5117
475 355 518 402 nn
542 353 681 402 runicus
704 355 969 404 accunsmsrrcrs
1246 339 1311 406 493

128 477 232 544 stibus
248 499 360 545 omnes
375 479 509 564 regulae
532 497 631 564 supra
646 478 841 564 explicatam
866 480 923 546 sed
938 481 1087 565 specialis
1103 483 1245 565 quaestio
1263 489 1312 547 est

127 623 173 668 an
198 606 231 669 in
262 605 444 672 huiusmodi
467 607 677 690 causispars
700 610 800 670 testes
828 606 1012 690 producens
1043 614 1075 673 et
1105 607 1312 674 adversarius

127 731 246 797 adesse
268 735 392 818 possint
406 734 466 819 ipsi
490 732 632 798 examini
647 752 705 798 seu
727 733 1035 818 interrogationibus
1050 733 1163 800 iudicis
1187 740 1219 800 et
1234 755 1311 800 con-

127 863 223 948 gruis
247 858 508 943 responsionibus
531 859 621 922 testis
645 856 702 943 (l).

198 985 305 1072 *rma
329 984 383 1050 co.
406 981 441 1046 s.
467 983 501 1048 o.
526 982 595 1048 aa.
615 987 652 1066 ‚a
674 981 746 1046 aa.
771 981 808 1046 11
832 982 925 1046 rone
948 982 1049 1064 1880,
1070 1003 1101 1048 a.
1126 1003 1157 1048 a.
1181 969 1234 1064 17,
1259 985 1310 1058 rs,

127 1111 221 1177 iubet
242 1114 340 1177 testes
363 1109 549 1194 singillatim
577 1127 636 1172 seu
659 1110 790 1173 remotis
814 1105 957 1192 partibus
981 1110 1155 1204 audiendos
1186 1133 1256 1178 esse
1280 1119 1312 1178 et

126 1239 228 1302 etiam
253 1233 310 1300 sub
335 1235 440 1300 iurata
463 1233 658 1318 obligatione
681 1235 799 1298 secreti
822 1253 843 1296 a
872 1237 956 1299 teste
980 1233 1141 1316 servandi,
1165 1237 1191 1299 si
1220 1257 1311 1301 casus

126 1365 228 1428 ferat.
254 1397 297 1411 —
321 1361 348 1424 Ε
372 1364 486 1424 contra
518 1360 589 1424 iure
618 1359 834 1424 Decretalium
862 1378 936 1442 cap.
962 1359 996 1434 2,
1022 1359 1053 1422 b.
1079 1365 1100 1424 i.
1132 1361 1173 1430 Χ,
1198 1359 1310 1425 decer-

126 1487 271 1554 nebatur
294 1486 330 1550 in
351 1486 422 1569 fia:
448 1485 570 1550 <Ecce
597 1484 836 1550 admonendas
859 1489 906 1549 est
933 1504 1068 1566 semper
1092 1486 1312 1550 adversarius

122 1615 167 1674 aet
189 1610 238 1675 ad
265 1609 453 1674 audiendos
477 1613 572 1674 testes
594 1607 729 1689 oeniat5
752 1608 844 1691 quod
867 1608 949 1691 puio
973 1609 1134 1673 corissum
1166 1614 1225 1692 est,
1251 1629 1309 1674 ae-

123 1756 221 1804 cesse
243 1741 301 1816 est,
324 1741 362 1800 at
384 1735 476 1819 quod
499 1740 618 1800 contro
641 1736 749 1830 lepem
765 1740 879 1799 ectum
902 1740 959 1814 est,
976 1753 1047 1800 non
1071 1733 1190 1801 hebeat
1206 1736 1313 1820 firmi·

122 1863 234 1922 talem
250 1876 282 1918 s.
308 1856 344 1918 ln
369 1853 446 1918 lacti
478 1855 585 1939 specie
607 1854 765 1939 agebatur
789 1852 829 1918 de
857 1855 1042 1937 quaestione
1074 1855 1243 1920 criminali.
1270 1893 1312 1905 —

125 1985 284 2046 lamvero
299 1985 425 2045 certum
441 1984 499 2050 est,
517 1978 706 2043 hodiernam
723 1979 850 2064 praxim
868 1984 900 2044 et
915 1980 1020 2064 legem
1036 1979 1217 2044 iudicialem
1234 1999 1311 2045 con·

122 2109 229 2174 tineri
253 2107 289 2171 ia
312 2111 377 2171 orl.
402 2105 514 2169 relatis
538 2104 590 2170 cit.
617 2105 715 2186 Imm
739 2105 889 2170 iussero
913 2106 1132 2172 Decretalium
1151 2107 1312 2190 antiquius

122 2229 237 2317 quoad
253 2232 315 2294 hoc
339 2229 529 2310 exolevisse,
546 2231 591 2295 uti
612 2229 756 2294 exolevit
770 2231 819 2294 ius
836 2249 915 2293 rom.
942 2229 1023 2294 idem
1040 2231 1250 2315 praecipiens.
1269 2267 1311 2279 -

120 2357 406 2452 Commentatores
429 2360 464 2419 ut
486 2354 769 2420 accommodarent
792 2356 840 2419 ius
863 2315 1017 2440 sbriptum
1034 2355 1210 2432 hodiernae
1234 2376 1311 2420 con-

119 2481 290 2549 suetudini
306 2487 338 2546 et
353 2481 402 2546 ius
425 2485 518 2545 vetus
535 2500 617 2544 novo
633 2481 705 2552 iuri,
724 2500 787 2545 non
811 2500 925 2564 parum
950 2480 1157 2546 detorserunt
1181 2481 1308 2546 literam

119 2627 206 2690 cap.
230 2607 257 2670 2
279 2606 331 2672 cit.
356 2612 386 2672 et
410 2606 518 2691 lepem
542 2606 568 2678 1,
595 2605 674 2670 Cod.
700 2603 750 2670 De
774 2604 908 2671 testibus
932 2605 987 2691 (2).

223 2733 346 2799 Verum
363 2735 396 2798 in
410 2732 609 2818 propositum
625 2731 820 2797 attendenda
838 2738 888 2797 est
904 2734 1036 2797 mutatio
1053 2733 1183 2800 inducta
1205 2757 1225 2800 a
1241 2738 1311 2801 iure

120 2859 349 2924 Decretalium
366 2859 549 2922 recentiore
564 2860 596 2922 in
621 2858 669 2922 ius
685 2862 778 2922 vetus
793 2875 853 2941 per
869 2855 1031 2922 celebrem
1055 2864 1154 2924 const.
1174 2861 1243 2924 Inn.
1261 2863 1308 2926 ΙΙΙ

119 2987 162 3048 in
190 3001 264 3065 cop.
289 2983 336 3055 11,
352 2981 402 3047 De
413 2981 512 3065 prob.
537 2983 579 3063 X,
596 3003 659 3066 qua
681 2983 835 3048 Pontifex
856 2983 1022 3049 constituit
1042 2984 1159 3050 iudicia
1182 2986 1311 3071 scriptis

121 3108 261 3194 agenda
283 3128 363 3182 esse,
389 3109 432 3172 uti
464 3106 678 3191 probavimus.
706 3107 849 3172 Proinde
876 3114 968 3176 vetus
997 3111 1209 3194 praescriptio
1241 3116 1310 3175 erat

118 3231 278 3316 apprime
293 3230 487 3300 necessaria,
506 3248 577 3292 cum
594 3227 711 3294 iudicia
726 3229 848 3315 scripta
860 3231 893 3294 in
912 3249 1001 3295 more
1016 3230 1122 3296 adhuc
1133 3251 1198 3296 non
1216 3239 1308 3297 esset:
1334 3191 1343 3208 ·

117 3351 289 3438 quomodo
312 3353 397 3416 enim
428 3357 556 3436 poterat
578 3353 650 3435 quis
674 3373 708 3416 se
732 3352 908 3418 defendere
940 3359 1054 3418 contra
1082 3354 1310 3438 depositionem

118 3479 224 3547 testis
240 3498 285 3543 ea
299 3478 407 3562 officio
423 3479 475 3543 vel
492 3477 536 3543 ab
550 3478 751 3544 aduersario
772 3479 927 3563 producti.
946 3481 972 3543 si
992 3481 1229 3545 attestationem
1246 3501 1309 3544 non

115 3603 288 3684 audierat,
305 3621 408 3687 neque
432 3603 520 3668 illam
540 3603 712 3688 perlegere
734 3608 861 3688 poterat
877 3603 1061 3669 authentice
1084 3605 1121 3669 ia
1137 3610 1214 3672 ecta
1237 3627 1310 3670 exa-

117 3720 256 3792 rataml
270 3722 485 3796 Quamobrem
502 3723 732 3806 concludimus
749 3731 871 3790 certam
889 3747 960 3792 esse
977 3726 1166 3792 hodiernam
1182 3729 1310 3812 praxim

113 3847 340 3934 eamdemque
362 3849 560 3914 solidissimis
576 3850 753 3916 rationibus
777 3853 931 3932 innixam,
948 3871 1030 3936 quae
1055 3851 1141 3916 iubet
1163 3857 1261 3916 testes
1278 3855 1309 3916 in

113 3968 323 4058 sup1adictis
339 3972 451 4050 ‚causis
472 3971 649 4036 audiendos
671 3991 743 4037 esse
765 3974 888 4058 reputa
910 3974 1063 4060 peuerell
1081 3973 1211 4038 remotis
1235 3993 1309 4056 par-

203 4147 244 4218 (l)
263 4147 366 4203 Verum
386 4148 471 4202 stiam
490 4150 519 4202 in
538 4150 740 4216 camenalibus,
760 4151 812 4204 nisi
832 4151 913 4205 testis
937 4152 1125 4220 interrogetur
1144 4159 1251 4205 secreto
1277 4149 1310 4202 ad

116 4256 340 4330 inquisitionem
366 4257 462 4326 partis,
480 4257 559 4310 cuius
578 4258 704 4324 interest,
723 4258 832 4312 admitti
856 4263 947 4328 potest
968 4263 998 4311 ut
1026 4257 1120 4312 videat
1146 4259 1230 4312 testas
1249 4273 1309 4326 pro·

114 4370 230 4425 ductos
256 4381 358 4436 eosque
377 4366 470 4421 iurare
489 4366 592 4420 audiat
611 4367 651 4421 Cf.
677 4367 742 4422 inst.
764 4371 842 4422 Aust.
862 4369 908 4422 cit.
932 4367 1011 4422 Card.
1033 4367 1176 4424 Ranschsr
1199 4373 1216 4431 ,ἓ
1238 4370 1309 4422 996.

201 4472 243 4545 (2)
261 4470 302 4527 cf.
323 4471 431 4540 baroti,
449 4472 516 4528 Inst.
537 4491 596 4527 care
618 4473 664 4528 lib.
683 4476 713 4540 3,
732 4479 750 4538 5
770 4475 815 4540 18,
833 4485 889 4527 not.
914 4475 940 4528 7,
