3350 5117
584 320 628 365 nn
652 320 791 367 runicus
816 321 1080 369 rccuasmsricxs
1356 305 1419 371 451

238 448 336 509 testes
366 442 474 525 recipi
504 448 535 509 et
564 444 765 511 sententiam
796 446 876 511 dari
897 448 935 512 in
962 447 1075 513 causis
1104 446 1424 514 matrimonialibus

235 568 283 633 de
305 568 522 651 separatione
553 572 618 635 tori
645 575 676 634 et
698 570 965 645 cohabitationis,
990 572 1124 637 etiamsi
1154 572 1245 637 atim
1273 572 1317 636 sit
1347 590 1422 638 con·

237 696 372 761 tamam,
396 692 456 775 qni
479 692 525 756 od
549 692 818 774 comparandam
842 695 1014 779 capenates
1036 700 1083 760 est
1103 714 1169 776 per
1184 694 1423 761 excommnni-

235 815 417 880 cationem.
442 851 485 864 —
511 816 600 879 Facti
624 817 747 899 species
770 816 803 879 in
828 836 926 881 causa
950 818 1136 882 Monacensi
1164 818 1248 881 haec
1272 803 1356 881 erat.
1381 814 1422 881 In

239 936 426 1021 regionibus
450 939 641 1021 praesertim
666 938 842 1011 Bavaricis
860 941 964 1023 prouti
981 939 1076 1004 hodie
1100 940 1217 1024 passim
1233 940 1265 1002 iu
1283 940 1422 1023 Europa

238 1062 375 1127 evenire
398 1062 488 1133 solet,
513 1064 586 1143 viri,
611 1063 734 1128 relictis
757 1063 922 1136 uxoribus,
949 1066 981 1127 in
1002 1065 1187 1129 Americam
1211 1070 1424 1136 transeuntes

239 1186 365 1251 nullum
400 1188 534 1272 amplius
569 1189 618 1252 sui
653 1190 804 1253 nuncium
829 1187 915 1252 dant.
940 1187 1068 1251 Exinde
1102 1186 1301 1252 consuetudo
1337 1187 1422 1271 apud

241 1310 370 1375 Curiam
388 1313 616 1377 blonacensem
640 1314 775 1377 invaluit
798 1319 833 1377 ut
856 1333 976 1377 uxores
999 1313 1136 1377 iudicem
1152 1310 1293 1385 adirent,
1320 1319 1353 1377 et
1377 1321 1424 1380 te·

238 1438 336 1501 stium
352 1436 503 1502 exhibitis
520 1438 768 1523 depositionibus
784 1440 1043 1523 comprobarent,
1060 1441 1149 1504 viros
1164 1438 1282 1503 iamdiu
1306 1438 1424 1504 abiisse

240 1580 417 1643 eorumque
441 1563 584 1647 ignorari
609 1562 802 1627 domicilium
820 1564 1020 1647 proindeque
1037 1563 1221 1628 obtinerent
1242 1561 1419 1655 divortium

238 1686 463 1769 semiplenum.
487 1687 716 1771 —Siquidem
740 1688 837 1752 Curia
861 1688 1165 1772 Archiepiscopalis‚
1191 1692 1321 1763 mature
1349 1708 1422 1771 per·

242 1809 350 1891 pensis
373 1808 553 1873 huiusmodi
577 1810 843 1883 attestationibus,
862 1812 950 1875 virus
974 1810 1092 1874 citabat
1112 1809 1153 1873 ad
1169 1808 1423 1894 comparendum

238 1934 310 1997 sive
332 1954 392 2019 per
415 1956 450 1997 se
466 1934 535 1999 sive
550 1954 608 2018 per
629 1942 873 2019 procuratorem
895 1937 982 1998 intra
998 1954 1177 2019 congruum
1194 1938 1330 2019 tempuS,
1349 1936 1443 1998 cita·'

239 2058 329 2122 tione
345 2078 403 2141 per
420 2058 581 2142 publicum
605 2058 742 2123 edictum
766 2058 861 2126 edita.
879 2078 981 2142 eaque
1006 2078 1065 2143 per
1081 2058 1226 2143 publicas
1243 2058 1424 2142 ephemeri-

239 2178 308 2263 des,
325 2180 364 2244 de
381 2202 479 2253 more,
498 2182 656 2267 evulgata.
675 2184 706 2249 Si
732 2183 975 2267 praterlubatur
999 2183 1156 2247 inutiliter
1179 2187 1306 2266 tempus
1331 2183 1364 2244 in
1384 2184 1425 2245 ei·
1467 2246 1471 2251 ,

242 2310 363 2372 tatione
386 2309 598 2393 adsignatum,
616 2309 810 2393 procedebat
826 2310 859 2372 iu
876 2328 993 2373 causae
1016 2309 1236 2393 cognitionem
1260 2326 1361 2389 usque
1384 2308 1425 2371 ad

239 2437 433 2499 sententiam
458 2436 586 2499 divortii
609 2434 814 2519 definitivam.
834 2435 919 2499 Huic
945 2436 1125 2499 sententiae
1148 2433 1348 2499 adhaerebat
1370 2434 1425 2498 lai-

239 2580 315 2624 cum
338 2554 489 2633 tribunal}
514 2562 586 2627 dein
612 2564 829 2647 pronuncians
856 2583 945 2626 suam
974 2562 1166 2626 sententiam
1192 2562 1232 2625 de
1256 2558 1425 2625 effectibus

240 2686 400 2751 ciuilibus.
419 2686 604 2750 Huiusmodi
622 2686 815 2770 procedendi
838 2687 997 2750 rationem
1016 2685 1251 2768 reprobandam
1279 2706 1350 2749 esse
1367 2685 1424 2766 (l),

244 2817 333 2875 rutus
350 2816 398 2875 est
415 2814 555 2876 Hevmus
573 2813 724 2896 archiep.
742 2814 860 2897 quippe
877 2830 940 2875 uon
957 2830 1130 2875 consonam
1146 2811 1211 2895 legi
1229 2811 1425 2875 enunciatno

242 2933 276 2996 in
300 2932 596 2998 rubricandum·
620 2938 652 2997 et
675 2952 749 3015 cap.
774 2935 793 2997 1
816 2933 868 2997 cil.
894 2931 956 2997 Sed
981 2932 1082 2997 ceteri
1107 2933 1258 3017 Episcopi
1283 2953 1356 2997 sese
1374 2953 1452 3031 op-¹

242 3063 428 3142 posuerunt,
453 3058 660 3141 quamobrem
686 3078 836 3122 recursus
869 3057 997 3121 habitus
1020 3062 1070 3121 est
1093 3056 1133 3120 ad
1157 3056 1188 3122 S.
1214 3057 1249 3123 G.
1275 3057 1422 3137 Camilli,

239 3200 325 3266 quae
355 3184 488 3255 censuit,
513 3184 641 3267 praxim
671 3184 782 3247 curiae
815 3182 1019 3246 Monacensis
1050 3179 1306 3245 confirmandam
1340 3202 1422 3246 esse.

241 3308 329 3373 Huic
352 3309 505 3373 decisioni
529 3308 704 3392 praemissa
728 3306 788 3371 fuit
812 3307 1006 3370 consultatio
1031 3306 1071 3369 ol.
1099 3306 1322 3370 Iurisconsulti
1341 3307 1425 3369 Enii·

241 3432 421 3495 acutissimi
445 3431 572 3511 Mertel,
594 3432 645 3515 qui
671 3430 799 3495 drictum
832 3431 982 3493 exaravit
1005 3433 1124 3509 votum,
1147 3410 1352 3512 perpendens
1376 3428 1426 3490 ius

244 3556 461 3622 Decretalium
494 3558 611 3642 partim
642 3560 825 3620 correctum
857 3554 955 3617 fuisse
980 3574 1039 3637 per
1064 3553 1283 3617 Clementinas
1307 3552 1347 3617 de
1371 3552 1423 3616 in-

241 3676 342 3743 diciis
371 3678 570 3744 snrnmariic
600 3684 632 3743 et
663 3678 780 3762 partim
812 3676 968 3761 applicari
1002 3695 1066 3740 non
1098 3694 1203 3759 posse,
1233 3674 1274 3738 ob
1305 3680 1428 3739 mutata

241 3808 399 3888 tempora,
425 3822 521 3887 quum
544 3822 563 3865 a
589 3800 730 3866 remedio
754 3800 1098 3864 excommunicationis
1124 3799 1195 3863 iere
1221 3798 1329 3862 nullus
1353 3818 1425 3882 spe·

333 4084 372 4155 (l)
394 4084 539 4154 Proposito
558 4084 642 4137 dubio
660 4099 677 4135 c
692 4086 735 4137 Αη
751 4093 834 4152 parte
853 4086 968 4136 absente
981 4086 1064 4136 citata
1080 4100 1135 4152 per
1148 4084 1270 4135 edictum
1288 4100 1340 4136 sen
1355 4101 1427 4153 pro·

241 4207 381 4260 prcimma,
394 4208 480 4262 eoque
496 4208 551 4244 non
564 4200 742 4260 comparente
754 4198 836 4243 testes
854 4190 945 4258 recipi
964 4198 990 4243 et
1008 4190 1169 4242 examinari
1185 4189 1301 4258 possint,
1321 4198 1347 4243 et
1365 4205 1428 4243 seii-

243 4298 356 4352 tentiam
369 4301 539 4369 definitivam
554 4316 609 4368 pro
628 4301 805 4367 separatione
817 4298 944 4350 maritali
962 4300 997 4351 ab
1014 4298 1183 4352 habitatione
1197 4306 1223 4350 et
1238 4298 1318 4350 tboro
1339 4296 1426 4349 licent

241 4408 377 4474 proferre
391 4422 414 4455 a.
435 4404 460 4457 S.
481 4403 567 4472 Cong.
588 4401 743 4471 respoudit:
763 4400 825 4454 «In
844 4412 907 4455 coto
921 4419 946 4453 ›.
