3350 5117
336 270 403 336 606
863 286 946 335 enas
970 286 993 335 1.

336 414 389 497 qni
421 412 634 478 Patriarchee
668 412 797 476 nomine
831 408 928 475 hodie
959 408 1235 486 condecorantur,
1266 409 1407 495 gaudent
1438 414 1514 475 tan·

335 536 498 603 tummodo
521 537 644 602 iuribus
667 535 926 621 Metropoliticis.

426 663 458 750 4)
482 663 513 728 Α
532 665 692 729 sententia
713 668 823 729 autem
838 660 1079 747 Metropolitani
1100 660 1166 725 lata
1181 662 1214 726 in
1230 662 1335 747 prima
1350 662 1517 734 instantia,

335 791 369 853 in
392 809 455 874 qua
476 791 634 874 processit
664 793 699 853 ut
728 786 826 853 index
856 806 934 851 suae
965 784 1121 851 dioecesis
1152 785 1345 859 ordinarius,
1369 784 1410 851 de
1443 787 1519 851 inre

336 911 496 976 communi
519 911 702 996 appellatur
722 908 764 975 ad
788 908 902 975 Sedem
926 909 1155 995 Apostolicam.
1173 909 1355 996 Appellatio
1372 910 1457 975 enim
1473 908 1517 974 ad

334 1037 433 1101 alium
455 1035 749 1119 Metropolitanum,
773 1038 886 1119 utpute
915 1032 956 1098 ad
986 1034 1186 1109 viciniorem,
1210 1038 1296 1099 esset
1327 1034 1519 1119 provocatio

335 1161 377 1225 ad
399 1159 483 1226 idem
506 1159 610 1245 gradu
632 1158 783 1231 tribunal,
808 1164 841 1224 et
864 1159 929 1223 hoc
952 1158 1179 1241 dispensative
1201 1164 1327 1225 tantum
1350 1178 1371 1223 a
1392 1158 1518 1225 Sancta

335 1284 419 1351 Sede
441 1282 611 1367 aliqnando
635 1283 832 1363 conceditur,
858 1287 953 1367 prout
983 1283 1104 1348 factum
1132 1285 1236 1349 estin
1259 1282 1393 1351 statibus
1417 1286 1519 1349 Ame-

336 1412 424 1475 ricae
456 1409 542 1495 Sept.
565 1409 757 1481 foederatis,
782 1410 874 1474 iuxta
903 1410 1004 1475 [πεῖν.
1030 1408 1065 1475 S.
1093 1408 1128 1475 G.
1156 1407 1210 1475 De
1236 1408 1342 1491 Ptop.
1366 1406 1443 1473 Fid.
1473 1408 1521 1473 de

336 1537 412 1603 lud.
436 1537 525 1603 Ecel.
550 1536 641 1603 eirca
665 1554 756 1603 caus.
781 1540 863 1601 mat.
887 1534 909 1617 ἓ
932 1534 982 1599 26
1000 1531 1056 1619 (Ι).

423 1660 458 1745 5)
480 1659 649 1746 Appellari
672 1640 752 1725 vero
774 1678 840 1723 non
863 1662 967 1743 potest
990 1677 1010 1723 a
1031 1657 1129 1743 Papa,
1147 1677 1219 1723 cum
1235 1658 1269 1722 in
1286 1665 1425 1723 externo
1440 1654 1520 1721 soro

334 1784 534 1867 superiorem
557 1802 620 1846 non
635 1785 859 1867 recognoscat,
876 1799 980 1864 neque
1004 1799 1024 1843 a
1040 1778 1183 1845 Concilio
1200 1778 1353 1845 Generali
1368 1777 1519 1863 legitime

334 1910 541 1991 congregato.
566 1906 687 1971 Contra
709 1903 907 1989 appellantes
931 1922 1010 1967 vero
1033 1922 1053 1967 a
1077 1903 1167 1988 Papa
1198 1900 1238 1967 ad
1266 1902 1411 1967 futurum
1437 1900 1521 1967 Uni·

334 2027 463 2091 versele
485 2026 662 2094 Concilium
692 2026 759 2091 lata
780 2031 831 2090 est
854 2026 1143 2090 excommunicatio
1167 2026 1200 2089 in
1228 2030 1330 2088 const.
1355 2026 1416 2108 Ap.
1441 2022 1520 2088 Sed.

334 2174 366 2215 n.
390 2156 412 2217 4
435 2155 521 2219 inter
551 2174 675 2221 excom.
699 2174 745 2240 sp.
771 2172 812 2217 m.
837 2152 949 2237 Papae
972 2156 1174 2217 reservatas:
1199 2151 1241 2216 cl.
1266 2158 1368 2217 const.
1392 2152 1522 2217 Pastor

334 2276 502 2342 deteratur
524 2296 594 2362 cap.
622 2277 681 2349 ΙΙΙ,
705 2276 820 2341 concil.
846 2274 1009 2340 Vaticani.

422 2398 457 2482 6)
481 2400 537 2465 lsti
561 2408 635 2466 sunt
657 2399 777 2485 gradus
800 2420 844 2465 ex
874 2399 1055 2466 ordinaria
1086 2404 1254 2484 potestate
1280 2397 1392 2473 Quoad
1423 2398 1520 2464 dele·

333 2528 451 2609 potam
474 2524 725 2591 iurisdictionem
748 2529 899 2590 teneatur
922 2526 1133 2610 principium:
1156 2524 1339 2611 adelegato
1362 2524 1404 2589 ad
1426 2523 1520 2590 dele-

333 2652 463 2731 gantem
486 2648 702 2733 appella1·i‚et
723 2669 743 2712 a
765 2648 974 2735 subdelegato
997 2647 1038 2714 ad
1061 2646 1333 2733 subdelegantem,
1351 2648 1412 2712 nisi
1432 2646 1516 2712 sub-

333 2771 499 2858 delegatus
521 2774 692 2859 intepram
714 2774 975 2840 demandaverit
998 2774 1276 2854 iurisdictionem,
1293 2792 1338 2839 erc
1361 2792 1435 2856 cap.
1452 2773 1518 2857 27,

333 2900 501 2982 §Perre
525 2900 579 2967 De
601 2902 656 2985 off.
681 2902 787 2987 deleg.
804 2902 838 2965 X
859 2902 898 2985 (Ι,
916 2900 991 2989 29);
1016 2900 1101 2965 unde
1125 2902 1187 2965 hoc
1210 2920 1346 2967 munere
1369 2920 1404 2967 se
1426 2900 1520 2967 abdi·

333 3026 460 3092 caverit
483 3025 538 3112 (2).
1148 3074 1157 3094 ,

423 3148 499 3215 623.
523 3150 675 3235 Specialis
699 3151 843 3233 quaestio
860 3153 917 3229 est,
934 3167 977 3212 an
1001 3148 1040 3213 ab
1057 3149 1208 3235 Episcopi
1232 3148 1380 3234 delegato
1404 3150 1517 3234 appel-

332 3272 395 3338 lari
418 3276 517 3360 possit
540 3273 581 3339 ad
604 3272 771 3339 Vicarium
802 3274 951 3358 Episcopi
984 3272 1188 3338 Generalem.
1219 3272 1314 3337 Ratio
1345 3270 1515 3337 dubitandi

422 3537 461 3607 (l)
482 3538 584 3593 Eodem
601 3538 747 3607 privilegio
760 3542 877 3592 utuntur
895 3537 1047 3593 nonnullae
1062 3535 1222 3607 provinciae
1242 3534 1340 3590 eccles
1354 3534 1442 3590 veluti
1457 3536 1517 3589 Po·

333 3643 409 3697 louia
426 3651 456 3699 et
475 3644 570 3699 Sicilia
588 3662 639 3713 pro
656 3646 747 3698 causis
764 3650 830 3700 met.
850 3650 879 3701 et
898 3645 971 3700 aliae
990 3646 1095 3715 plures.

422 3750 462 3821 (2)
482 3751 622 3820 Zallinger
639 3754 666 3805 Ιι.
682 3762 700 3804 t.
720 3756 738 3816 5
757 3752 810 3805 429
828 3753 915 3807 retent
933 3752 1115 3823 quorumdam
1137 3750 1315 3819 sententiam,
1333 3751 1518 3823 eamdemque

332 3874 411 3912 suam
430 3859 522 3913 facere
540 3859 656 3925 videtur,
670 3876 725 3930 qua
744 3861 878 3914 asseritur
896 3880 912 3911 a
932 3861 1061 3930 delegato
1081 3861 1285 3931 appellandum
1302 3876 1362 3916 esse
1381 3862 1419 3915 ad
1432 3876 1518 3931 supe-

332 3966 440 4019 riorem
458 3966 620 4035 delegantis.
636 3964 710 4019 Haec
728 3966 869 4020 sententia
888 3965 995 4021 nullum
1009 3964 1094 4021 habet
1113 3965 1232 4020 solidum
1250 3965 1473 4032 fundamentum,
1486 3972 1517 4021 at

332 4071 450 4125 deducta
469 4075 511 4126 est
528 4088 563 4125 ex
582 4071 655 4125 male
673 4069 819 4126 intellecta
838 4071 856 4125 1.
876 4070 893 4124 3
912 4072 939 4124 ΙΙ.
960 4073 1026 4131 Quis
1044 4090 1062 4126 α
1081 4090 1134 4143 quo
1153 4073 1288 4143 appellet.
1309 4070 1415 4126 Exinde
1433 4072 1512 4128 enim

334 4179 424 4233 evinci
436 4178 533 4243 voluit,
546 4178 721 4248 delegantem
740 4194 770 4232 se
782 4177 925 4235 abdicasse
939 4183 1075 4248 potestate
1088 4179 1224 4234 iudicandi
1238 4178 1362 4235 eamdem
1376 4178 1405 4233 in
1418 4178 1508 4233 alium

333 4287 509 4341 transferens.
523 4286 665 4355 Originem
677 4292 707 4342 et
720 4304 831 4341 canem
845 4288 947 4342 erroris
959 4287 1081 4358 explicat
1094 4287 1192 4343 Devotl
1206 4288 1265 4341 nio.
1274 4286 1331 4353 ΙΙΙ,
1345 4287 1386 4342 Da
1398 4288 1508 4359 appell.

340 4394 390 4445 Τιί.
405 4392 443 4445 15
463 4392 539 4462 (Ιηει.
563 4392 640 4465 Can.)
659 4396 672 4460 a
692 4396 713 4462 1,
734 4405 789 4448 nor.
812 4395 833 4446 1.
