3350 5117
367 310 433 376 658
892 331 976 378 raes
1001 329 1023 378 1.

457 453 533 520 687.
557 451 712 521 Sectotdo
735 455 913 539 quaeritur,
931 473 973 520 nn
1004 457 1212 542 exceptiones
1240 457 1443 530 admittantur,
1462 477 1509 524 nec

368 597 432 640 non
456 576 687 664 appellationes
710 583 825 642 contm
839 579 1065 644 executionem
1088 581 1279 662 sententiae,
1292 601 1371 666 qnae
1385 583 1440 646 mm
1458 601 1509 666 per·

366 702 496 766 transiit
516 701 553 766 in
576 721 651 768 rem
672 701 870 767 iudicatam.
895 701 938 768 Et
954 699 1210 787 respondendum
1235 724 1309 769 cum
1331 703 1508 770 distinctione.

367 863 411 876 —
434 827 467 894 Si
490 829 683 894 sententiam
705 833 886 911 exequatur
910 845 1027 894 mm
1055 833 1225 900 executor,
1248 831 1338 896 nulla
1367 829 1510 894 admittitur

367 953 525 1037 exceptio,
549 953 667 1037 quippe
690 953 750 1017 iste
772 951 894 1017 nullam
916 951 1013 1017 habet
1044 956 1233 1038 potestatem
1262 954 1415 1020 notiores.
1441 951 1510 1027 Quoi

366 1080 392 1141 si
416 1077 456 1142 ad
483 1077 684 1161 superiorem
714 1075 887 1162 appellatio
918 1077 1145 1162 interponitur,
1170 1077 1252 1142 haec
1284 1079 1350 1142 vim
1379 1075 1514 1142 hebetia

365 1203 554 1269 ‹teoototico
576 1223 641 1268 non
671 1202 709 1267 ia
735 1201 941 1284 suspensivo.
965 1201 1126 1284 Siquidem
1155 1201 1263 1268 uidam
1295 1202 1442 1266 mandans
1461 1220 1515 1264 sen-

365 1330 497 1394 tentiam
520 1346 580 1412 per
602 1347 736 1393 cneum
759 1331 973 1394 emaculorem
998 1325 1229 1410 exequendam,
1242 1324 1432 1411 significarit
1446 1325 1518 1389 istius

366 1455 590 1518 executionem
612 1449 841 1517 retardandam
865 1469 929 1514 non
954 1469 1035 1514 esse.
1059 1483 1104 1498 -
1128 1449 1373 1516 concederetur
1394 1468 1464 1514 vero
1480 1467 1521 1532 ap

365 1577 495 1660 pallatio
519 1576 614 1639 etiam
637 1574 675 1638 ia
690 1573 896 1655 suspemioo.
911 1573 938 1636 si
955 1591 1014 1658 per
1044 1571 1131 1638 hanc
1154 1573 1266 1658 impeti
1289 1573 1370 1637 velit
1384 1574 1447 1657 ipsa
1460 1588 1520 1634 exe·
1603 1653 1604 1668 ἢ

366 1703 487 1766 cutoris
520 1705 677 1787 potestas,
701 1700 818 1784 quippe
848 1699 1030 1763 excesserit
1063 1698 1181 1764 limites
1216 1700 1433 1764 executionis:
1461 1703 1522 1763 tuno
1603 1693 1604 1698 ’

364 1829 451 1892 enirn
475 1845 539 1892 non
561 1827 671 1910 agitur
689 1824 730 1890 de
752 1825 869 1888 merito
893 1824 1103 1894 executionis.
1136 1821 1191 1887 sed
1219 1821 1260 1887 de
1292 1825 1445 1908 potestate
1465 1838 1524 1884 exe
1603 1871 1604 1880 ,

366 1952 498 2016 cutoris.

454 2076 486 2140 Si
510 2079 668 2138 executor
690 2075 731 2138 sit
753 2073 884 2137 mixtus
899 2077 955 2138 aut
978 2075 1046 2159 ipse
1062 2071 1145 2137 idem
1161 2072 1260 2138 iudex
1276 2071 1470 2140 ordinarias
1482 2077 1525 2133 ant

365 2201 548 2285 delepclar,
572 2198 668 2283 plane
691 2215 757 2262 non
779 2181 969 2262 conceditur
993 2199 1142 2283 exceptio
1167 2197 1218 2262 vel
1234 2198 1410 2282 appellatio
1432 2199 1525 2261 contra

366 2327 516 2390 meritum
540 2341 657 2389 causae
680 2325 744 2388 iam
767 2321 928 2404 definitae,
942 2329 975 2389 et
998 2331 1134 2408 utraque
1162 2323 1338 2408 repellitur
1361 2321 1524 2406 exceptione

365 2451 416 2516 rei
437 2449 629 2530 iudicatae;
652 2446 849 2513 admittenda
873 2467 953 2513 vero
978 2454 1027 2514 est
1050 2449 1199 2533 exceptio
1222 2447 1278 2512 rel
1303 2446 1472 2532 appellatio
1490 2453 1524 2506 at·

364 2575 492 2658 tingens
523 2574 625 2658 ipsum
649 2574 812 2657 negotium
841 2592 899 2637 sen
928 2573 1056 2639 modum
1082 2575 1307 2649 executionis;
1333 2579 1368 2640 et
1396 2576 1523 2639 istacin

364 2698 481 2780 effectu
502 2697 709 2780 suspensivo.
735 2698 783 2763 Cf.
810 2698 1010 2764 Leuronium
1034 2699 1056 2764 l.
1081 2719 1108 2765 o.
1134 2703 1165 2784 q.
1192 2701 1270 2778 991.

452 2822 527 2886 688.
553 2821 740 2887 Huiusmodi
765 2825 970 2907 quaestiones
1001 2825 1124 2890 exoriri
1157 2831 1293 2910 possunt
1326 2827 1415 2890 inter
1443 2831 1524 2909 partes

364 2966 446 3028 quae
469 2946 585 3011 iudicio
608 2948 856 3029 contenderunt,
881 2949 934 3014 vel
959 2951 1045 3014 inter
1076 2969 1173 3015 unam
1202 2955 1334 3034 partem
1360 2957 1393 3014 et
1420 2947 1525 3014 tertim

364 3071 480 3137 iudicio
503 3076 705 3151 extraneum,
730 3073 775 3136 uti
799 3075 862 3138 iam
886 3075 1058 3138 innuimus.

453 3195 523 3260 Hae
540 3213 655 3261 causae
671 3199 778 3260 autem
795 3216 908 3262 omnes
924 3203 1168 3283 pertractantur
1183 3218 1349 3284 processu
1366 3198 1527 3268 summarie.
1602 3185 1603 3208 ³

454 3318 528 3383 689.
554 3317 628 3384 Non
644 3295 822 3389 admittitur
845 3323 1017 3409 appellatio
1042 3325 1074 3388 in
1098 3325 1312 3408 umpensivo,
1327 3329 1357 3392 si
1382 3326 1460 3392 hanc
1479 3341 1529 3388 nou

364 3444 506 3527 patiatur
528 3464 626 3510 causa
648 3467 668 3510 a
691 3447 781 3512 cuius
805 3449 1000 3513 executione
1028 3447 1221 3533 appellatur,
1256 3451 1354 3517 iuxta
1382 3451 1469 3516 dicta
1490 3445 1527 3510 dl.

365 3569 563 3654 Schmalzgr.
588 3569 641 3636 Dc
663 3573 788 3654 appell.
811 3592 846 3638 n.
872 3571 932 3645 22,
958 3577 991 3638 et
1014 3573 1060 3638 De
1083 3574 1181 3644 Luca.
1206 3573 1258 3640 De
1283 3577 1359 3642 iud.
1385 3577 1468 3641 Disc.
1489 3573 1529 3639 51.

364 3692 425 3770 52,
450 3690 511 3757 53.

454 3815 529 3880 690.
554 3815 697 3902 Denique
720 3819 890 3884 dicendum
913 3825 964 3888 est
987 3821 1029 3887 de
1051 3821 1153 3888 modo
1177 3822 1394 3887 executionis.

458 3941 487 4026 1)
511 3941 543 4007 Si
560 3943 664 4008 rictus
685 3950 818 4029 paratus
833 3946 875 4012 sit
891 3945 976 4010 ultro
999 3951 1167 4031 praestare
1184 3965 1224 4011 ea
1239 3947 1273 4011 in
1290 3967 1379 4032 quae
1401 3944 1533 4012 condem·

365 4073 458 4133 natus
493 4067 564 4150 luit,
595 4075 673 4135 tunc
708 4069 796 4134 nullo
828 4089 908 4156 opus
948 4077 997 4137 est
1027 4070 1132 4138 medio
1163 4071 1305 4138 iudiciali
1338 4069 1533 4138 executionie

365 4191 579 4259 Nihilominus
603 4195 670 4278 ipsa
693 4193 878 4260 voluntaria
902 4197 1051 4261 executio
1074 4197 1181 4262 aiure
1204 4199 1373 4262 communi
1396 4213 1533 4282 quocum·

366 4335 427 4396 que
450 4316 571 4381 auxilio
593 4316 675 4401 legis
690 4316 841 4384 destituta
866 4337 929 4383 non
955 4319 1023 4383 luit.
1050 4319 1185 4385 Cautum
1210 4320 1297 4384 enirn
1319 4326 1375 4386 est
1398 4321 1435 4384 in
1449 4317 1537 4384 notio

365 4439 464 4504 nidus
490 4440 730 4523 personalibus
760 4442 894 4508 concedi
925 4442 1176 4530 quadrimestre
1207 4443 1248 4510 ad
1274 4443 1468 4510 solvendum
1490 4439 1535 4506 de·
