3350 5117
236 268 239 276 ι
330 230 394 295 114
852 251 936 298 raas
958 250 982 296 1.

320 373 580 458 praeferuntur,
606 394 683 441 cnm
702 374 922 459 promptiora
936 373 1005 441 sint
1026 375 1108 441 inre
1122 376 1171 441 od
1185 374 1385 441 solvendum
1400 393 1507 458 quom

324 498 371 563 nd
394 498 694 565 condemnandum
710 520 740 593 a.
765 498 860 565 Alter
883 500 962 565 iuris
984 503 1095 564 textus
1116 497 1256 564 babetur
1271 516 1446 584 expressus
1467 497 1506 561 in

323 622 407 709 Rop.
431 622 519 697 iuris
544 624 580 687 11
601 624 639 688 in
662 622 704 687 6:
729 622 854 689 <Onon
875 626 955 689 sunt
982 624 1138 707 portium
1161 622 1242 688 iura
1265 622 1420 703 obscuro,
1443 641 1506 688 reo

322 745 510 829 fovendum
526 751 575 813 est
592 745 707 830 potins
723 766 829 832 quom
844 746 953 814 actori
969 769 999 812 ›.
1020 746 1161 814 tathaee
1179 746 1305 835 Regula
1328 744 1419 828 iuris,
1435 765 1503 811 non

323 872 428 937 minus
451 890 545 955 qnam
563 872 643 957 Reg.
661 872 705 938 65
727 873 790 936 iam
809 873 875 944 cit„
896 870 1034 955 quadrat
1057 872 1090 935 in
1114 869 1209 937 dubia
1229 869 1314 954 facti
1336 888 1439 953 aeque
1463 889 1504 935 ac

321 992 356 1056 in
380 991 475 1057 dubia
497 992 593 1059 tntis.

411 1120 464 1184 88.
479 1120 605 1205 Reapse
620 1118 733 1187 iudicis
745 1117 884 1185 officium
902 1122 952 1186 est
961 1119 1016 1185 ius
1031 1118 1196 1204 applicare
1211 1118 1308 1184 alicui
1319 1117 1411 1201 sacto
1424 1138 1502 1185 con·

321 1244 510 1326 rret05hinc
523 1243 617 1309 debet
633 1244 728 1310 iudex
745 1244 920 1328 exquirere
934 1249 969 1309 et
980 1245 1092 1308 rimari
1104 1244 1280 1329 diligenter
1294 1242 1502 1328 probationes

320 1369 508 1456 apartibus
531 1369 654 1443 allatas,
679 1368 793 1454 quibus
813 1371 940 1435 eruitur
955 1389 1002 1435 an
1024 1376 1056 1437 et
1079 1370 1249 1455 quomodo
1273 1370 1394 1435 facturn
1419 1371 1501 1436 exti-

318 1492 407 1557 terit.
431 1491 507 1556 Dixi
528 1511 550 1557 a
569 1491 729 1574 portibus
744 1492 887 1575 allatos,·
910 1511 976 1557 non
999 1494 1085 1557 enim
1100 1491 1215 1557 iudicis
1229 1494 1289 1565 est,
1305 1511 1404 1575 quum
1426 1510 1501 1577 pro

319 1619 405 1685 cedit
427 1638 470 1683 ex
492 1620 695 1683 mercenario
711 1616 825 1693 officio,
843 1618 1048 1705 probationes
1062 1614 1194 1692 afferre,
1211 1617 1268 1685 sed
1291 1616 1499 1704 probationes

319 1741 433 1808 allatas
456 1741 567 1809 sedulo
590 1744 788 1809 examinare.
805 1780 850 1794 -
872 1742 918 1810 At
932 1741 1029 1809 iudex
1052 1743 1120 1809 sire
1145 1763 1188 1829 ex
1209 1761 1271 1809 sno
1295 1741 1404 1827 officio
1425 1760 1499 1826 pro

318 1865 413 1931 cedat
436 1866 504 1930 sire
527 1863 567 1930 ad
588 1866 771 1931 instantiam
787 1865 938 1951 partium,
955 1884 999 1931 ex
1014 1864 1122 1951 officio
1138 1884 1255 1951 nempe
1269 1861 1497 1939 rnercenarin

318 1988 446 2055 firmum
470 1994 503 2055 et
525 1989 668 2055 solemne
696 1994 745 2055 est
767 1997 802 2055 ut
824 1970 944 2055 iudicet
966 2009 1009 2053 ex
1032 1988 1116 2056 actis
1139 1994 1170 2055 et
1187 1988 1353 2071 probans.
1376 2024 1424 2034 —
1445 1986 1499 2053 nd

319 2114 564 2201 intelligentiam
579 2115 675 2179 huius
698 2114 847 2200 principii
866 2135 883 2176 ι
897 2133 944 2180 erc
958 2114 1043 2181 actis
1057 2119 1089 2179 et
1099 2112 1256 2197 probatis
1269 2111 1497 2179 indicandum

318 2258 389 2305 esre
411 2260 443 2321 »‚
467 2238 545 2304 duas
568 2242 713 2325 praestat
735 2258 918 2323 proponere
941 2239 1161 2322 quaestiones:

410 2362 441 2449 l)
464 2363 539 2448 quid
566 2364 656 2437 iuris,
673 2364 699 2430 si
723 2361 820 2428 iudex
844 2360 983 2446 aliquam
1002 2362 1077 2427 lacti
1101 2363 1377 2429 circumstantiam
1392 2358 1497 2446 probe

317 2492 502 2571 cognoscat,
520 2486 622 2571 ipsum
638 2486 758 2552 factum
774 2483 911 2551 mirifice
926 2486 1154 2567 illustrantem,
1173 2505 1194 2549 a
1215 2488 1310 2570 parte
1333 2484 1425 2550 cuius
1448 2485 1496 2548 in·

213 2664 217 2671 .
316 2614 427 2691 terest‚
452 2608 736 2695 praetermissamt

405 2735 439 2821 2)
462 2734 537 2819 quid
567 2737 647 2801 iuris
670 2738 697 2801 si
720 2737 801 2802 sciat
830 2734 960 2802 aliunde
990 2736 1073 2801 falsa
1096 2755 1178 2809 esse,
1203 2755 1285 2820 quae
1315 2736 1348 2800 in
1374 2735 1495 2801 iudicio

314 2864 392 2925 octa
414 2863 448 2925 et
468 2857 534 2924 rite
553 2858 700 2941 probata
723 2864 814 2923 sunt:
839 2857 936 2923 debet
957 2858 1103 2944 privatae
1120 2857 1294 2943 cognitioni
1311 2854 1520 2921 iudicialem

314 2984 530 3069 cognitionem
554 2981 744 3069 praeferret

335 3156 369 3201 Q
404 3105 458 3171 89.
483 3106 710 3179 Quaestionum
733 3104 884 3170 solutioni
903 3106 1138 3191 praemittatur,
1155 3104 1218 3171 duo
1234 3104 1317 3169 haec
1332 3104 1494 3191 principia

314 3234 377 3298 rite
392 3231 617 3317 distinguenda
632 3250 719 3307 esse;
737 3252 853 3317 nempe
869 3268 887 3280 -
905 3230 1041 3297 iudicem
1062 3232 1110 3297 od
1120 3230 1278 3314 portium
1292 3230 1493 3297 instantiam

311 3355 552 3440 procedentem
574 3355 695 3422 debere
725 3356 894 3421 attendere
919 3327 1125 3441 probationes
1155 3359 1278 3420 tanturn
1302 3352 1492 3439 apartibus

313 3478 443 3553 allatas;
463 3512 480 3526 -
506 3478 601 3543 iudici
635 3498 714 3543 vero
749 3496 893 3561 semper,
923 3497 1124 3561 quocumque
1158 3496 1202 3542 ex
1235 3475 1341 3542 officio
1375 3496 1491 3561 proce·

313 3600 413 3675 denti,
430 3603 633 3668 iudicandum
659 3623 728 3668 esse
752 3623 795 3667 ex
818 3604 902 3668 notis
924 3610 957 3669 et
975 3602 1140 3685 protana
1154 3638 1197 3651 -
1210 3602 1337 3668 Etenim
1350 3600 1493 3665 alterurn

313 3728 507 3812 principium
534 3726 617 3811 quod
641 3732 778 3813 spectat,
804 3727 867 3792 hoc
894 3729 978 3793 scitu
1007 3728 1227 3794 necessarium
1250 3730 1313 3807 est,
1338 3726 1491 3790 nimirum

313 3852 574 3937 quotiescumque
590 3851 688 3916 iudex
703 3870 832 3917 causam
850 3854 1009 3919 instauret
1023 3858 1079 3917 aut
1094 3856 1310 3938 prosequatur
1325 3870 1369 3915 ex
1384 3848 1492 3917 officio

312 3997 370 4041 suo
393 3975 506 4047 nobili,
531 3978 599 4061 ipse
630 3994 748 4041 curare
772 3974 875 4049 debet,
900 3981 935 4040 nt
957 3996 996 4040 ea
1024 3977 1131 4040 omnia
1161 3975 1347 4061 allegentur
1373 3976 1493 4042 instru-

311 4104 420 4165 menta
443 4104 476 4164 et
497 4098 721 4184 probationum
748 4104 941 4185 argumente
967 4100 1196 4186 producantur,
1221 4104 1333 4185 suapte
1360 4103 1490 4179 natura,

311 4223 426 4288 idonea
450 4218 491 4287 ad
522 4223 642 4288 tactum
669 4226 915 4289 controversum
945 4230 1058 4308 aperte
1085 4220 1369 4308 comprobandum.
1392 4222 1490 4286 -E

311 4353 425 4414 contra
445 4366 541 4431 quum
562 4346 749 4433 proceditur
763 4346 810 4413 od
825 4346 1023 4414 instantiam
1034 4346 1200 4430 partium,
1217 4338 1333 4412 harum
1351 4345 1490 4412 interest
