3350 5117
331 303 398 369 350
857 323 941 370 rans
966 322 988 368 1.

422 445 516 510 Hanc
540 445 684 532 regulam
706 446 833 513 induxit
856 448 906 512 ius
938 446 1108 531 positivum
1132 446 1172 511 ob
1194 446 1402 530 aequitatem.
1428 444 1509 509 Nam

334 593 352 634 r
375 571 635 654 favorabiliores
657 577 736 638 saal
760 577 881 654 partes
911 572 963 638 rei
985 591 1091 658 paam
1115 571 1241 638 actoris
1267 571 1304 635 ia
1326 569 1453 636 iudicio
1476 590 1510 634 i».

333 694 493 778 Siquidem
516 694 580 777 hio,
600 700 714 780 sponte
744 715 811 770 sua,
836 695 948 762 forsan
979 714 1044 760 non
1071 693 1155 760 bono
1178 695 1250 759 iure
1277 693 1391 765 fretus,
1415 711 1511 757 reum

332 823 489 884 convocat
503 819 538 882 in
553 817 714 883 iudicium.
731 817 775 883 At
797 817 929 882 incivile
951 821 1037 882 esset
1054 815 1280 904 praescribere
1295 821 1332 880 ut
1350 834 1428 880 reus
1443 833 1511 878 non

330 943 434 1008 solum
458 943 656 1028 respondere
671 942 786 1008 debeat
808 943 928 1008 actoris
943 942 1099 1028 petitioni.
1118 941 1176 1008 sed
1198 944 1295 1008 etiam
1310 943 1399 1007 hunc
1417 941 1512 1025 sequi

332 1066 415 1152 apud
439 1068 508 1132 eius
530 1066 667 1132 iudicem
690 1065 802 1132 forsan
826 1065 858 1130 in
883 1065 993 1131 dissita
1015 1067 1098 1131 loca.

420 1190 484 1256 Sed
507 1191 639 1276 gravior
662 1191 745 1255 ratio
777 1195 833 1262 est,
855 1191 931 1274 quia
961 1196 1058 1256 actor
1080 1210 1151 1256 oea
1173 1189 1421 1257 cardemaatar
1436 1187 1513 1253 'sed

333 1333 417 1395 rcus,
441 1315 495 1398 qui
518 1313 558 1379 ad
582 1314 702 1380 actoris
725 1313 910 1399 petitionem
938 1313 1058 1397 aliquid
1091 1312 1180 1386 dare,
1205 1311 1315 1378 lacere
1337 1313 1390 1378 vel
1417 1329 1515 1396 prae-

331 1446 419 1504 stare
443 1438 545 1504 debet.
571 1439 679 1514 Quare
702 1437 800 1504 iudex
822 1440 1014 1504 sententiam
1038 1419 1162 1504 edendo
1187 1439 1237 1504 vel
1261 1459 1354 1502 reum
1370 1435 1514 1502 absolvit

332 1561 383 1626 vel
399 1560 599 1634 condemnat,
615 1562 671 1628 sed
690 1581 890 1647 quacumque
913 1564 945 1627 in
969 1561 1142 1648 hypothesi
1166 1582 1257 1627 suam
1280 1562 1511 1626 auctoritatem

331 1686 364 1748 in
388 1685 445 1750 lite
468 1682 649 1750 definienda
672 1686 706 1748 in
730 1703 821 1748 reum
846 1689 990 1752 exercet

420 1810 495 1875 323.
512 1809 608 1874 Modo
623 1808 742 1893 aliquid
765 1807 974 1875 delibabimus
998 1809 1037 1874 de
1061 1811 1220 1894 supremis
1236 1813 1354 1876 iurium
1382 1808 1515 1874 divisio

331 1934 424 1999 nibus
447 1939 480 2001 et
501 1933 665 2000 trademus
682 1935 905 2019 generaliores
924 1929 1055 2020 regulas
1071 1935 1313 2019 competentiae.

423 2057 498 2124 lura
513 2078 595 2142 quae
610 2058 731 2123 homini
755 2061 787 2123 in
803 2060 957 2124 societate
980 2079 1038 2122 seu
1062 2058 1215 2144 religiosa
1238 2077 1295 2123 seu
1319 2057 1407 2123 civili
1423 2075 1517 2120 com·

331 2187 453 2266 petunt,
486 2182 599 2248 deduci
624 2187 756 2267 possunt
786 2183 818 2246 in
850 2187 918 2247 trcs
942 2181 1070 2263 classes,
1095 2201 1210 2266 nempe
1241 2185 1274 2246 in
1305 2183 1379 2246 iura
1399 2177 1513 2262 spiri-

333 2305 448 2386 tualia,
473 2305 505 2368 in
522 2304 752 2377 eeclesiastico,
778 2305 811 2368 in
836 2303 1047 2387 temporatia.
1065 2341 1109 2354 -
1122 2306 1199 2369 lura
1221 2303 1418 2387 spiritualia
1432 2311 1516 2370 sunt

332 2447 414 2511 quae
428 2429 635 2492 continentur
656 2429 690 2492 in
713 2429 782 2513 ipsa
797 2429 965 2494 Ecclesiae
989 2428 1098 2494 divina
1117 2430 1325 2502 institutione,
1351 2448 1409 2494 seu
1432 2426 1516 2496 tide·

331 2553 413 2618 libus
429 2551 578 2619 derivant
593 2573 635 2618 ex
651 2552 746 2618 rebus
762 2573 782 2616 a
798 2553 926 2618 Christo
944 2554 1078 2618 Domino
1094 2545 1260 2627 ordinatis,
1277 2557 1370 2638 quasi
1385 2555 1513 2636 mediis,

330 2677 370 2742 ad
384 2676 480 2744 tinem
491 2677 753 2744 sanctificationis
766 2679 955 2752 animarum,
970 2679 1003 2742 in
1016 2681 1114 2743 vitam
1129 2685 1295 2746 aeternam
1308 2699 1514 2764 cousequen-

331 2804 413 2868 dam.
433 2803 508 2868 Iura
523 2803 555 2867 id
570 2823 671 2888 genus
687 2800 850 2889 profluunt
866 2823 908 2868 ex
923 2805 1064 2888 primatu
1082 2804 1120 2868 E.
1139 2802 1314 2878 Pontificis,
1331 2824 1376 2870 ex
1391 2805 1513 2871 Sacra-

331 2929 454 3002 ruentis‚
467 2947 511 2991 ex
526 2947 660 2993 munere
673 2928 914 3013 Episcoporum,
928 2933 962 2995 et
976 2929 1022 2996 ita
1033 2949 1142 3014 porro.
1157 2929 1410 2996 Controversiae
1427 2951 1515 3016 quae

330 3069 389 3134 pro
412 3050 462 3115 his
485 3051 608 3117 iuribus
632 3051 757 3116 tuendis
780 3057 987 3124 enascuntur,
1016 3052 1212 3135 spirituales
1235 3053 1391 3120 dicendae
1408 3063 1496 3122 sunt.

420 3173 497 3238 lura
525 3173 659 3239 dicimus
689 3173 921 3254 ecclesiastica,
943 3194 1025 3258 quae
1048 3172 1196 3241 fidelibus
1219 3181 1407 3262 comparata
1431 3185 1510 3245 sunt

327 3294 367 3360 ab
391 3297 582 3361 auctoritate
606 3297 772 3362 Ecclesiae
798 3297 830 3360 vi
855 3298 1066 3381 quarumdam
1090 3300 1336 3381 institutionum,
1360 3291 1512 3386 spectan-

329 3575 415 3628 etiam
440 3581 567 3644 respectu
593 3577 685 3646 Papae
704 3580 753 3630 aut
779 3576 879 3630 Iudicis
904 3576 1093 3632 Ecclesiastici
1118 3581 1313 3634 consistorium
1334 3587 1462 3647 vocatur,
1482 3587 1514 3636 ut

331 3687 410 3737 notat
429 3683 583 3738 Hostiensis
601 3685 630 3738 in
652 3685 774 3751 Sammo,
794 3688 831 3738 lit.
853 3687 895 3738 De
913 3689 977 3757 soro
997 3697 1115 3757 corripiel⁴
1133 3705 1160 3738 a.
1182 3688 1195 3738 l
1214 3697 1240 3740 et
1258 3689 1287 3741 2.
1307 3687 1413 3742 Forum
1425 3689 1512 3744 etiam

330 3791 472 3860 siguificat
490 3797 579 3845 totum
604 3792 777 3846 territorium
804 3793 832 3845 in
851 3809 907 3863 quo
926 3794 1043 3864 quisque
1066 3794 1150 3848 iudex
1167 3793 1253 3849 babet
1272 3795 1510 3862 iurisdictionem

332 3899 350 3950 l.
371 3899 502 3970 Pupillus
520 3899 590 3964 239,
611 3899 652 3952 Dc
670 3901 746 3952 verb.
766 3900 871 3970 siparis„
891 3915 946 3970 quo
965 3917 1049 3956 sensu
1068 3901 1154 3954 etiam
1174 3904 1234 3955 tota
1252 3901 1389 3957 dioecesis
1407 3903 1512 3958 dicitur

331 4005 501 4058 territorium
515 4005 650 4074 Episcopi.
671 4005 756 4058 Putat
768 4009 862 4059 tamen
882 4006 1038 4061 Hostiensis
1057 4007 1131 4076 quod
1148 4008 1226 4060 lorus
1246 4008 1275 4061 in
1293 4008 1451 4065 masculino
1464 4027 1513 4079 ge-

330 4123 398 4160 nere
415 4107 555 4174 significat
573 4105 664 4160 locum
684 4107 712 4159 in
731 4123 785 4177 quo
805 4108 848 4160 ius
867 4106 1005 4170 redditum
1029 4110 1119 4162 lorum
1146 4111 1260 4164 veroin
1287 4115 1388 4165 neutra
1407 4128 1511 4182 genere

331 4215 450 4280 ponatur
468 4227 517 4280 pro
537 4211 677 4266 territorio
696 4212 846 4266 cuiuslibet
864 4213 971 4275 iudicis,
982 4213 1147 4286 intraquod
1166 4215 1208 4269 ius
1227 4216 1342 4273 reddere
1355 4217 1401 4272 vel
1414 4220 1511 4274 dicere

332 4324 429 4388 potest.
450 4320 553 4374 Verum
573 4319 640 4374 haec
659 4320 815 4376 differentia
834 4324 885 4375 lori
907 4323 936 4377 in
955 4339 1057 4392 genere
1076 4324 1230 4379 masculino
1249 4331 1279 4380 et
1298 4332 1399 4383 neutro
1412 4345 1508 4398 gram·

332 4422 469 4475 ruaticalis
488 4423 577 4476 solum
596 4428 646 4490 est,
666 4423 772 4476 inillam
792 4424 897 4479 habeus
916 4426 1125 4480 [armamentum
1145 4427 1173 4480 in
1193 4429 1252 4483 iuro
1273 4448 1297 4481 a.
