3350 5117
520 326 562 373 na
587 326 725 373 morans
750 324 1013 373 accnnsmsrrors
1297 310 1363 374 443

188 447 238 509 tes
270 448 420 531 utrinque
450 467 508 511 sua
539 449 610 513 iura
642 454 675 513 et
697 450 868 533 petitiones
897 450 1104 534 protulerunt
1132 454 1166 514 et
1193 455 1364 534 antequam

189 570 315 651 patroni
349 570 399 635 vel
431 572 518 655 ipsae
548 577 658 656 partes
688 592 762 637 suas
793 578 932 637 exarant
961 573 1181 658 allegationes,
1205 594 1264 639 seu
1293 576 1362 637 ani·

160 758 163 763 ,
189 690 429 759 madversionas
452 696 485 759 in
506 695 638 778 saetam
661 702 694 761 et
717 698 750 760 in
772 696 836 761 ius.
854 732 899 743 -
914 696 962 762 cl.
988 698 1090 768 Santi,
1105 697 1136 761 lt.
1162 702 1184 762 4.
1207 717 1241 761 a.
1267 697 1300 761 6.

278 816 352 883 421.
377 815 520 886 Effectus
542 820 666 886 validae
689 823 753 887 litis
777 824 1018 888 contestationis
1042 828 1116 889 sunt
1138 822 1238 886 varii:

281 943 311 1029 1)
337 946 546 1014 constituitur
562 946 721 1015 obiectum
739 949 847 1015 iudicii
862 954 895 1014 et
913 949 990 1014 hinc
1006 951 1107 1035 ipsum
1125 948 1276 1015 iudicium
1295 968 1366 1033 pro·

190 1073 260 1154 prie
292 1074 463 1139 inchoatur
485 1096 505 1139 a
535 1077 591 1142 lite
615 1081 795 1142 contestata
817 1083 851 1141 et
873 1078 985 1162 incipit
1014 1075 1191 1143 decurrere
1215 1080 1367 1145 instantia

189 1195 360 1271 iudicialis;
377 1196 611 1265 determinatur
634 1202 719 1265 enim
736 1202 871 1265 intentio
893 1203 1013 1265 actoris
1029 1203 1174 1286 opposita
1197 1205 1245 1267 rei
1268 1221 1364 1285 nega-

190 1322 279 1401 tioni,
304 1324 325 1386 1.
354 1324 404 1390 14.
432 1324 512 1390 Cod.
538 1324 589 1391 De
616 1324 701 1407 iad.‚·
725 1344 826 1408 quare
849 1330 926 1391 ante
948 1325 1036 1389 litem
1060 1330 1269 1391 contestatam
1301 1345 1367 1389 non

191 1444 317 1519 dicitur,
342 1448 412 1530 quis
442 1466 546 1535 apere
569 1447 619 1514 vel
650 1454 773 1531 petere,
798 1447 855 1513 sed
885 1454 1008 1513 tantum
1040 1468 1140 1535 agere
1170 1449 1223 1514 vel
1255 1454 1368 1533 petere

192 1570 296 1651 velte,·
319 1570 340 1634 1.
364 1572 407 1636 15
429 1573 463 1655 ff.
488 1570 615 1639 14441664
638 1592 712 1638 rem
736 1572 870 1639 babere.
883 1592 897 1655 ,·

279 1692 314 1778 2)
339 1701 447 1779 partes
471 1696 721 1762 determinantes
747 1698 909 1781 propriam
932 1699 1153 1781 quaestionem
1177 1716 1285 1761 coram
1320 1698 1368 1761 iu·

193 1818 264 1883 dice
287 1823 393 1887 animo
417 1821 562 1907 litigandi
586 1821 769 1908 obligantur
793 1843 835 1887 ex
859 1822 958 1908 quom
989 1828 1164 1889 contractu
1186 1824 1226 1887 ad
1257 1843 1369 1907 prose·

193 1941 350 2023 quendam
366 1944 455 2009 litem
480 1950 512 2009 et
534 1943 574 2007 ad
591 1962 701 2007 omnes
724 1947 816 2007 actus
831 1944 1054 2026 processuales
1077 1942 1152 2007 inde
1171 1944 1367 2015 exorientes,

194 2087 268 2153 erp.
286 2070 306 2133 1.
324 2066 349 2133 3
364 2070 385 2150 ἓ
401 2070 446 2141 11,
464 2064 496 2131 ff.
514 2067 563 2134 De
575 2067 720 2151 peculio.
740 2067 923 2131 Potuissent
946 2068 1030 2131 enim
1047 2066 1100 2130 vel
1119 2068 1302 2151 transigere
1317 2068 1369 2131 vel

197 2194 389 2257 renunciare
413 2195 475 2259 iuri
499 2212 573 2268 suo;
599 2186 671 2257 cuin
696 2212 775 2257 vero
798 2192 959 2277 elegerint
981 2190 1132 2255 iudicium
1157 2194 1311 2276 experiri,
1328 2212 1370 2256 ex

195 2325 303 2383 mutuo
334 2340 493 2385 consensu
516 2340 551 2385 se
582 2319 771 2385 submittunt
800 2316 1047 2403 obligationibus
1078 2317 1183 2383 iudicii
1211 2324 1244 2383 et
1275 2322 1369 2385 etiam

196 2442 380 2529 obligationi
403 2444 544 2511 iudicati
566 2444 718 2511 solvendi
741 2442 797 2529 (l);

285 2571 318 2656 3)
342 2572 427 2637 Hinc
457 2572 514 2637 lite
537 2576 723 2645 contestata,
750 2572 782 2635 in
814 2570 938 2635 obiecto
962 2571 1027 2635 litis
1049 2589 1105 2636 seu
1129 2570 1167 2635 in
1192 2570 1312 2646 libello,
1337 2578 1373 2635 nt

196 2691 278 2758 solat
300 2692 372 2767 dici,
390 2714 454 2758 non
478 2700 611 2781 possunt
633 2691 703 2759 fieri
721 2693 914 2757 mutationes
937 2692 1172 2762 substantiales,
1190 2693 1265 2775 qnia
1287 2699 1373 2757 esset

197 2818 337 2901 priorem
369 2820 552 2885 instantiam
577 2838 734 2884 revocare
764 2824 796 2883 et
823 2820 933 2884 aliam.
951 2820 1128 2897 instituere,
1153 2817 1208 2881 sed
1239 2820 1371 2902 permit-

197 2948 309 3007 tuntur
331 2942 554 3009 accidentales
577 2943 809 3009 comestiones.
837 2942 999 3031 Instantis
1016 2944 1102 3007 enim
1132 2940 1297 3022 iudicialis,
1321 2940 1373 3005 de

197 3069 367 3132 terminato
398 3087 458 3153 per
479 3067 569 3131 litem
600 3070 811 3131 contestatam
839 3066 925 3130 illius
956 3065 1090 3144 obiecto,
1114 3065 1229 3148 incipit
1259 3084 1373 3150 reapse

198 3192 374 3257 decurrere
389 3192 429 3257 ab
446 3192 508 3256 hac
524 3193 765 3257 contestatione.
782 3192 1000 3265 -Quocirca
1015 3190 1188 3269 biennium,
1205 3208 1268 3272 quo
1283 3210 1374 3275 prae·

197 3319 273 3401 cipit
289 3318 410 3383 Concil.
435 3318 520 3382 Trid.
539 3316 658 3381 debere
681 3316 802 3381 absolvi
827 3318 997 3384 instantias
1021 3315 1195 3391 iudiciales,
1213 3317 1246 3380 in
1270 3318 1373 3401 primo
1468 3396 1471 3401 .

197 3440 309 3528 gradu,
330 3444 518 3509 aestimatur
541 3464 560 3509 a
583 3446 639 3509 lite
662 3448 852 3509 contestata.
877 3480 920 3495 -
945 3446 1024 3509 ltem
1048 3445 1192 3509 actiones
1214 3448 1374 3529 tempora-

269 3710 308 3779 (l)
328 3710 402 3766 Haec
415 3711 540 3765 doctrina
559 3726 612 3764 non
627 3708 799 3779 praeiudicat
818 3708 945 3777 publicae
958 3710 1120 3763 auctoritati
1133 3708 1240 3774 iudicis,
1254 3714 1284 3762 ut
1296 3708 1373 3762 dnbi-

199 3825 260 3873 tant
273 3818 398 3873 nonnulli
419 3820 587 3873 recentiores
600 3818 747 3873 coicientes
766 3820 889 3871 veterem
909 3816 1045 3871 theoriam
1065 3817 1133 3870 iuris
1151 3816 1268 3870 consult
1289 3820 1316 3869 64
1330 3834 1374 3869 ca·

200 3924 299 3977 nonist.
319 3927 399 3993 quasi
417 3932 574 3976 contractus
593 3926 621 3975 ia
640 3922 750 3975 iudicio.
770 3920 811 3973 Cf.
832 3920 965 3984 lllortara,
985 3920 1077 3972 Princ.
1096 3921 1128 3971 di
1136 3936 1215 3989 proc.
1229 3922 1280 3971 civ.
1298 3937 1325 3973 n.
1347 3919 1373 3971 9.

200 4028 268 4081 Nam
288 4046 354 4084 sana
373 4028 455 4083 iudex
474 4032 516 4081 est
530 4043 647 4097 persona
665 4027 755 4082 electa
768 4026 802 4079 ad
821 4026 1012 4097 quaestionem
1026 4042 1060 4079 ex
1080 4024 1191 4093 publica
1206 4024 1375 4079 auctoritate

201 4136 389 4190 resolvendam
414 4139 444 4188 et
466 4134 499 4188 ad
524 4134 674 4201 regendum
701 4149 858 4202 processum
883 4130 1056 4197 iudicialem3
1080 4131 1127 4185 sed
1154 4132 1182 4184 in
1208 4130 1375 4199 peculiarem

199 4243 390 4311 quaestionem
413 4242 440 4293 in
460 4239 589 4294 civilibus
613 4244 642 4293 64
660 4240 689 4293 in
707 4243 798 4294 certas
817 4256 949 4309 personas
968 4242 1135 4307 potestatem
1154 4237 1239 4291 habet
1263 4253 1296 4291 ex
1315 4237 1376 4306 ipsa

200 4347 426 4401 contendentium
440 4347 592 4411 voluntate,
606 4347 640 4398 cf.
654 4364 713 4415 cap.
727 4346 755 4409 3,
767 4346 808 4399 De
820 4348 888 4399 dolo
902 4356 926 4399 et
939 4355 1057 4399 contum
1074 4346 1103 4398 Χ
1115 4346 1160 4416 (ll,
1177 4346 1220 4413 14)
1233 4349 1263 4399 64
1275 4346 1304 4399 in
1315 4344 1375 4399 eod.

201 4454 240 4505 tit.
253 4455 283 4507 in
303 4454 323 4505 6
342 4470 399 4523 cop.
421 4454 445 4519 l;
458 4456 487 4507 et
505 4452 657 4516 Bordeaux,
672 4452 850 4522 Philosopbie
868 4452 904 4504 de
924 4452 952 4503 tn
963 4450 1124 4522 procedure
1137 4451 1219 4505 civile
1232 4449 1310 4519 chap.
1330 4450 1375 4504 lV.
