3350 5117
324 305 390 372 328
849 327 934 375 enas
958 327 981 374 1.

358 452 361 461 '
413 449 627 517 Naturaliter
649 451 768 536 duplici
784 451 878 517 modo
901 453 1167 538 interrumpitur;
1192 473 1306 540 nempe
1328 451 1501 521 deficiente

323 577 430 660 aliqua
452 578 591 643 naturali
615 577 799 646 conditione
821 579 863 644 ad
886 577 1182 664 praescribendum,
1198 579 1324 646 scilicet

412 697 446 786 o)
470 701 498 764 si
520 699 746 784 praescribens
768 702 1003 787 possessionem
1018 702 1066 768 rei
1089 702 1226 784 amittat,
1249 701 1327 768 licet
1347 701 1412 767 hoc
1427 719 1505 766 con·

321 822 426 908 tingat
449 841 492 888 ex
514 824 633 890 iniuria
655 825 804 900 alterius;

412 943 444 1030 b)
467 947 520 1011 vel
536 947 563 1011 si
586 948 818 1033 possessionem
834 949 972 1034 amplius
987 950 1131 1016 retinere
1151 969 1216 1014 non
1232 950 1332 1034 possit
1354 949 1394 1015 ob
1409 951 1507 1015 amis-

325 1091 393 1136 sam
418 1071 447 1135 b.
471 1071 505 1147 f,
530 1092 613 1156 quae
643 1065 775 1139 mutatio
797 1074 831 1137 in
855 1073 929 1139 foro
962 1080 1099 1139 externo
1129 1075 1357 1159 praesumitur,
1374 1073 1505 1158 quando

324 1193 394 1276 quis
418 1212 617 1278 quocumque
640 1193 734 1259 modo
748 1193 803 1260 ius
827 1194 968 1262 atterius
982 1197 1015 1260 in
1034 1215 1073 1262 re
1089 1215 1235 1281 possessa
1257 1196 1363 1262 fassus
1385 1197 1427 1262 sit
1450 1199 1506 1262 vel

323 1319 553 1402 recognoverit
576 1315 632 1402 (l).

416 1439 563 1508 Oioititer
578 1443 834 1528 interrumpitur,
850 1445 877 1510 si
893 1463 1061 1528 possessor
1072 1448 1269 1529 provocatur
1281 1445 1315 1509 in
1330 1442 1505 1518 iudicinm;

322 1565 474 1630 nimirum
497 1567 646 1652 perlitis
669 1568 946 1650 contestationem,
963 1569 1027 1633 imo
1050 1574 1082 1634 et
1098 1587 1158 1654 per
1181 1569 1282 1633 solnm
1305 1569 1505 1633 citationem.

324 1725 368 1740 -
391 1690 424 1756 Si
448 1711 527 1756 vero
550 1713 611 1776 per
633 1691 811 1758 adversarii
837 1691 1015 1758 absentiam
1038 1693 1079 1758 lis
1109 1693 1272 1759 introduci
1294 1713 1360 1758 non
1390 1695 1507 1781 potuit,

323 1835 383 1902 per
398 1819 660 1901 quaerimoniam,
678 1818 803 1884 scilicet
820 1820 1086 1903 protestationem
1101 1818 1245 1904 legitime
1260 1818 1390 1891 iactam,
1407 1837 1507 1903 prae-

323 1941 456 2026 scriptio
485 1941 748 2026 interrumpitur;
767 1960 809 2004 en
826 1941 847 2005 t.
870 1941 897 2005 2
913 1946 944 2006 et
958 1941 1030 2016 uit,
1053 1941 1076 2023 ἓ
1091 1939 1126 2022 3,
1145 1941 1180 2007 Ο.
1196 1941 1247 2006 De
1262 1960 1344 2006 aaa.
1362 1945 1507 2024 except,

324 2067 356 2128 et
379 2081 424 2127 eor
446 2083 520 2146 cap.
545 2065 569 2129 8
592 2064 623 2128 b.
650 2069 670 2128 t.
695 2063 736 2127 X.

414 2185 518 2260 Quum
541 2186 712 2252 maturetis
742 2185 989 2270 interruptionis
1012 2203 1112 2250 causa
1133 2186 1175 2250 sit
1196 2183 1344 2250 defectus
1366 2183 1508 2250 alicuius

323 2311 480 2376 naturalis
503 2314 648 2397 requisiti
672 2313 712 2378 ad
735 2312 1033 2398 praescribendum,
1057 2313 1176 2379 exinde
1199 2313 1347 2396 sequitur
1369 2315 1406 2376 ut
1422 2315 1508 2376 tem-

322 2457 383 2522 pus
409 2437 606 2503 antecedens
629 2443 803 2503 evanescat
826 2456 932 2521 neque
955 2437 1054 2522 possit
1082 2438 1261 2524 computari
1285 2435 1326 2502 ad
1346 2436 1521 2521 praescri·⁴
1654 2438 1655 2467 ¹

323 2560 472 2643 bendum,
486 2563 512 2626 si
539 2562 667 2648 dempto
691 2561 928 2648 impedimento,
952 2563 1165 2647 praescriptio
1189 2561 1296 2627 denuo
1318 2560 1507 2626 inchoatur.

324 2685 374 2749 Ea
395 2691 509 2750 contra
532 2687 638 2752 ciuilis
654 2687 902 2772 interruptionis
917 2683 1052 2752 effectus
1067 2687 1256 2752 aestimatur
1271 2684 1311 2750 ab
1328 2687 1419 2752 exitu
1434 2686 1504 2752 litis

324 2830 381 2874 seu
403 2831 423 2874 a
446 2813 616 2884 sententia,
646 2817 756 2898 utpote
785 2811 1005 2878 declaratoria
1035 2813 1152 2878 iurium
1182 2815 1389 2900 possessoris.
1414 2814 1507 2889 Quae

324 2937 351 3001 si
375 2941 424 3002 est
449 2937 636 3003 favorabilis
660 2939 905 3024 praescribenti,
921 2938 1115 3024 interruptio
1137 2958 1197 3024 pro
1220 2959 1286 3004 non
1308 2938 1421 3005 habita
1443 2939 1507 3006 ha·

324 3056 432 3136 betur3
457 3059 484 3125 si
507 3061 681 3134 contraria,
699 3066 774 3126 ante
797 3066 872 3126 acta
895 3063 1055 3147 possessio
1078 3062 1252 3127 evanescit.

413 3178 447 3263 2)
473 3179 700 3266 desponditur
715 3184 874 3267 possessio
898 3204 955 3249 seu
977 3183 1105 3250 dormit
1131 3189 1247 3250 contra
1268 3203 1335 3249 non
1358 3183 1508 3253 valentes

324 3311 434 3388 agere,
465 3305 539 3387 quia
565 3328 582 3367 e
610 3325 681 3373 non
707 3306 836 3372 uolenti
866 3324 970 3393 opere
992 3325 1063 3373 nou
1085 3307 1196 3374 currit
1216 3306 1447 3390 praescriptio
1473 3325 1506 3382 »3

325 3427 346 3491 t.
370 3428 398 3503 1,
421 3427 443 3510 S
465 3430 524 3496 ott.
545 3430 624 3496 Cod.
649 3429 699 3496 De
723 3449 803 3496 aaa.
829 3436 958 3514 accept.
983 3436 1016 3496 et
1038 3451 1111 3498 can.
1135 3431 1259 3497 Prima
1282 3431 1424 3504 actione,
1448 3429 1506 3508 13,

324 3573 415 3620 caus.
439 3555 491 3630 16,
516 3574 547 3639 q.
572 3553 605 3630 3,
630 3557 698 3620 sive
721 3555 809 3622 iuris
832 3558 902 3621 sive
923 3555 1009 3640 sacti
1031 3554 1294 3642 impedimentum
1317 3557 1369 3622 sit.

412 3677 506 3744 Iuris
528 3676 798 3763 impedimentum,
811 3698 870 3744 seu
892 3678 1038 3764 generali
1061 3679 1142 3744 iuris
1165 3680 1420 3764 praesumptioni
1451 3680 1504 3744 in·

285 3879 290 3888 ,
323 3803 445 3876 nixum,
476 3803 615 3868 habetur
636 3805 670 3866 in
695 3804 843 3869 Ecclesia
870 3809 1017 3886 vacante,
1042 3823 1125 3889 quae
1156 3810 1248 3871 caret
1275 3824 1333 3870 sno
1356 3804 1501 3890 legitimo

323 3923 505 4008 defensore,
529 3947 598 4012 arg.
628 3947 655 3993 c.
681 3947 707 3992 c.
733 3926 755 3991 4
779 3931 812 3993 ct
834 3925 877 3993 15
894 3928 925 3992 b.
943 3933 962 3993 t.
979 3927 1021 3994 X.
1038 3928 1249 3995 —Ecclesia
1271 3947 1392 3994 vacans
1415 3947 1505 3994 com-

323 4058 458 4138 paratur
481 4053 600 4140 pupillo
635 4052 791 4118 adversus
821 4071 935 4136 quem,
960 4051 1097 4118 durante
1119 4057 1227 4118 aetate
1249 4053 1405 4138 pupillari
1429 4054 1507 4121 dor

414 4283 452 4352 (l)
472 4284 585 4356 Inquam
605 4312 619 4324 -
639 4285 668 4336 in
686 4285 749 4354 foro
770 4293 887 4337 emmim
907 4311 921 4324 ·
941 4299 1005 4336 nam
1024 4283 1053 4337 in
1066 4284 1128 4338 som
1145 4284 1256 4339 interno
1281 4285 1407 4340 creditur
1429 4301 1505 4340 asse·

325 4391 397 4444 renti
416 4406 446 4446 se
464 4391 566 4445 bonam
584 4389 666 4442 fidem
685 4386 800 4442 babere.
