3350 5117
333 292 402 360 372
861 314 944 360 rsus
969 314 990 360 1.

340 435 479 522 demque
501 457 521 502 a
544 439 701 504 Cicerone
725 439 769 503 ita
796 457 987 524 expressum
1010 436 1074 522 (De
1095 438 1243 524 Lepibus
1273 438 1321 512 ll,
1342 437 1390 523 2):
1415 456 1519 500 ‹om-

339 563 436 630 nibus
458 563 671 650 municipibus
701 563 779 630 duas
810 583 929 630 censeo
959 583 1031 628 esse
1060 565 1192 650 patrias,
1218 583 1326 630 unam
1355 568 1519 643 murae,

334 691 481 757 alteram
504 691 680 756 civitatis»
706 725 751 740 -
777 691 888 773 Caput
910 691 970 756 ult.
995 690 1026 753 b.
1055 695 1077 754 t.
1093 691 1135 764 X,
1155 689 1239 754 haec
1261 689 1370 755 babet:
1395 691 1515 775 (potia

340 819 456 880 tomen
479 815 632 881 omnium
662 815 893 882 Ecclesiomm
922 821 1034 881 motor
1048 820 1097 880 ert
1110 814 1231 880 eodem
1248 812 1360 892 (Sedes
1382 810 1457 900 Ap.)
1482 819 1519 879 et

340 939 517 1025 mopistra
540 937 606 1002 rite
640 938 797 1021 compelli
824 939 946 1021 potuit,
970 943 1007 1004 ut
1040 937 1087 1005 ibi
1120 935 1191 1021 (seu
1217 937 1340 1002 Romae
1369 956 1516 1002 commo-

337 1061 428 1146 rans)
451 1063 522 1128 sois
544 1062 754 1128 aduersariis
780 1062 1020 1145 responderet:
1041 1061 1110 1126 nisi
1126 1080 1196 1144 pro
1219 1062 1291 1126 otio
1308 1061 1398 1127 iusto
1411 1068 1445 1128 et
1458 1081 1522 1127 ne·

339 1189 490 1255 cessario
514 1208 619 1255 causa
642 1174 802 1254 coniciet:
825 1208 930 1274 quom
953 1189 984 1254 si
1011 1193 1091 1255 tunc
1120 1189 1308 1274 otleposcet,
1336 1187 1390 1253 ius
1418 1208 1515 1255 reeo

336 1313 441 1379 condi
474 1314 616 1380 domum
649 1315 783 1380 solcum
808 1311 930 1395 subnot
963 1314 1073 1379 erdem
1097 1334 1126 1375 ›.
1151 1313 1205 1376 Ex
1234 1311 1297 1377 hoc
1323 1313 1429 1398 capite
1460 1332 1517 1377 se·

331 1441 457 1522 quitur:

426 1559 456 1646 l)
479 1561 564 1646 ¹quod
588 1562 698 1626 curiae
730 1581 810 1626 rom.
835 1560 932 1625 iudex
956 1567 1006 1626 est
1035 1562 1235 1628 ordinarios
1257 1568 1291 1628 et
1313 1569 1516 1650 competens,

331 1687 368 1751 in
390 1685 469 1770 foro
494 1686 618 1765 eccles,
643 1684 746 1768 quoad
770 1705 881 1750 omnes
903 1683 1014 1750 fideles
1038 1686 1161 1749 Romae
1188 1692 1434 1756 commorantes.

421 1811 454 1896 2)
481 1809 552 1875 Hoc
575 1812 727 1895 competit
750 1811 861 1875 curiae
885 1831 965 1874 rom.
990 1831 1190 1895 quocumque
1209 1814 1242 1876 in
1263 1813 1334 1877 loco
1357 1812 1517 1878 resideat.

419 1937 453 2022 3)
479 1935 601 2000 Romae
624 1940 810 2006 conventus,
836 1935 896 2001 etsi
922 1933 966 1999 ibi
996 1934 1190 2000 domicilium
1212 1955 1327 2000 verum
1357 1956 1424 2002 non
1454 1939 1518 2004 ba·

335 2061 419 2132 beat,
456 2080 521 2124 non
559 2065 664 2144 potest
701 2061 923 2144 exceptionem
959 2059 1023 2124 lori
1057 2060 1301 2126 declinatorium
1336 2063 1516 2136 intentare,

333 2193 441 2252 tamen
465 2187 492 2250 si
516 2204 559 2250 ex
583 2185 667 2250 iusta
690 2188 723 2250 et
746 2186 930 2250 necessaria
953 2205 1059 2259 causa,
1076 2185 1160 2253 idest
1189 2187 1339 2274 lepitimo
1361 2191 1512 2275 nepotio

333 2329 413 2375 rum
430 2328 544 2384 causo,
559 2307 680 2373 Romae
697 2313 956 2380 commoratum
971 2309 1077 2374 iudice
1091 2314 1204 2395 petere
1218 2311 1308 2377 valet
1320 2310 1511 2378 facultatem

331 2435 516 2502 reuocandi
546 2434 696 2503 doricum.
729 2453 822 2519 quam
854 2434 1009 2499 obtinebit
1031 2440 1198 2520 postquam
1221 2435 1390 2509 constabit,
1414 2439 1513 2522 quod

327 2575 395 2640 pro
426 2575 532 2623 catoso
563 2557 653 2621 iusta
676 2561 706 2622 et
729 2554 923 2622 necessaria
946 2555 1087 2620 ceouset
1111 2561 1144 2622 et
1166 2555 1249 2638 quod
1281 2557 1404 2622 Romae
1427 2577 1512 2623 con·

328 2691 446 2747 ventus
469 2684 574 2747 urinus
597 2683 637 2746 sit
661 2681 700 2744 ad
716 2700 751 2745 se
774 2679 1012 2746 defendendum
1036 2681 1221 2746 instructus.

422 2804 587 2869 Hactenus
618 2803 658 2868 de
689 2823 763 2867 casu
797 2822 859 2886 quo
887 2804 957 2886 quis
988 2803 1111 2868 Romae
1142 2805 1344 2878 convenitur,
1365 2811 1399 2871 et
1416 2806 1513 2871 *vidi-

329 2948 400 2992 mus
425 2933 619 2993 courentum
643 2946 708 2990 uon
739 2943 832 3010 posse
855 2923 1021 2990 declinare
1043 2925 1149 2990 iorum
1179 2928 1290 2992 curiae
1321 2949 1416 2994 rom:
1449 2930 1510 2996 sed

331 3053 405 3138 qnid
430 3055 508 3118 iuris
532 3055 557 3116 si
582 3055 652 3136 quis
676 3052 760 3116 forle
784 3053 907 3116 Romae
931 3071 1144 3126 commorans,
1165 3055 1377 3119 conveniatur
1393 3075 1507 3121 coram

331 3177 495 3242 ordinario
520 3177 567 3242 sui
592 3174 764 3240 domicilii?
787 3181 933 3261 potestne
957 3176 1065 3241 taliter
1084 3181 1262 3241 conventus
1277 3177 1445 3244 declinare
1461 3180 1509 3246 fo

326 3323 400 3369 rum
431 3304 480 3366 sui
512 3299 681 3366 domicilii?
710 3301 761 3364 Ex
792 3303 952 3365 communi
988 3303 1058 3366 iure
1089 3323 1153 3367 non
1188 3308 1296 3387 posset
1326 3303 1503 3378 declinare,

327 3430 403 3514 quia
427 3427 552 3512 quando
577 3428 647 3510 quis
669 3426 791 3492 duobus
815 3429 847 3491 in
871 3428 952 3492 locis
975 3428 1081 3492 forum
1109 3430 1253 3510 sortitur,
1285 3435 1397 3515 utputa
1428 3454 1504 3498 cum

327 3554 390 3620 duo
416 3551 534 3617 babeat
556 3571 636 3616 vera
660 3550 830 3625 domicilia,
845 3557 893 3616 est
918 3553 949 3616 in
977 3551 1105 3636 optione
1135 3552 1255 3617 actoris
1286 3572 1359 3617 eum
1387 3575 1508 3619 conve·

325 3677 399 3742 nire
424 3679 456 3740 in
482 3695 543 3759 quo
576 3674 727 3742 maluerit
755 3673 837 3738 loru.
863 3675 1036 3760 Fagnanus
1058 3675 1096 3738 in
1119 3693 1193 3757 cop.
1210 3676 1312 3749 Licet,
1336 3677 1397 3751 20,
1422 3678 1454 3742 b.
1480 3684 1501 3742 t.

323 3820 359 3867 n.
385 3800 443 3863 40.
468 3799 530 3865 Sed
565 3798 634 3863 iuri
668 3797 841 3863 coormuoi
867 3799 901 3862 in
929 3798 991 3862 hac
1013 3799 1122 3882 specie
1145 3798 1315 3884 derogavit
1341 3798 1507 3867 Constitu-

324 3925 369 3992 tio
400 3923 605 4010 Eupeuiono
636 3920 733 4008 (Cap.
760 3959 777 3971 -
802 3923 928 3988 Diuico
953 3957 970 3971 -
999 3923 1033 3996 3,
1064 3923 1127 3988 Tit.
1153 3923 1185 4005 7,
1210 3923 1265 3990 lib.
1297 3926 1331 3997 5,
1355 3928 1505 3993 Euri-aa

323 4047 462 4134 comm.)
469 4047 498 4130 ;'
515 4066 557 4112 ex
588 4067 650 4130 qua
681 4067 744 4112 nou
777 4052 910 4132 possunt
939 4053 1035 4112 extra
1065 4049 1188 4113 curiam
1219 4070 1300 4115 rom.
1331 4052 1499 4116 conveniri

323 4173 489 4257 officiales
525 4172 616 4238 Sedis
651 4173 855 4256 Apostolicee
889 4177 922 4237 et
955 4173 1009 4237 alii
1040 4174 1162 4238 Romae
1192 4181 1429 4241 commorantes
1457 4176 1499 4240 ad

323 4299 457 4383 negotia
480 4297 689 4384 expedienda.
714 4299 797 4372 Quia
819 4318 898 4363 vero
922 4318 987 4364 non
1010 4300 1110 4364 semel
1133 4301 1272 4364 iustiliae
1299 4299 1503 4365 administra·

323 4423 369 4489 tio
395 4421 628 4507 impediebatur
651 4440 693 4486 ex
717 4421 807 4486 hisce
831 4427 926 4488 extra
948 4422 1054 4486 locum
1085 4421 1236 4487 domicilii
1267 4424 1395 4508 agitatis
1422 4421 1502 4497 iudi.
