3350 5117
302 316 366 381 104
823 333 909 380 mas
934 333 958 378 r.

298 452 417 518 habeat
439 450 678 526 beneficiuma
699 450 871 539 delegante
894 452 1030 537 exigere
1052 453 1171 536 poterit
1193 452 1243 516 sui
1262 449 1371 536 operis
1392 468 1481 514 mer·

298 576 420 651 cedem,
444 577 561 663 quippe
592 596 687 641 nemo
717 578 783 642 suis
814 576 982 663 stipendiis
1011 575 1145 650 militat;
1168 594 1265 659 quam
1295 571 1481 639 mercedem

298 702 464 789 delegatus
486 702 540 767 vel
564 700 719 765 obtinebit
733 699 774 765 ab
790 701 860 785 ipso
878 700 1067 785 delegante;
1091 699 1145 763 vel
1168 700 1306 783 recipiet
1329 717 1374 763 ex
1395 698 1482 763 taxis

193 906 198 917 ⁸
297 832 397 895 certis
419 834 453 895 et
475 828 696 893 determinatis
719 826 882 892 solvendis
904 827 989 913 apud
1003 826 1146 891 tribunal
1170 846 1190 890 a
1212 825 1421 911 litigantibus.
1436 858 1481 872 -

299 956 433 1039 Inquam
464 974 509 1021 em
540 954 631 1019 taxis
661 954 761 1020 certis
792 960 822 1019 et
849 954 1094 1025 determinatas,
1118 954 1195 1037 quia
1225 953 1296 1017 iure
1319 971 1391 1016 can.
1415 969 1480 1015 non

298 1078 512 1165 probibentur
535 1083 647 1143 certae
670 1083 768 1143 taxae
791 1098 811 1143 a
835 1078 981 1165 partibus
1004 1076 1178 1144 solvendae
1201 1098 1261 1164 pro
1284 1075 1409 1141 actibus
1431 1076 1480 1139 iu-

298 1202 476 1275 dicialibus,
501 1201 556 1267 sed
580 1200 736 1266 iudicibus
758 1206 825 1265 tum
851 1200 1024 1266 ordinariis
1045 1206 1114 1265 tum
1139 1199 1305 1285 delegatis,
1333 1200 1402 1263 sire
1424 1197 1481 1263 be-

298 1325 449 1393 neficium
480 1326 622 1391 habeant
651 1328 720 1391 sive
752 1326 864 1391 eodem
888 1330 1033 1407 careant,
1057 1324 1251 1411 prohibetur
1279 1322 1400 1407 aliquid
1421 1321 1481 1388 sibi

299 1453 434 1537 exigere
463 1470 484 1515 a
512 1451 777 1517 contendentibus
814 1452 847 1514 in
882 1450 1075 1536 stipendium
1109 1456 1239 1561 actuum
1275 1448 1480 1515 iudicialium.

299 1574 403 1639 ludex
429 1594 509 1638 vero
539 1572 705 1658 delegatus
729 1573 782 1656 qui
807 1569 1000 1637 beneficium
1030 1591 1095 1635 non
1126 1570 1254 1645 habeat,
1280 1570 1399 1653 aliique
1420 1568 1481 1632 tri-

299 1700 425 1766 bunalis
455 1698 617 1770 officiales,
651 1720 693 1763 ex
724 1699 809 1763 taxis
840 1698 1026 1779 ordinariis,
1052 1698 1207 1783 impositis
1237 1699 1418 1784 generatim
1447 1697 1482 1760 in

299 1830 390 1889 certa
413 1843 565 1888 mensura
587 1822 691 1907 quoad
714 1826 788 1886 acta
811 1820 983 1894 iudicialia‚
1000 1821 1142 1905 aliquam
1167 1840 1246 1886 suae
1269 1822 1377 1907 operis
1399 1837 1483 1883 mer

299 1951 411 2015 cedem
434 1968 600 2015 assumere
631 1954 765 2033 possunt
787 1946 827 2011 ad
851 1946 912 2011 sibi
942 1945 1194 2031 comparandam
1226 1964 1403 2031 congruam
1426 1965 1481 2009 su-

299 2076 535 2140 stentationem.
560 2073 687 2137 Exinde
710 2077 798 2157 patet
821 2071 979 2156 quomodo
1002 2070 1102 2137 iudex
1123 2067 1281 2135 beneficio
1304 2072 1482 2134 instructus

299 2201 349 2265 ins
372 2219 437 2264 non
459 2199 578 2265 habeat
600 2198 815 2285 participandi
838 2196 1020 2263 huiusmodi
1045 2196 1166 2262 reditus
1190 2216 1233 2261 ex
1255 2197 1341 2261 taxis
1363 2215 1481 2282 prove·

299 2325 443 2398 nientes;
466 2328 501 2387 at
522 2322 688 2386 contraria
712 2320 911 2387 consuetudo
936 2339 999 2383 nou
1021 2322 1085 2385 erit
1107 2318 1253 2384 absolute
1278 2316 1482 2405 reprobanda

300 2453 335 2513 ut
358 2444 545 2532 corruptela
568 2446 664 2510 iuris:
689 2446 731 2509 cf.
758 2444 937 2529 Pellegrini
962 2445 986 2509 l.
1002 2463 1028 2509 c.
1054 2480 1098 2493 -
1121 2444 1172 2508 nd
1195 2444 1258 2507 hoc
1281 2442 1482 2507 reducuntur

296 2572 468 2657 propinoe
498 2591 580 2656 quae
611 2570 696 2657 apud
727 2568 901 2635 tribunalia
931 2569 1010 2635 eccl.
1035 2570 1142 2635 solent
1171 2570 1294 2654 percipi
1319 2589 1361 2633 ex
1383 2569 1479 2637 taxis,

299 2697 455 2761 ordinatis
478 2696 651 2783 praecipue
675 2695 707 2759 in
728 2692 913 2759 mercedem
930 2692 1115 2758 officialium
1130 2692 1319 2766 tribunalis;
1344 2710 1480 2774 quarum

299 2822 407 2906 aliqua
428 2841 504 2906 pars
527 2818 698 2903 aliquando
723 2824 755 2885 et
777 2818 896 2883 alicubi
921 2820 1018 2881 etiam
1034 2816 1191 2883 iudicibus
1214 2814 1309 2881 cedit.
1334 2814 1383 2880 Cf.
1403 2814 1481 2879 Fer·

300 2950 379 3023 rari,
405 2947 549 3013 Summa
572 2948 654 3012 Inst.
678 2946 700 3027 ἓ
725 2944 797 3010 739
819 2944 857 3009 in
879 2949 947 3011 not.
973 2944 1006 3009 7.

389 3074 441 3141 83.
467 3072 579 3148 Quoad
595 3092 764 3155 expensas
780 3092 860 3137 vero
885 3078 918 3138 et
939 3092 1096 3143 munera,
1113 3072 1196 3137 haec
1218 3077 1403 3137 teneantur.
1421 3072 1482 3134 Bo·

301 3198 438 3263 nifacius
461 3196 556 3267 Vlll.
580 3196 621 3261 de
644 3194 800 3260 iudicibus
824 3215 844 3259 a
867 3195 899 3260 S.
924 3194 1006 3260 Sede
1030 3194 1195 3281 delegatis.
1221 3196 1303 3260 haec
1332 3194 1480 3260 decernit

300 3324 334 3387 in
358 3322 410 3388 cit.
427 3340 501 3405 cop.
520 3322 555 3384 11
577 3321 627 3386 De
650 3319 835 3402 Rescriptis
858 3320 896 3384 in
920 3319 951 3392 6,
968 3321 990 3401 ἓ
1006 3319 1082 3383 ds«
1107 3322 1245 3405 Insuper
1269 3325 1309 3385 et.
1324 3320 1427 3405 gratis
1448 3324 1481 3381 et

301 3443 474 3508 cumomni
498 3444 637 3528 puritate
661 3442 810 3507 indicium
827 3463 938 3507 coram
957 3443 1026 3527 ipso
1043 3442 1205 3527 procedat,
1223 3442 1347 3507 nullum
1363 3460 1479 3506 munus

300 3565 356 3630 vel
373 3564 543 3649 quidquam
563 3564 658 3637 aliud,
676 3564 736 3629 nisi
753 3565 865 3629 forsan
882 3564 1081 3629 osculentum
1098 3564 1150 3627 vel
1167 3564 1372 3648 poculentum
1389 3578 1480 3625 mera

299 3684 492 3751 liberalitate
516 3686 666 3761 oblatum,
688 3686 771 3771 quod
795 3687 907 3771 paucis
929 3686 1073 3750 consumi
1089 3684 1190 3770 possit
1211 3682 1332 3763 diebus,
1348 3682 1402 3747 vel
1418 3681 1478 3746 nisi

300 3830 372 3874 cum
395 3811 499 3895 ipsum
528 3814 663 3895 propter
694 3828 824 3873 causam
855 3807 914 3872 sibi
946 3808 1147 3872 commissam
1178 3807 1354 3891 contigerit
1383 3811 1480 3870 extra

300 3956 391 4000 suurn
422 3934 616 3999 domicilium
639 3930 817 4019 proficisci,
850 3931 1033 3996 moderatas
1057 3951 1235 4016 expensas,
1264 3932 1412 4016 recipere
1440 3930 1482 3996 ab

206 4046 263 4146 lgr,
275 4059 419 4141 qeisdem
441 4059 586 4145 partibus
602 4060 879 4145 qualitercumque
903 4063 1088 4142 praesumot
1104 4077 1142 4131 »;
1159 4056 1251 4129 idest,
1278 4057 1374 4122 iudex
1398 4056 1481 4122 dele·

19 4210 137 4300 Μ,Μ
156 4238 218 4300 Μ
237 4211 244 4234 s
299 4186 393 4266 gatus
416 4181 602 4267 apartibus
626 4202 690 4246 non
713 4186 818 4267 potest
842 4182 978 4267 exigere
1000 4181 1059 4245 nisi
1085 4186 1120 4245 ut
1143 4180 1299 4247 reddatur
1322 4180 1480 4246 indemnis

160 4305 234 4396 ¹41.
262 4304 339 4398 'fle
364 4308 632 4373 extraordinariis
660 4307 834 4389 expensis,
861 4326 939 4391 quas
967 4306 1075 4371 subire
1104 4305 1213 4371 debuit
1241 4306 1273 4369 in
1301 4304 1481 4370 ordinando

8 4376 37 4405 τ’
80 4370 130 4407 ιω
156 4380 183 4403 u

77 4410 83 4426 ’
144 4518 154 4533 „
224 4472 246 4507 .:
299 4448 469 4515 processu;
494 4434 604 4514 utputa
628 4427 667 4492 ob
684 4447 856 4493 accessum
872 4426 985 4492 iudicis
1001 4429 1034 4491 in
1058 4433 1183 4491 certum
1209 4426 1315 4491 locum
1339 4425 1380 4489 ad
1408 4445 1480 4491 rem

177 4593 181 4601 1
208 4572 236 4605 t„
251 4543 259 4578 Ι
277 4575 285 4600 ἰ
