3350 5117
505 319 549 365 DE
572 319 712 369 lUDICllS
736 322 1002 370 accuesmsrlcls
1296 306 1343 372 29

165 436 279 506 dubia.
298 437 390 505 Unde
413 446 462 506 est
484 443 654 508 conventio
677 462 759 527 quae
775 446 948 531 participat
962 446 1110 511 nonnihil
1124 451 1192 512 tum
1207 446 1247 512 de
1263 468 1342 513 con·

162 568 271 629 tractu
294 566 580 649 cornmuaitctioa
603 573 670 633 tum
695 568 734 635 de
757 570 922 637 aleatorio
945 570 1002 655 (l).

251 690 282 753 7.
308 690 499 757 Transactio
522 692 685 767 dividitur,
704 694 736 759 in
759 696 888 761 realem
912 704 945 763 et
958 699 1177 780 personalem
1183 716 1198 781 ,·
1208 716 1342 783 poena·

163 818 227 883 lem
251 824 284 883 et
308 819 467 885 iuratam.

251 940 438 1007 Personalis
453 961 518 1007 non
535 941 685 1009 absolate
701 944 958 1010 controversiam
974 944 1103 1017 dirimit,
1115 944 1172 1009 sed
1188 948 1340 1030 respectu

161 1062 396 1148 campanam
420 1064 505 1131 unde
528 1062 662 1131 effectus
678 1068 908 1132 transactionis
922 1086 987 1132 non
1006 1069 1124 1134 transit
1141 1066 1183 1131 ad
1200 1066 1343 1133 heredes

161 1189 193 1249 et
216 1204 422 1253 successores
444 1190 669 1275 transigenda
692 1190 798 1257 realis
819 1210 900 1257 vero
921 1190 1023 1257 aflicit
1046 1213 1114 1257 rem
1138 1192 1283 1258 absolute
1307 1197 1343 1258 et

160 1314 337 1395 pertransit
358 1314 392 1377 in
416 1333 632 1399 quoscumque
650 1316 698 1381 rei
713 1320 900 1381 transactae
914 1316 1055 1382 heredes
1071 1322 1104 1382 et
1119 1338 1338 1385 successores:

160 1435 310 1521 exemplo
333 1456 408 1520 cap.
429 1438 463 1512 5,
488 1438 519 1502 h.
537 1442 558 1503 t.
574 1439 617 1513 X,
642 1440 674 1505 in
699 1459 762 1523 quo
784 1438 843 1505 sub
867 1437 932 1505 line
955 1440 1036 1505 haec
1059 1440 1213 1527 leguntur
1238 1466 1256 1505 a
1279 1442 1341 1509 sed

160 1578 280 1627 emanas
303 1562 430 1647 absque
453 1562 613 1647 Episcopi
631 1563 841 1639 auctoritate,
858 1565 919 1649 qai
928 1571 1067 1647 praeest
1081 1567 1260 1638 Ecclesiae,
1276 1566 1342 1633 aab

160 1686 223 1753 hoc
240 1692 428 1769 praetecta
450 1690 589 1765 solutus,
608 1688 713 1755 citam
737 1690 809 1756 eius
831 1691 893 1775 qui
914 1691 1052 1756 solverit
1073 1711 1144 1757 noa
1159 1692 1292 1759 excedit
1307 1714 1340 1757 ›.

160 1811 199 1875 ln
224 1812 367 1877 Concilio
391 1812 481 1878 Trid.
503 1832 583 1879 cers.
601 1814 632 1887 6,
651 1834 725 1897 cap.
743 1814 775 1887 4,
794 1814 844 1881 De
865 1814 931 1899 res.
955 1814 1144 1882 decernitur
1167 1816 1250 1900 quod
1267 1835 1342 1881 con.

159 1932 292 1999 cordiae
314 1954 371 2001 seu
390 1938 637 2009 transactiones,
654 1935 760 2001 iactae
784 1954 850 2001 non
866 1937 1003 2002 servatis
1018 1937 1272 2004 solemnitatibus
1287 1957 1341 2002 ne·
1414 1966 1418 1970 ·

160 2061 311 2125 cessariis
334 2079 394 2145 pro
417 2060 613 2126 alienatione
644 2080 755 2125 rerum
777 2059 1083 2142 ecclesiasticarum,
1106 2059 1251 2147 obligant
1272 2066 1342 2125 tan·

160 2190 229 2250 turn
251 2205 326 2251 suos
349 2191 508 2259 auctores,
533 2204 598 2250 non
621 2204 836 2251 successores.
858 2184 950 2261 Quae
972 2184 1152 2251 Tridentini
1175 2186 1342 2272 dispositio

160 2309 371 2395 intelligendi
393 2317 442 2377 est
463 2312 554 2376 iuxta
576 2328 652 2395 cap.
676 2310 709 2385 8,
734 2310 765 2375 h.
790 2314 811 2377 i.
835 2311 878 2384 X,
895 2310 1094 2376 decernens:
1113 2330 1131 2374 ‹
1148 2310 1342 2403 Mandemus

161 2437 318 2515 quatenus
337 2434 398 2498 nisi
421 2433 560 2519 praefati
584 2434 746 2516 Monachi,
761 2436 1014 2501 transactionem
1037 2438 1271 2521 praescriptam
1287 2455 1341 2501 au·

161 2554 311 2620 ctoritate
334 2555 508 2639 apostolica
530 2554 752 2623 confirmatam
777 2577 849 2622 esse
868 2556 1046 2629 docuerint,
1063 2576 1136 2621 cum
1158 2556 1238 2621 alias
1254 2557 1343 2621 inter

160 2694 325 2756 personas
347 2676 434 2743 tacta
456 2679 561 2763 potius
584 2698 678 2763 quam
704 2680 789 2745 inter
811 2680 980 2746 Ecclesias
1002 2678 1160 2754 videatur,
1181 2698 1223 2744 ne
1245 2684 1344 2763 pacta

161 2801 246 2866 inter
269 2802 349 2867 alios
372 2808 454 2877 acta,
472 2803 544 2867 aliis
567 2802 679 2869 obesse
699 2808 860 2889 patiamur
875 2809 937 2869 etc.
955 2824 973 2867 >
991 2803 1152 2879 Quocirca
1167 2804 1343 2889 Fagnanus

161 2925 192 2991 in
215 2947 273 2991 suo
297 2944 410 2991 comm.
436 2928 468 2991 in
492 2926 524 2990 b.
551 2930 571 2991 t.
596 2928 699 3009 inquit
720 2947 754 2991 a.
778 2926 813 2991 2.
841 2948 860 2988 a
885 2927 964 2992 Nota
989 2926 1208 3012 singulariter,
1233 2934 1341 2992 trans-

160 3056 328 3125 actionem,
357 3074 377 3119 a
402 3054 554 3119 Praelata
584 3055 696 3119 initam
727 3072 826 3139 snper
853 3052 975 3118 iuribus
998 3052 1176 3126 Ecclesiae,
1201 3052 1342 3118 validam

160 3200 230 3247 esse
246 3182 280 3244 in
296 3179 343 3244 sui
362 3178 592 3264 praeiudicium
609 3183 642 3245 et
654 3176 804 3261 quamdiu
820 3176 1000 3242 Ecclesiam
1016 3176 1199 3263 possidebit,
1216 3176 1341 3242 etiamsi

161 3307 337 3393 superioris
361 3306 536 3371 auctoritas
562 3323 626 3370 non
656 3306 899 3380 intercesserit;
923 3304 980 3369 sed
1008 3325 1074 3369 non
1097 3304 1243 3391 obligare
1266 3324 1341 3369 suc-

162 3451 307 3499 cessores
331 3452 404 3495 cum
428 3432 469 3497 sit
492 3450 582 3496 mere
605 3430 802 3517 personalis;
827 3435 861 3495 at
874 3430 929 3495 hic
950 3435 999 3497 est
1021 3451 1114 3497 casus
1137 3433 1271 3499 multum
1288 3451 1343 3495 no

162 3556 278 3629 tabilis,
303 3554 480 3620 secundum
504 3553 739 3619 10..Andream
763 3558 796 3619 et
818 3553 942 3617 alios...
967 3559 1028 3617 etc.
1052 3575 1071 3616 a
1096 3552 1153 3641 (2).
1178 3553 1342 3637 Ceterum,

248 3801 288 3873 (1)
308 3800 351 3855 lta
377 3798 548 3855 D'Annibale
567 3798 612 3869 (ll,
630 3816 657 3852 n.
677 3758 741 3870 557)
761 3799 808 3869 qui
827 3800 878 3851 sub
897 3816 925 3852 n.
943 3797 997 3852 558
1020 3801 1100 3852 notat
1123 3799 1343 3852 transactionem

165 3922 221 3961 esse
240 3908 334 3961 verius
353 3902 551 3960 declarativam
570 3904 648 3971 iuris,
666 3920 721 3959 non
742 3903 944 3957 translativam.
965 3903 1155 3970 inmmerito,
1174 3903 1242 3975 quia
1261 3904 1344 3958 obie-

165 4016 237 4066 ctum
255 4017 299 4067 est
317 4028 365 4067 res
384 4012 476 4066 dubia
497 4010 537 4065 Ol.
557 4010 597 4065 De
618 4010 692 4064 Luca
711 4010 752 4064 Dc
771 4010 875 4081 feudis
888 4011 955 4063 disc.
969 4010 989 4062 4
995 4009 1023 4076 7,
1037 4009 1064 4062 9.
1081 4008 1140 4062 Hoc
1159 4025 1250 4076 sensu,
1265 4010 1344 4064 iura·

165 4122 284 4173 mentum
303 4118 364 4172 litis
382 4116 547 4171 decisoriam
567 4121 610 4171 est
628 4116 735 4186 species
753 4115 959 4169 transactionis.

250 4228 289 4296 (2)
309 4224 415 4281 Concil.
435 4224 508 4279 Trid.
528 4225 556 4279 in
577 4243 636 4296 cap.
657 4226 686 4291 4,
708 4226 778 4279 Sese.
801 4224 829 4290 6,
848 4228 878 4279 et
896 4224 925 4277 in
945 4242 1004 4294 cap.
1029 4224 1058 4286 b‘,
1080 4224 1151 4277 Sese.
1166 4226 1211 4276 25
1229 4229 1345 4298 revocat

166 4332 318 4389 huiusmodi
337 4332 498 4389 concordias
515 4348 570 4387 non
583 4332 751 4401 approbatas
770 4347 786 4383 a
800 4330 826 4383 S.
842 4329 912 4385 Sede
930 4331 960 4385 in
973 4332 1062 4384 forma
1074 4332 1219 4402 specifica3
1233 4332 1345 4388 easdem

166 4440 308 4498 declarans
327 4440 454 4511 obligare
472 4458 538 4495 suos
554 4450 690 4507 auctores,
704 4456 759 4511 qua
769 4440 945 4511 personales.
965 4440 1114 4508 Fagnanus
1134 4440 1153 4492 l.
1167 4458 1189 4495 c.
1203 4458 1230 4494 n.
1248 4440 1276 4509 7,
1289 4440 1341 4494 ait:
