3350 5117
510 439 555 486 oa
578 438 717 487 ruorcrrs
740 437 1006 488 accursusmcrs
1290 421 1357 488 287

268 563 303 648 2)
326 563 491 630 Adversus
513 563 707 630 alienantem
731 583 812 630 vero
837 566 925 632 actio
942 565 1121 650 personalis
1136 566 1176 631 ad
1199 565 1356 632 indemni-

171 688 287 750 tatem.

267 811 321 875 Ex
344 829 420 894 cap.
442 810 516 875 112.
540 815 562 878 t.
587 812 612 876 si
641 811 712 894 quis
733 831 802 875 rem
826 811 1018 877 alienaverit
1042 813 1158 878 iudicio
1181 812 1357 878 subiectam

174 933 293 999 iudicis
315 934 464 1021 delegati,
484 939 619 1000 cavetur
641 935 730 1000 hunc
759 923 897 1000 iudicem
922 955 1013 1022 posse
1036 941 1104 1002 tum
1127 937 1285 1001 actionem
1309 937 1357 1002 rei

172 1057 424 1125 vindicatoriam
438 1063 506 1124 tum
518 1059 677 1126 actionem
693 1058 901 1143 personalem
913 1058 952 1124 ad
966 1059 1206 1127 indemnitatem
1223 1059 1357 1126 definire

171 1179 336 1247 adversm
358 1183 407 1246 rei
429 1182 591 1248 alienatae
614 1200 843 1267 possessorem,
859 1184 1003 1266 quamvis
1026 1184 1098 1250 iure
1122 1184 1286 1252 ordinario
1306 1185 1358 1250 de·

170 1307 279 1394 legati
289 1308 468 1374 iurisdictio
483 1308 669 1375 exercenda
683 1310 725 1374 sit
740 1313 864 1375 tantum
883 1312 969 1376 inter
979 1331 1134 1398 personas
1149 1313 1182 1378 iu
1199 1315 1357 1400 rescripto
1389 1339 1393 1348 ·

172 1433 366 1520 designatas
387 1433 446 1520 (l).

267 1645 290 1727 5
312 1643 344 1710 2.
368 1644 421 1711 De
443 1644 630 1713 actionibus
653 1647 723 1714 doti
745 1652 896 1713 metusve
919 1666 1024 1714 causa
1048 1649 1264 1732 comparatis.

172 1817 396 1876 Summum.
410 1821 514 1876 -254,
533 1821 691 1892 Aliquando
709 1826 789 1876 actus
808 1821 921 1876 humani
943 1824 1068 1894 quamvis
1087 1823 1181 1888 validi,
1201 1829 1293 1880 tamen
1306 1825 1359 1879 ali·

267 1944 323 1999 quo
341 1927 472 1984 laborant
483 1929 602 1996 defectu,
612 1929 684 1984 unde
704 1929 875 1985 rescindendi
896 1935 967 1984 sunt.
981 1960 1018 1972 -
1030 1931 1090 1986 255.
1105 1931 1267 2002 Explicatur
1281 1934 1358 1987 notio

270 2033 340 2104 doli,
353 2032 401 2103 qui
419 2031 550 2102 dirigitur
569 2033 604 2088 ud
622 2033 807 2089 inducendum
827 2032 949 2112 alterum
968 2033 996 2086 in
1015 2051 1145 2089 errorem.
1166 2065 1200 2076 -
1219 2036 1279 2090 256.
1300 2036 1355 2090 Do·

267 2140 326 2195 lum
346 2157 426 2210 passo
443 2140 616 2196 succurritur
630 2158 679 2210 per
697 2143 837 2197 actionem
858 2147 886 2196 et
906 2143 1097 2212 exceptionem
1109 2142 1244 2208 doli,sive
1257 2145 1303 2198 hic
1316 2161 1358 2200 er-

267 2261 361 2300 rorem
380 2245 521 2300 induxerit
538 2247 749 2301 substantialem
766 2251 817 2301 aut
835 2249 1076 2304 detemiuuntem.
1096 2279 1130 2293 -
1149 2251 1212 2305 257.
1227 2251 1291 2307 lude
1310 2268 1359 2306 no-

268 2355 345 2404 tatur
368 2350 526 2406 differentia
550 2352 625 2406 inter
648 2352 803 2422 simplicem
829 2369 951 2408 errorem
971 2357 999 2409 et
1025 2371 1146 2410 errorem
1171 2356 1303 2410 dolosum.
1322 2386 1359 2398 -

267 2459 330 2514 258.
349 2457 491 2520 Quomodo
515 2464 679 2514 occurratur
704 2461 791 2514 errori
818 2460 913 2514 doloso
933 2464 1072 2518 incidenti.
1092 2491 1126 2503 -
1145 2463 1205 2518 259.
1231 2465 1270 2519 De
1295 2464 1358 2518 dolo

269 2567 304 2620 ab
323 2565 379 2620 alio
399 2566 474 2620 actui
493 2574 627 2620 exuaneo
646 2571 765 2636 patrato.
778 2597 815 2609 -
827 2569 891 2622 260.
906 2567 958 2622 Sed
972 2569 1097 2623 nonnulli
1114 2574 1193 2624 actus
1206 2569 1358 2626 nullimode

269 2670 386 2726 rescindi
406 2670 510 2726 valent.
523 2699 560 2711 -
578 2671 638 2724 261.
659 2670 825 2741 Explicatur
846 2672 924 2726 notio
946 2683 1045 2738 metus,
1064 2675 1111 2744 qai
1131 2675 1216 2728 afficit
1235 2675 1357 2730 valorem

270 2779 391 2829 actuum.
403 2802 439 2814 -
457 2774 518 2828 262.
537 2775 678 2836 Quaenam
697 2775 872 2830 conditiones
890 2781 1018 2831 constare
1036 2777 1138 2832 debent
1157 2779 1251 2846 metui,
1262 2783 1293 2832 ut
1311 2796 1358 2849 ap-

269 2882 360 2951 posita
383 2882 453 2935 iuris
476 2881 599 2937 remedia
623 2882 797 2938 invocentur.
815 2912 853 2924 -
872 2884 940 2938 263.·
955 2884 1026 2945 Quia
1051 2883 1177 2938 nonnulli
1203 2889 1282 2940 actus
1306 2888 1357 2940 sub

269 2995 345 3043 metu
364 2990 447 3059 positi
466 2989 538 3043 nulli
556 2994 631 3056 sunt,
650 2994 717 3044 tunc
735 2990 895 3045 instituitur
914 2995 985 3045 actio
1004 2992 1152 3046 nullitotis.
1171 3021 1207 3033 -
1220 2994 1280 3046 264.
1300 2992 1357 3047 Alii

269 3099 349 3148 actus
360 3112 426 3150 vero
438 3100 504 3150 sunt
522 3098 727 3162 rescindatur,
738 3100 767 3151 et
779 3097 813 3150 ad
826 3095 880 3150 hoc
899 3097 1054 3151 instituitur
1067 3099 1138 3152 actio
1152 3097 1196 3153 vel
1209 3101 1359 3169 opponitur

269 3204 395 3274 exceptio
413 3213 511 3259 metus.
530 3233 567 3246 -
584 3205 645 3259 265.
665 3204 821 3260 innuuntur
841 3205 962 3274 potiores
981 3210 1060 3260 actus
1079 3207 1196 3277 qui,sub
1215 3213 1291 3262 metu
1311 3225 1358 3278 po·

269 3311 326 3375 siti,
335 3315 400 3364 sunt
419 3311 478 3379 ipso
496 3311 559 3365 iure
576 3310 656 3364 nulli.
671 3341 705 3352 -
718 3312 780 3366 266.
800 3311 949 3373 Quaeritur
969 3316 1062 3365 utrum
1082 3317 1161 3367 actus
1179 3314 1302 3385 alioquin
1317 3331 1358 3372 re·

268 3418 431 3496 scindibilis‚
441 3419 491 3473 flat
503 3434 615 3488 prorsus
628 3420 725 3472 firmus
738 3423 766 3474 et
779 3419 980 3488 irrevocabilis,
993 3421 1015 3473 si
1030 3421 1145 3476 accedat
1158 3422 1356 3480 iuranrsntum.

268 3552 306 3564 -
315 3523 376 3576 267.
390 3525 521 3579 Actiones
534 3524 589 3579 doli
604 3528 633 3580 et
645 3530 736 3581 metus
749 3530 814 3579 sunt
830 3527 936 3596 species
949 3527 1068 3581 actionis
1082 3529 1266 3595 rescissoriae,
1280 3531 1358 3584 cuius

269 3646 357 3700 genus
375 3636 419 3686 est
438 3632 590 3687 remedium
608 3634 790 3687 restitutionis
810 3636 839 3687 iu
859 3636 1008 3704 inteprum.

269 3791 346 3859 254.
371 3792 498 3884 Adsunt
519 3799 610 3860 actus
634 3797 685 3878 qui
710 3795 789 3860 nulli
807 3815 872 3861 non
894 3801 976 3870 sunt,
993 3797 1108 3882 quippe
1133 3798 1203 3860 iure
1222 3799 1357 3881 positivo

176 3917 213 3980 et
235 3913 377 3979 naturali
399 3912 499 3978 validi
521 3915 684 4001 propriam
714 3915 836 3982 habent
859 3918 1025 3982 iuridicam
1045 3920 1118 3991 vim,
1137 3937 1215 4001 quos
1238 3923 1356 4000 tamen,

269 4123 310 4195 (1)
323 4123 376 4178 Sed
389 4125 456 4195 quia
468 4123 537 4180 haue
550 4125 666 4180 nullitas
684 4131 727 4181 est
739 4126 852 4182 decreta
870 4128 898 4180 in
918 4129 1020 4182 bonum
1033 4128 1182 4197 privatum,
1196 4129 1247 4182 nisi
1265 4134 1358 4199 partes

178 4234 277 4300 agant,
286 4236 435 4286 censentur
446 4232 502 4286 iuri
514 4248 564 4285 suo
574 4232 737 4287 renunciare
750 4237 778 4288 el
792 4235 936 4303 negotium
950 4233 1127 4290 alienationis
1141 4239 1233 4288 ratum
1245 4234 1357 4291 habere.

178 4335 332 4390 Praeterea
350 4335 403 4390 hoc
421 4335 507 4390 titulo
525 4337 706 4406 proscribitur
723 4336 860 4393 alienatio
879 4340 997 4394 actionis
1015 4339 1061 4395 rel
1082 4341 1122 4396 rei
1141 4341 1281 4412 litigiosae
1294 4343 1357 4397 dolo

178 4443 269 4509 facta3
289 4444 356 4514 quia
373 4445 396 4499 si
415 4445 506 4499 omnis
524 4445 597 4498 absit
615 4445 704 4513 dolus,
722 4446 858 4502 alienatio
877 4447 958 4500 firma
977 4451 1018 4502 est
1038 4452 1066 4503 et
1086 4447 1196 4518 legibus
1215 4451 1357 4519 probatur,

178 4549 216 4602 es.
234 4549 266 4602 ia
284 4547 403 4619 Diuestis
421 4561 448 4605 et
468 4553 497 4605 in
519 4550 619 4605 Codice
637 4552 676 4604 tit.
697 4553 739 4606 De
760 4553 906 4623 litiqiosi33
925 4557 953 4608 et
973 4552 1097 4624 Pirhing.
1119 4553 1152 4621 V,
1172 4554 1216 4620 42,
1234 4555 1263 4621 2,
1283 4555 1325 4608 10.
