3350 5117
320 290 385 354 496
843 312 927 358 rans
952 312 974 357 1.

409 433 540 498 Revera
562 434 695 519 regulae
718 436 920 507 enunciatae
938 434 1018 501 duos
1033 440 1133 501 testes
1147 436 1274 521 plenam
1291 434 1402 500 faeere
1417 454 1498 519 pro·

319 556 489 631 bulionem,
515 556 570 622 illa
600 554 636 621 fit
665 557 822 639 limitatio,
853 558 1041 625 dumanodo
1071 558 1140 624 unt
1173 558 1268 625 omni
1302 558 1501 641 exceptione

319 683 475 747 arcatores.
504 684 547 747 Et
569 683 632 748 hoc
656 682 744 748 clare
768 681 937 769 significat,
963 683 1109 768 regulam
1125 703 1190 747 non
1215 703 1286 748 esse
1309 681 1498 755 absolutam,

319 806 376 871 sed
391 806 578 872 submissam
595 806 707 871 iudicis
723 806 873 892 prudenti
889 807 1036 873 arbitrio.
1054 809 1104 873 Ita
1121 829 1204 873 unus
1222 807 1314 873 testis
1330 826 1394 871 non
1417 806 1502 873 solet

318 930 352 993 in
375 930 539 995 hominum
555 931 776 1025 aestimatione
801 930 896 1016 plene
920 931 1060 1017 probare
1083 931 1210 1015 aliquod
1234 931 1365 1003 factum,
1390 937 1499 998 tamen

318 1063 366 1124 tot
395 1062 470 1123 sunt
500 1056 716 1141 exceptiones,
741 1060 776 1121 ut
806 1058 903 1121 etiam
936 1057 1018 1123 haec
1048 1058 1163 1142 regula
1192 1058 1359 1156 subiaceat
1385 1056 1500 1122 iudicis

318 1179 468 1265 prudenti
492 1179 636 1245 arbitrio.
663 1180 747 1245 Hinc
771 1179 899 1263 qnando
923 1200 1023 1245 eausa
1041 1180 1094 1245 vel
1118 1200 1183 1244 non
1207 1180 1389 1264 estmagni
1413 1198 1499 1265 pon-

319 1304 414 1383 deris,
431 1304 483 1368 rel
500 1304 623 1369 nullum
639 1304 730 1369 adest
745 1306 833 1370 tertii
849 1305 1092 1390 praeiudicium,
1110 1305 1162 1370 vel
1178 1304 1308 1370 aliunde
1324 1324 1366 1368 ex
1382 1306 1500 1367 natura

318 1431 439 1515 negotii
462 1430 545 1494 alter
568 1430 658 1494 testis
681 1428 793 1493 haberi
817 1429 914 1495 facile
937 1450 1003 1494 non
1023 1434 1136 1515 potest,
1154 1448 1294 1495 canones
1317 1428 1499 1507 admittunt,

318 1574 415 1619 unum
441 1558 554 1617 testem
589 1549 748 1632 sufficere,
780 1557 893 1637 utputa
924 1552 965 1617 ad
996 1552 1196 1637 probandum
1228 1552 1368 1636 aliquem
1399 1550 1501 1616 fuisse

318 1678 527 1763 baptizatum,
552 1678 692 1761 aliquem
723 1698 793 1743 esse
825 1678 998 1747 clericum.
1024 1682 1080 1743 aut
1110 1678 1144 1740 in
1173 1678 1329 1742 extremis
1359 1676 1498 1760 aliquem

318 1799 509 1887 sufficientia
539 1801 663 1866 dedisse
692 1802 909 1886 poenitentiae
940 1804 1043 1886 signa.
1074 1801 1126 1865 Ex
1157 1820 1231 1883 cap.
1260 1800 1322 1873 22,
1354 1800 1385 1865 h.
1411 1806 1431 1864 t.
1455 1799 1499 1880 X,

318 1930 480 1993 attestatio
503 1928 616 1992 matris
640 1926 679 1991 de
703 1927 877 1992 existentia
906 1925 1125 2012 impedimenti
1156 1926 1306 2009 prohibet
1329 1927 1500 2010 quominus

317 2053 401 2121 filius
436 2053 673 2126 matrimonium
705 2052 895 2131 contrahat3
929 2053 1038 2137 agitur
1070 2053 1155 2117 enim
1183 2051 1224 2116 de
1257 2050 1387 2115 vitando
1422 2070 1499 2135 pee-

317 2183 399 2242 cato.
434 2177 470 2240 ln
502 2176 637 2239 crimine
669 2173 904 2239 sollicitationis
935 2174 1031 2239 etiarn
1064 2194 1137 2239 cum
1168 2192 1232 2237 uno
1255 2178 1338 2237 teste
1366 2170 1499 2257 procedi

318 2309 430 2391 potest.
467 2304 514 2369 cf.
547 2304 667 2369 Bened.
703 2304 797 2382 XIV,
825 2303 936 2368 Consi.
970 2300 1233 2368 Samoanentum
1259 2301 1496 2383 poenitentiae.

317 2432 459 2495 Maxime
483 2449 562 2495 vero
585 2436 683 2495 testes
710 2428 906 2514 qualificati,
931 2429 977 2492 uti
1009 2427 1161 2508 medicus,
1189 2426 1373 2512 chirurgus.
1398 2426 1499 2511 depo-

317 2561 431 2620 nentes
455 2558 545 2638 quasi
573 2572 730 2639 personae
762 2552 910 2639 publicae
940 2572 983 2617 ex
1012 2572 1070 2618 suo
1101 2550 1206 2617 officio
1234 2552 1362 2637 plenam
1392 2552 1500 2617 solent

315 2678 429 2743 lacere
452 2675 557 2741 fidem.
583 2674 724 2741 Proinde
747 2675 830 2740 haec
854 2674 1001 2759 exempla
1018 2673 1142 2748 docent,
1160 2673 1298 2739 iudicem
1314 2692 1358 2738 ex
1380 2679 1501 2739 natura

317 2799 519 2883 etqualitate
542 2798 669 2865 testium
694 2803 725 2861 et
748 2815 920 2861 causarum
937 2794 1053 2875 indole,
1067 2794 1237 2861 desumere
1253 2794 1372 2861 debere
1387 2799 1498 2860 utrum

317 2941 399 2987 unus
428 2922 517 2988 testis
545 2919 742 2985 sufficienter
764 2918 891 3005 probet.

405 3045 586 3129 Aliquando
609 3065 689 3110 vero
712 3045 789 3128 ipsa
812 3046 871 3111 leco
893 3044 1005 3129 plures
1029 3045 1166 3127 requirit
1188 3048 1288 3109 testes
1312 3062 1376 3109 non
1392 3045 1498 3108 solum

316 3170 356 3235 ad
379 3175 470 3235 actus
493 3168 764 3248 extraiudiciales‚
778 3168 835 3234 sed
859 3169 956 3234 etiarn
982 3168 1157 3234 iudiciales.
1183 3170 1236 3233 Ea
1260 3188 1334 3252 cap.
1360 3169 1384 3235 5
1408 3176 1438 3235 et
1463 3172 1496 3243 7,

317 3296 369 3361 De
383 3296 465 3382 frip.
482 3301 511 3360 et
527 3296 728 3379 tazatefieiol„
745 3294 780 3359 X
793 3292 866 3377 (lv,
886 3293 940 3367 15)Ι
955 3294 988 3357 in
1005 3313 1103 3358 eausa
1127 3262 1286 3360 nullitatis
1298 3296 1498 3359 matrimonii

316 3440 359 3484 ex
383 3420 486 3504 capite
511 3420 716 3503 impotentiae
740 3417 875 3483 coeundi
899 3419 1077 3500 requiritur
1093 3420 1310 3483 testimonium
1331 3418 1500 3501 septimae

316 3562 439 3609 manus
463 3544 629 3625 utriusque
660 3544 814 3627 coniugis,
840 3561 897 3606 seu
927 3541 1127 3629 producendi
1154 3547 1228 3606 sunt
1250 3545 1373 3626 septem
1395 3545 1499 3606 testes

316 3669 475 3750 utrinque,
500 3668 553 3749 qui
578 3664 796 3751 deponantur
819 3666 959 3731 eredere
982 3666 1136 3753 coniuges
1160 3684 1279 3730 revera
1309 3684 1381 3730 esse
1404 3667 1496 3749 operi

315 3792 475 3877 coniugali
499 3792 649 3877 impares.

405 3916 500 3979 quta
524 3934 549 3981 c.
576 3934 601 3981 c.
627 3915 652 3979 2
675 3920 705 3980 et
728 3914 762 3987 3,
787 3932 880 3981 caus.
897 3913 932 3995 2,
957 3933 988 3999 q.
1014 3914 1046 3995 4,
1063 3914 1104 3979 ad
1120 3915 1257 3981 clericos
1281 3913 1498 3980 condemnau-

315 4038 372 4104 dos
395 4038 605 4122 requiruntur
620 4038 787 4124 plusquam
802 4044 873 4104 tres
888 4042 997 4119 testes
1012 4043 1045 4104 et
1060 4038 1101 4103 ad
1116 4038 1393 4104 condemnandum
1418 4040 1496 4124 Epi-

314 4183 445 4249 scopum
468 4164 670 4251 septuaginta
693 4162 754 4229 duo
785 4168 884 4231 testes
909 4165 1085 4229 necessarii
1112 4163 1273 4229 dicuntur.
1303 4160 1369 4228 Sed
1399 4164 1496 4248 praxi

313 4305 379 4350 non
402 4292 476 4351 sunt
492 4290 632 4371 recepta,
649 4306 731 4371 quae
754 4289 879 4353 sancita
901 4287 1035 4353 fuerunt
1058 4287 1098 4353 de
1124 4288 1249 4352 enormi
1274 4288 1403 4352 testium
1427 4307 1494 4351 nu·

315 4425 405 4472 mero
428 4411 542 4472 contra
566 4408 762 4483 Cardinales
787 4409 976 4495 Episcopus,
999 4408 1218 4495 presbyteros.
1243 4410 1308 4473 lam
1334 4427 1408 4491 cap.
1434 4406 1494 4492 37,
