3350 5117
534 352 578 397 ns
603 351 742 398 ruamus
766 350 1031 399 sccnssrnsrrcm
1305 332 1371 399 619

192 486 195 491 ·
278 472 352 539 630.
377 473 422 539 ht
445 473 607 539 nonnullis
637 473 670 538 in
703 473 841 558 negotiis
874 472 1169 539 extraiudicialibus
1196 475 1370 561 appellatio

188 600 362 666 nullimode
385 600 572 665 admittitur.
598 601 736 685 Nempe:

282 724 312 808 l)
336 744 379 787 ex
402 725 571 789 sententiis
593 724 666 789 latis
690 742 732 787 ex
755 722 930 790 informata
957 726 1154 790 conscientia
1184 727 1216 789 vi
1247 725 1370 792 decreti

189 846 369 913 Tridentini
399 849 432 912 in
462 866 540 913 sess.
565 847 616 921 11,
641 869 667 914 0.
692 847 715 911 d
739 847 792 913 De
815 848 879 931 ref.
904 868 986 932 quae
1014 848 1188 933 prohibent
1217 870 1237 913 a
1268 852 1370 916 susci-

188 975 314 1060 piendis
336 976 501 1042 ordinibus
531 976 584 1040 vel
614 994 634 1039 a
664 977 821 1061 susceptis
844 976 1051 1060 suspendunt,
1076 976 1251 1042 nullimode
1274 978 1370 1044 datur

189 1098 383 1181 appellatio,
407 1098 465 1162 sed
487 1099 773 1184 tantum.suppetit
794 1118 955 1165 recursus
978 1098 1017 1163 ad
1042 1099 1205 1163 Summum
1230 1100 1334 1165 Pont'.

278 1225 311 1311 2)
329 1225 367 1289 ln
383 1226 520 1310 negotiis
535 1225 755 1290 transactione
770 1230 826 1289 aut
841 1244 901 1309 per
916 1223 1057 1288 arbitros
1073 1227 1370 1310 compromissarios

146 1401 148 1404 .
188 1344 336 1420 definitis,
357 1349 446 1413 nulla
470 1350 621 1433 competit
645 1347 827 1433 appellatio,
845 1347 889 1413 uti
914 1368 971 1413 suo
993 1347 1066 1412 loco
1090 1349 1284 1433 explicatum
1309 1356 1368 1415 est.

277 1472 312 1555 3)
335 1474 417 1539 Item
448 1493 468 1537 a
499 1475 679 1539 iuramento
710 1474 773 1539 litis
797 1473 972 1545 decisoria,
998 1475 1114 1559 quippe
1141 1476 1369 1539 transactionis

187 1600 336 1663 naturam
361 1595 473 1677 habet,
498 1596 670 1681 appellatio
694 1616 759 1661 non
782 1596 980 1661 conceditur.
1005 1597 1105 1663 Secus
1136 1616 1155 1660 a
1185 1598 1366 1662 iuramento

186 1720 406 1803 suppurata,
422 1721 539 1805 quippe
555 1724 604 1784 est
618 1724 744 1787 tantum
766 1721 890 1804 species
914 1720 1111 1807 probationis
1135 1722 1302 1813 ordinatae
1326 1722 1367 1786 ad

187 1846 379 1910 sententiam
403 1842 614 1921 definitivam
638 1844 679 1910 cf.
704 1844 864 1910 Schmalz.
890 1846 922 1910 h.
948 1850 967 1909 t.
992 1866 1026 1911 a.
1051 1844 1102 1912 33
1122 1865 1172 1931 sq.
1213 1900 1215 1903 .

202 2021 206 2025 .
278 1970 352 2052 637.
378 1970 489 2045 Quoad
514 1971 572 2035 has
595 1990 709 2035 causas
733 1989 811 2035 vere
835 1972 868 2034 in
892 1970 1006 2054 quibus
1029 1970 1210 2056 denegatur
1232 1972 1368 2055 effectus

185 2094 420 2176 sementivae,
445 2096 590 2179 apprime
613 2092 779 2158 sciendum
803 2100 868 2163 est,
895 2092 957 2160 hoc
980 2095 1068 2177 sequi
1093 2094 1220 2178 quando
1250 2116 1366 2181 proce-

187 2217 274 2315 ditur
301 2218 626 2301 emtraiadiciotiter;
649 2238 723 2283 nam
753 2219 780 2283 si
811 2218 844 2281 in
877 2219 1103 2303 perlustranda
1133 2218 1288 2303 dioecesi,
1313 2222 1365 2286 vel

186 2343 285 2408 etiam
312 2350 444 2428 praeter
467 2346 668 2409 occasionem
699 2364 724 2407 s.
748 2344 956 2424 visitationis,
982 2342 1175 2409 Ordinarius
1206 2347 1238 2410 in
1269 2366 1367 2411 causa
1421 2338 1423 2341 ⁵

187 2468 398 2532 correctionis
413 2473 468 2533 aut
481 2468 720 2533 reformationis
736 2488 861 2532 morum
877 2466 1033 2532 adversus
1050 2469 1187 2552 aliquem
1201 2470 1365 2556 procedat,

186 2589 292 2655 forma
307 2589 448 2655 iudiciali
464 2596 602 2673 servata,
619 2595 698 2654 tuuc
714 2590 885 2675 appellatio
906 2591 1094 2663 conceditur
1115 2594 1211 2656 etiam
1228 2613 1305 2658 cum
1320 2592 1365 2673 ef·

183 2714 275 2797 fectu
290 2717 500 2799 suspensivam
517 2721 551 2780 ut
567 2720 703 2779 testatur
727 2714 900 2800 Fagnanns
920 2716 956 2779 ia
979 2735 1053 2798 cap.
1071 2715 1096 2780 3
1119 2716 1150 2780 h.
1168 2722 1189 2781 t.
1205 2738 1239 2782 a.
1257 2718 1300 2783 15
1314 2736 1364 2802 sq.

185 2846 218 2907 et
240 2861 315 2925 cap.
332 2841 375 2907 13
397 2842 448 2907 00
470 2843 524 2926 off
549 2842 623 2908 ord.
650 2844 682 2905 et
704 2847 816 2925 postea
838 2838 1061 2907 confirmatum
1086 2843 1145 2907 suit
1170 2844 1201 2907 in
1226 2843 1366 2909 decretis

186 2967 285 3031 Clam.
309 2967 393 3032 Vlll
426 2986 458 3031 a.
481 2966 640 3032 100016
664 2966 746 3039 cot,
771 2984 847 3029 nam
877 2965 935 3031 sub
966 2988 998 3031 a.
1025 2968 1048 3032 8
1077 2968 1215 3053 legitur:
1241 2966 1365 3033 «Cam

193 3091 360 3172 maiorer,
384 3091 487 3157 citata
504 3096 609 3173 parte
631 3095 663 3156 et
684 3089 837 3155 adhibita
860 3060 984 3155 causae
1004 3092 1202 3177 copaitioae,
1219 3094 1365 3161 iudicia·

185 3211 261 3279 liter
280 3213 446 3298 precedit,
465 3219 545 3279 tuac
563 3212 655 3279 caim
678 3214 900 3298 appellationi
923 3214 1015 3280 locas
1038 3216 1110 3291 erit,
1128 3218 1229 3282 etiam
1249 3218 1365 3302 quoad

273 3424 289 3458 e
309 3408 335 3475 b)
355 3406 416 3460 Non
435 3405 589 3460 sustinetur
603 3405 631 3458 in
645 3404 807 3473 suspensivo
819 3404 972 3474 appellatio
986 3424 1001 3460 a
1016 3406 1135 3463 decretis
1147 3408 1364 3476 Ordinariorum,

183 3512 269 3566 etiarn
289 3517 368 3568 extra
386 3512 585 3579 visitationem,
604 3512 679 3566 circa
697 3511 804 3565 cultum
817 3510 951 3577 divinum,
965 3518 994 3568 et
1013 3514 1160 3585 praecipue
1173 3516 1248 3569 circa
1261 3517 1363 3570 Missae

182 3620 407 3676 celebrationem.

272 3726 334 3800 (0)
357 3726 419 3781 Non
444 3729 527 3780 datur
550 3724 705 3795 appellatio
729 3726 757 3778 in
783 3726 945 3795 suspensivo
971 3744 987 3781 a
1012 3728 1130 3783 decretis
1154 3728 1362 3783 Ordinariorum

182 3833 257 3887 circa
275 3851 370 3888 curam
389 3834 545 3888 animarum
564 3838 593 3886 et
611 3832 854 3886 Sacramentorum
874 3831 1141 3888 administrationem
1161 3838 1190 3889 et
1208 3833 1265 3887 alia
1284 3850 1364 3903 paro·

181 3940 285 3996 chialia
302 3960 426 4009 munera,
445 3944 530 3998 etiam
550 3940 640 4012 quoad
658 3945 802 4010 exemptos
820 3945 877 3995 tam
896 3941 1061 4009 saeculares
1073 3960 1154 4013 quam
1175 3943 1328 4013 regulares.

270 4067 286 4102 e
306 4051 336 4112 dl
355 4051 379 4103 A
399 4050 579 4119 deputatione
598 4048 765 4103 vicariorum
780 4049 864 4102 etiam
880 4054 1074 4119 perpetuorum
1088 4066 1150 4105 cum
1169 4050 1363 4121 adsignatione

181 4174 330 4227 congruae.
350 4175 366 4211 a
385 4156 565 4227 deputatione
583 4156 750 4210 vicariorum
769 4157 958 4212 Ecclesiarum
972 4158 1173 4228 parochialium
1192 4162 1227 4214 ob
1248 4160 1363 4229 imperi-

181 4261 249 4315 tiam
267 4261 313 4315 vsl
332 4260 538 4329 suspensionem
558 4264 608 4314 aut
626 4260 809 4315 deiectionem
829 4259 942 4329 parochi
962 4262 1096 4327 titularis,
1116 4279 1223 4318 necnon
1242 4281 1259 4317 a
1278 4265 1363 4333 depu-

180 4364 288 4422 tatione
306 4367 451 4422 oeconomi
469 4367 558 4421 curati
580 4371 704 4437 tempore
723 4365 892 4438 parochialis
912 4368 1055 4423 Ecclesiae
1074 4370 1208 4425 vacantis.

270 4490 286 4524 e
306 4474 332 4541 a)
351 4470 413 4525 Non
432 4476 559 4525 servatur
577 4472 606 4525 in
625 4472 787 4541 suspensivo
805 4470 958 4542 appellatio
978 4490 995 4526 a
1014 4474 1146 4542 censuris,
1166 4475 1210 4531 rel
1229 4494 1246 4530 a
1265 4492 1362 4545 sequa·
