3350 5117
501 298 544 343 na
573 298 713 345 runicus
742 300 1007 347 aecussmsrrcts
1277 281 1343 347 609

161 422 268 485 tentia
299 421 402 505 quoad
434 442 563 488 causam
594 424 804 509 appellatam;
836 443 938 507 quare
968 423 1105 488 admisso
1129 421 1174 511 (l)
1206 425 1342 491 canente

162 544 337 610 actionum
364 564 424 629 per
451 546 698 632 appellationem
725 567 822 631 super
846 566 910 611 uno
938 566 1055 612 causae
1081 547 1174 614 titulo
1199 548 1342 633 interpr-

162 672 267 744 sitam‚
290 690 357 734 non
381 669 589 756 suspenditur
612 668 726 735 iudicis
756 674 896 756 potestas
927 670 1030 754 quoad
1054 672 1144 735 alios.

257 794 433 869 Quaeritur
449 793 525 879 quid
539 794 620 860 iuris
636 796 677 859 sit
693 794 796 877 quoad
813 814 925 859 causas
946 793 1135 859 incidentes.
1152 795 1301 859 Iamvero
1317 793 1344 856 si

166 920 310 1004 quaestio
343 918 487 985 incidens
510 920 695 985 necessario
719 917 832 984 influat
862 920 894 982 in
922 921 1114 984 sententiam
1138 916 1344 992 definitivam,

169 1046 347 1128 quaestioni
365 1045 534 1131 principali
547 1044 820 1130 supersedendum
834 1051 896 1121 est;
913 1065 1070 1130 expresse
1081 1047 1145 1111 hac
1158 1045 1348 1113 decernitur

168 1190 243 1253 cap.
268 1170 322 1245 10,
347 1169 378 1233 b.
401 1175 420 1235 t.
444 1170 485 1235 X.
510 1170 542 1236 Si
565 1192 669 1253 secus,
694 1192 808 1257 nempe
831 1173 858 1236 si
882 1173 1027 1256 quaestio
1049 1172 1236 1258 principalis
1258 1173 1347 1237 valet

168 1294 303 1373 absolvi,
320 1294 414 1357 etiam
440 1312 504 1357 non
527 1291 660 1360 definita
676 1295 864 1377 quaestione
886 1294 1049 1375 incidenti,
1068 1314 1127 1378 per
1148 1314 1184 1359 se
1207 1314 1273 1359 non
1294 1317 1346 1360 su-

167 1418 337 1504 spenditur
353 1420 568 1503 competentia
585 1418 696 1482 iudicis
716 1417 819 1501 quoad
841 1437 969 1483 causam
985 1418 1207 1503 principalem.
1223 1420 1345 1484 Tamen

168 1541 235 1607 DD.
245 1542 462 1607 communiter
478 1540 603 1623 docent,
621 1543 748 1626 praxim
764 1562 833 1607 esse
850 1541 1069 1625 tribunalium,
1085 1548 1122 1608 ut
1136 1543 1235 1609 iudex
1250 1546 1345 1609 etiam

166 1666 233 1731 hoc
268 1666 300 1729 in
336 1686 413 1730 casu
448 1666 656 1751 supersedeat
687 1668 864 1749 quaestioni
894 1668 1075 1753 principali,
1100 1689 1141 1733 ne
1171 1670 1349 1735 dividatur

169 1762 378 1856 continentia
402 1809 596 1855 causarum.
622 1789 670 1855 af.
695 1810 726 1854 n.
752 1790 827 1856 344.
1008 1769 1011 1776 ⁵

265 1914 340 1980 626.
359 1915 574 1991 Quamobrem
590 1918 636 1980 uti
653 1916 709 1982 tite
722 1908 890 1999 pendente
905 1916 984 1980 nihil
1001 1916 1095 1981 debet
1111 1918 1270 1999 innovari,
1284 1938 1348 1981 non

174 2058 270 2103 secus
293 2038 521 2121 appeltatiane
539 2039 709 2121 pendente
735 2038 817 2103 nihil
841 2038 1055 2103 innovandum
1072 2045 1129 2104 est.
1148 2038 1238 2137 Quae
1253 2040 1349 2104 inno-

169 2142 298 2231 vantur
308 2163 460 2228 dicuntur
475 2168 646 2235 attentata,
665 2163 703 2228 de
721 2162 833 2247 quibus
850 2164 911 2227 iam
928 2161 1149 2228 disseruimus:
1167 2162 1208 2227 ef.
1225 2182 1257 2226 n.
1270 2162 1348 2228 560.

173 2268 364 2355 l'l'i'fferentia
387 2291 472 2355 inter
495 2294 652 2355 attentata
678 2290 835 2355 adversus
860 2292 950 2356 litent
981 2288 1171 2375 pendentem
1196 2296 1228 2355 et
1250 2296 1351 2354 atten-

172 2419 241 2480 tata
264 2415 298 2507 in
321 2412 513 2499 pendentem
538 2413 801 2497 appellationem
824 2419 882 2494 est,
906 2413 1110 2498 pendentiam
1126 2413 1349 2498 appellationis

169 2536 296 2603 directe
320 2537 455 2601 iudicem
473 2536 594 2619 iubere,
611 2558 652 2601 ne
668 2537 788 2621 aliquid
805 2539 938 2602 innovet
954 2538 986 2600 in
1002 2558 1100 2602 causa
1115 2537 1348 2624 appellationis,

172 2666 208 2726 et
230 2660 307 2726 hinc
330 2664 488 2727 attentata
510 2663 542 2724 in
567 2662 813 2750 appellationem
837 2680 910 2725 cum
937 2662 1048 2747 primis
1078 2668 1241 2747 ponuntur
1263 2682 1283 2725 a
1306 2664 1352 2726 iu·

170 2786 253 2852 dice.
279 2822 323 2836 -
347 2787 375 2851 Ε
399 2792 515 2863 contra
537 2787 593 2851 lite
615 2786 776 2871 pendente
803 2785 992 2871 prohibetur
1020 2787 1203 2871 praecipue,
1227 2806 1268 2851 ne
1291 2787 1352 2851 liti·

169 2912 288 2994 gantes
311 2907 429 2992 aliquid
453 2912 579 2973 mutent
602 2910 635 2972 in
660 2929 696 2973 re
719 2909 868 2994 litigiosa.

265 3030 427 3106 Quocirca
450 3036 615 3105 attentata,
637 3032 692 3096 lite
715 3032 885 3116 pendente,
908 3038 1103 3097 revocantur
1125 3054 1145 3096 a
1168 3027 1272 3099 iudice
1295 3054 1352 3098 co-

172 3175 248 3220 ram
272 3176 334 3239 quo
357 3156 396 3220 lis
420 3156 547 3241 pendet,
573 3162 730 3223 attentata
753 3177 832 3221 vero
849 3162 962 3222 contra
984 3157 1032 3221 ius
1046 3157 1239 3242 appellantis
1261 3178 1353 3223 revo-

170 3284 292 3345 cantur
315 3278 354 3343 ab
379 3281 446 3363 ipso
470 3279 574 3344 iudice
598 3280 837 3366 appellationis;
863 3281 1007 3365 exceptis
1030 3282 1198 3346 sententiis
1220 3282 1350 3346 interlo-

171 3406 321 3470 cutoriis.
355 3406 434 3469 Nam
466 3404 602 3469 vidimus
632 3410 766 3490 agentes
797 3405 836 3469 de
868 3404 1104 3489 quaestionibus
1137 3406 1351 3473 incidentibus

172 3552 208 3595 n.
234 3530 301 3595 543
324 3530 459 3596 iudicem
483 3551 577 3616 posse
602 3550 759 3596 revocare
782 3552 857 3597 suas
880 3532 1056 3596 sententias
1079 3532 1350 3608 interlocutorias,

171 3676 352 3740 earumque
375 3657 566 3740 gravamina
589 3662 621 3721 et
644 3657 782 3723 relativa
805 3660 961 3723 attentata
984 3657 1168 3723 emendare.
1189 3696 1232 3707 -
1255 3661 1351 3725 Actio

166 3800 254 3846 vero
277 3780 474 3847 rescissoria
498 3781 644 3847 attentati
668 3800 725 3845 seu
748 3780 978 3847 declaratorn'a
1006 3782 1161 3848 nullitatis
1187 3789 1278 3849 actus
1301 3752 1353 3852 at-

166 3907 288 3974 tentati
314 3906 508 3971 instituenda
537 3911 586 3971 est
616 3906 655 3971 ab
680 3926 718 3971 eo
749 3908 840 3972 cuius
871 3908 1021 3984 interest;
1045 3908 1125 3974 adeo
1151 3910 1250 3975 utin
1273 3912 1353 3978 atei-

170 4028 264 4095 tibns
287 4029 313 4093 si
335 4029 395 4093 iste
410 4030 575 4112 querelam
592 4048 656 4093 non
672 4036 808 4103 moveat,
826 4031 977 4097 videatur
992 4032 1054 4096 iuri
1075 4052 1132 4097 suo
1148 4034 1352 4107 renunciare,

265 4312 305 4383 (l)
322 4312 445 4367 iadicem
465 4329 531 4367 vero
551 4330 633 4384 aqna
653 4313 811 4383 appellatur
829 4315 859 4367 in
872 4332 927 4367 uua
946 4331 1030 4368 causa
1048 4331 1103 4369 nou
1119 4316 1181 4370 fieri
1193 4327 1354 4387 suspectum

167 4415 370 4507 quoadqaliam
390 4416 606 4487 exploratissimi
625 4418 694 4471 iuris
713 4422 764 4473 est.
783 4419 823 4472 Cf.
845 4419 987 4474 Reiffenst.
1004 4422 1030 4474 t.
1047 4431 1065 4473 t.
1085 4438 1111 4474 n.
1130 4420 1172 4473 33
1191 4430 1218 4475 et
1235 4421 1295 4475 216
1312 4438 1352 4492 sq.

321 4522 380 4577 Sac.
401 4524 484 4593 Lapa.
1175 4526 1211 4581 39
