3350 5117
548 340 592 387 nu
615 338 755 386 runicus
778 339 1043 387 sconnsmsrmis
1096 350 1104 364 ·
1290 320 1380 387 ,569

295 463 327 549 l)
350 463 398 527 illi
420 462 642 547 probibentur,
667 462 721 545 qui
743 461 874 527 aliunde
901 469 975 528 sunt
998 462 1156 527 inhabiles
1179 460 1219 525 ad
1250 466 1381 527 contra·

202 588 365 670 bendum,

290 713 326 797 2)
351 718 385 779 et
406 719 538 800 possent
558 732 579 777 a
601 712 705 778 iudice
729 712 906 799 prohiberi,
931 714 959 779 si
990 714 1277 796 sequestrationem
1300 711 1381 777 iudi-

201 843 294 903 caret
324 840 455 903 minime
486 836 669 905 conducere
699 836 740 901 ad
771 838 964 903 celeriorem
995 842 1030 902 et
1055 838 1241 922 aequiorem
1265 854 1381 901 causae

201 943 431 1029 definitionem.

293 1085 368 1152 582.
394 1084 614 1171 Sequestratio
636 1086 832 1153 necessaria
863 1092 913 1154 est
937 1086 1134 1171 regulariter
1155 1084 1261 1150 aliena
1286 1104 1307 1148 a
1329 1102 1382 1147 na-

203 1218 278 1276 tura
293 1212 411 1285 iudicii,
429 1214 504 1296 quia
523 1213 580 1279 tite
593 1212 760 1295 pendente
782 1211 868 1278 nihil
885 1212 980 1279 debet
1002 1210 1172 1281 innovari,
1186 1229 1291 1294 neque
1305 1226 1381 1275 reus

203 1353 313 1398 rerum
338 1355 469 1400 suarum
492 1336 692 1421 possessione
716 1341 765 1403 est
788 1334 983 1420 spoliandus,
1007 1354 1050 1398 ne
1073 1332 1223 1399 iudicium
1246 1331 1286 1397 ab
1302 1351 1385 1397 exe*

200 1464 332 1527 cutione
354 1464 499 1548 incipere
522 1462 680 1535 videatur,
706 1468 739 1527 et
766 1482 808 1527 ne
830 1463 1024 1548 possessoris
1051 1462 1175 1527 scilieet
1198 1463 1246 1526 rei
1273 1464 1382 1546 partes
1459 1456 1481 1520 f

202 1584 737 1671 favorabiliores“pessumdentur3
762 1606 805 1650 ex
828 1606 903 1669 cop.
928 1586 955 1656 1.
988 1585 1019 1649 h.
1045 1591 1065 1649 t.
1089 1584 1131 1649 X.

229 1677 234 1685 Ι
291 1709 367 1773 583.
391 1705 457 1773 Sed
479 1709 556 1773 huic
579 1708 722 1793 regulae,
747 1710 793 1773 uti
810 1709 969 1795 praecipit
992 1708 1046 1772 hic
1068 1707 1189 1781 titulus,
1214 1708 1382 1792 aliquoties

200 1836 388 1922 derogatur,
404 1841 439 1902 et
460 1837 645 1901 recurritur
660 1834 700 1900 ad
716 1834 1027 1920 sequestrationem,
1041 1854 1080 1899 ea
1094 1840 1202 1899 tamen
1221 1832 1280 1898 sub
1298 1834 1380 1919 lege,

202 1962 238 2022 ut
260 1958 344 2024 haec
367 1980 432 2023 non
456 1960 670 2044 permittatur,
688 1960 714 2023 si
737 1959 801 2023 alia
823 1963 996 2043 suppetant
1018 1955 1122 2021 media
1145 1977 1247 2041 aeque
1267 1957 1382 2022 idonea

201 2078 243 2144 ad
260 2079 426 2145 tutandam
450 2080 557 2146 iudicii
580 2086 703 2146 rectam
725 2083 987 2166 prosecutionem
1006 2078 1039 2145 et
1054 2078 1280 2145 definitionem.
1296 2080 1381 2144 Hinc

202 2206 267 2270 DD.
293 2206 506 2271 communiter
520 2210 687 2271 autumant
703 2206 743 2270 ad
766 2206 931 2272 vitandam
949 2206 1237 2290 sequestrationem
1254 2204 1381 2268 recurri

200 2326 323 2392 debere
346 2328 387 2393 ad
411 2328 601 2395 contionem
623 2328 853 2414 sufficientm
871 2330 1009 2394 iuratam
1037 2329 1088 2393 vel
1113 2348 1187 2408 non,
1212 2327 1251 2392 de
1275 2346 1312 2391 re
1328 2328 1380 2391 vel

202 2450 361 2517 fructibus
385 2455 455 2518 eius
478 2453 695 2526 restituendis,
719 2474 779 2538 pro
803 2472 880 2518 casu
904 2473 966 2537 quo
990 2474 1065 2538 pars
1089 2452 1226 2517 adversa
1252 2450 1380 2516 finalem

199 2574 346 2640 obtineat
368 2576 547 2643 victoriam.
581 2576 709 2651 Quanta
730 2597 811 2641 vero
843 2576 1057 2643 sollicitudine
1088 2578 1136 2641 ius
1161 2596 1231 2641 can.
1256 2576 1381 2641 caverit

201 2703 332 2763 netum
356 2700 571 2765 creditoribus
593 2706 660 2766 tum
684 2698 893 2771 debitoribus,
911 2700 1101 2784 praesertim
1126 2698 1230 2783 quoad
1254 2720 1307 2764 res
1332 2720 1380 2763 ec·

198 2822 390 2905 clesiaticas‚
411 2822 506 2889 fieret
529 2826 762 2911 praeiudicium
786 2845 846 2910 per
863 2826 1160 2908 sequestrationem,
1177 2829 1266 2910 patet
1282 2845 1324 2889 ex
1339 2826 1380 2890 ti·
1476 2854 1481 2862 ·

198 2948 276 3013 tulis
293 2948 327 3011 L.
346 2950 407 3029 lli,
431 2969 547 3035 nempe
570 2950 621 3016 De
632 2950 836 3036 pipnoribns
859 2956 891 3016 et
914 2951 991 3017 otiis
1015 2950 1235 3022 cantionibus,
1257 2950 1309 3025 21,
1334 2950 1377 3031 X,

200 3076 234 3134 et
256 3070 307 3137 De
329 3072 593 3157 fideiussorum,
616 3074 679 3155 22,
703 3074 744 3139 X.

289 3197 365 3262 584.
384 3198 536 3263 Praestat
558 3219 752 3265 enumerare
775 3220 869 3266 casus
892 3200 1034 3283 potiores
1056 3201 1089 3264 in
1115 3200 1227 3285 quibus
1247 3201 1380 3285 permit·

198 3318 279 3382 titur
302 3320 515 3402 sequestratio
537 3320 751 3404 necessario:

291 3442 323 3529 1)
348 3444 381 3509 Si
408 3452 500 3510 actor
530 3445 656 3511 fructus
686 3446 736 3511 rei
767 3446 801 3509 in
830 3446 920 3510 cuius
953 3446 1185 3532 possessionem
1217 3444 1381 3511 custodiae

197 3586 298 3632 causa
326 3586 370 3632 ex
397 3568 513 3651 primo
541 3568 672 3634 decreto
695 3570 811 3635 missus
834 3574 892 3642 est,
919 3570 1060 3655 dissipet,
1085 3574 1164 3635 tunc
1195 3590 1235 3635 ea
1257 3590 1311 3635 res
1334 3590 1380 3635 se·

199 3696 330 3775 questro
355 3691 535 3778 deponitur,
559 3712 603 3758 ex
626 3714 654 3759 c.
678 3694 705 3758 2
728 3694 759 3758 h.
784 3699 805 3759 t.
829 3694 872 3758 X.

287 3817 321 3904 2)
347 3818 599 3902 Sequestrationi
623 3824 672 3884 est
694 3821 785 3885 locus
816 3820 843 3885 si
875 3832 960 3893 reus,
985 3796 1172 3903 possessor,
1197 3820 1338 3907 appellat
1361 3842 1381 3885 a

197 3942 360 4007 sententia
383 3948 498 4006 contra
519 3944 623 4027 ipsum
638 3942 714 4017 lata,
739 3946 772 4007 et
795 3942 926 4007 interim
951 3961 1020 4007 rem
1044 3944 1214 4029 litigiosam
1238 3944 1378 4030 dissipat,

197 4082 243 4126 ex
265 4082 339 4145 cop.
364 4061 389 4127 3
412 4063 443 4126 h.
468 4069 505 4146 t.;
528 4068 561 4129 et
583 4084 653 4149 urg.
679 4065 699 4128 t.
724 4063 781 4137 21,
805 4064 828 4146 5
851 4062 884 4138 3,
910 4066 945 4148 ff.
970 4065 1021 4131 De
1043 4066 1202 4149 appellat.
1220 4104 1263 4116 -
1288 4067 1379 4132 Haec

199 4187 412 4271 praescriptio
436 4189 661 4274 complectitur
683 4209 795 4255 omnes
817 4209 911 4255 casus
928 4190 961 4254 in
979 4189 1092 4275 quibus
1115 4193 1248 4258 timetur
1267 4192 1379 4279 dilapi-

197 4305 285 4372 datio
308 4313 363 4372 aut
386 4311 436 4374 rei
455 4310 581 4375 iactura
603 4315 834 4378 controversae
858 4312 928 4377 sive
952 4311 1078 4378 mobilis
1100 4314 1169 4378 sive
1199 4313 1378 4380 immobilis.

289 4433 323 4520 3)
349 4437 428 4520 Arg.
453 4455 481 4501 c.
505 4456 533 4501 c.
556 4435 593 4511 2,
617 4436 668 4501 De
690 4436 768 4503 doto
792 4441 823 4503 et
846 4442 944 4517 cont,
970 4436 1006 4499 X
1026 4438 1083 4517 (ll,
1111 4438 1164 4524 14)
1188 4444 1221 4506 et
1243 4439 1303 4521 25,
1329 4438 1379 4507 De
