<?xml version="1.0" encoding="UTF-8"?>
<!DOCTYPE html PUBLIC "-//W3C//DTD XHTML 1.0 Transitional//EN"
    "http://www.w3.org/TR/xhtml1/DTD/xhtml1-transitional.dtd">
<html xmlns="http://www.w3.org/1999/xhtml" xml:lang="en" lang="en">
 <head>
  <title>
</title>
<meta http-equiv="Content-Type" content="text/html;charset=utf-8" />
  <meta name='ocr-system' content='tesseract 3.04.00' />
  <meta name='ocr-capabilities' content='ocr_page ocr_carea ocr_par ocr_line ocrx_word'/>
</head>
<body>
  <div class='ocr_page' id='page_1' title='image "./praelectionesin01legagoog_0186.png"; bbox 0 0 3350 5117; ppageno 0'>
   <div class='ocr_carea' id='block_1_1' title="bbox 295 329 948 394">
    <p class='ocr_par' dir='ltr' id='par_1_1' title="bbox 295 329 948 394">
     <span class='ocr_line' id='line_1_1' title="bbox 295 329 948 394; baseline -0.003 -1"><span class='ocrx_word' id='word_1_1' title='bbox 295 329 359 394; x_wconf 87' lang='grc'>184</span> <span class='ocrx_word' id='word_1_2' title='bbox 817 346 902 392; x_wconf 77' lang='lat' dir='ltr'>runs</span> <span class='ocrx_word' id='word_1_3' title='bbox 926 346 948 391; x_wconf 87' lang='lat'>1.</span> 
     </span>
    </p>
   </div>
   <div class='ocr_carea' id='block_1_2' title="bbox 287 468 1472 2170">
    <p class='ocr_par' dir='ltr' id='par_1_2' title="bbox 290 468 1471 1157">
     <span class='ocr_line' id='line_1_2' title="bbox 291 468 1470 555; baseline -0.002 -22"><span class='ocrx_word' id='word_1_4' title='bbox 291 468 475 555; x_wconf 88' lang='lat' dir='ltr'>dependens</span> <span class='ocrx_word' id='word_1_5' title='bbox 502 469 542 534; x_wconf 88' lang='lat' dir='ltr'>ab</span> <span class='ocrx_word' id='word_1_6' title='bbox 565 470 758 534; x_wconf 85' lang='lat' dir='ltr'>auctoritate</span> <span class='ocrx_word' id='word_1_7' title='bbox 784 468 943 554; x_wconf 86' lang='lat' dir='ltr'>Episcopi,</span> <span class='ocrx_word' id='word_1_8' title='bbox 969 469 1073 553; x_wconf 90' lang='lat' dir='ltr'>quoad</span> <span class='ocrx_word' id='word_1_9' title='bbox 1096 469 1289 536; x_wconf 77' lang='lat' dir='ltr'>exercitium</span> <span class='ocrx_word' id='word_1_10' title='bbox 1312 487 1389 532; x_wconf 89' lang='lat' dir='ltr'>suae</span> <span class='ocrx_word' id='word_1_11' title='bbox 1412 488 1470 554; x_wconf 93' lang='lat' dir='ltr'>po-</span> 
     </span>
     <span class='ocr_line' id='line_1_3' title="bbox 291 592 1469 677; baseline -0.002 -20"><span class='ocrx_word' id='word_1_12' title='bbox 291 594 424 666; x_wconf 83' lang='lat' dir='ltr'>testatis,</span> <span class='ocrx_word' id='word_1_13' title='bbox 442 596 587 677; x_wconf 83' lang='lat' dir='ltr'>quamvis</span> <span class='ocrx_word' id='word_1_14' title='bbox 610 592 704 657; x_wconf 85' lang='lat' dir='ltr'>huius</span> <span class='ocrx_word' id='word_1_15' title='bbox 728 592 883 677; x_wconf 85' lang='lat' dir='ltr'>generale</span> <span class='ocrx_word' id='word_1_16' title='bbox 898 592 1082 660; x_wconf 85' lang='lat' dir='ltr'>mandatum</span> <span class='ocrx_word' id='word_1_17' title='bbox 1105 614 1127 657; x_wconf 90' lang='lat' dir='ltr'>a</span> <span class='ocrx_word' id='word_1_18' title='bbox 1142 595 1213 657; x_wconf 90' lang='lat' dir='ltr'>iure</span> <span class='ocrx_word' id='word_1_19' title='bbox 1233 594 1394 658; x_wconf 89' lang='lat' dir='ltr'>communi</span> <span class='ocrx_word' id='word_1_20' title='bbox 1418 611 1469 655; x_wconf 91' lang='lat' dir='ltr'>re-</span> 
     </span>
     <span class='ocr_line' id='line_1_4' title="bbox 292 717 1471 805; baseline 0.001 -23"><span class='ocrx_word' id='word_1_21' title='bbox 292 719 398 803; x_wconf 82' lang='lat' dir='ltr'>cipiat.</span> <span class='ocrx_word' id='word_1_22' title='bbox 423 720 530 783; x_wconf 84' lang='lat' dir='ltr'>statim</span> <span class='ocrx_word' id='word_1_23' title='bbox 554 739 593 784; x_wconf 81' lang='lat' dir='ltr'>ac</span> <span class='ocrx_word' id='word_1_24' title='bbox 616 717 655 782; x_wconf 89' lang='lat' dir='ltr'>ab</span> <span class='ocrx_word' id='word_1_25' title='bbox 680 720 839 805; x_wconf 83' lang='lat' dir='ltr'>Episcopo</span> <span class='ocrx_word' id='word_1_26' title='bbox 864 720 1078 785; x_wconf 85' lang='lat' dir='ltr'>constituitur.</span> <span class='ocrx_word' id='word_1_27' title='bbox 1097 756 1137 765; x_wconf 91' lang='lat'>-</span> <span class='ocrx_word' id='word_1_28' title='bbox 1156 718 1266 793; x_wconf 84' lang='lat' dir='ltr'>Quare</span> <span class='ocrx_word' id='word_1_29' title='bbox 1292 740 1335 783; x_wconf 83' lang='lat' dir='ltr'>ex</span> <span class='ocrx_word' id='word_1_30' title='bbox 1358 718 1471 783; x_wconf 86' lang='lat' dir='ltr'>volun·</span> 
     </span>
     <span class='ocr_line' id='line_1_5' title="bbox 291 840 1471 927; baseline 0.003 -22"><span class='ocrx_word' id='word_1_31' title='bbox 291 846 358 906; x_wconf 86' lang='lat' dir='ltr'>tate</span> <span class='ocrx_word' id='word_1_32' title='bbox 381 844 460 907; x_wconf 89' lang='lat' dir='ltr'>iuris</span> <span class='ocrx_word' id='word_1_33' title='bbox 483 844 659 908; x_wconf 88' lang='lat' dir='ltr'>communis</span> <span class='ocrx_word' id='word_1_34' title='bbox 683 847 731 907; x_wconf 88' lang='lat' dir='ltr'>est</span> <span class='ocrx_word' id='word_1_35' title='bbox 753 840 925 907; x_wconf 87' lang='lat' dir='ltr'>tribunalis</span> <span class='ocrx_word' id='word_1_36' title='bbox 942 842 1141 927; x_wconf 85' lang='lat' dir='ltr'>Episcopalis</span> <span class='ocrx_word' id='word_1_37' title='bbox 1157 844 1316 909; x_wconf 79' lang='lat' dir='ltr'>Assessor</span> <span class='ocrx_word' id='word_1_38' title='bbox 1331 862 1388 908; x_wconf 89' lang='lat' dir='ltr'>seu</span> <span class='ocrx_word' id='word_1_39' title='bbox 1414 840 1471 925; x_wconf 69' lang='lat' dir='ltr'>Os·</span> 
     </span>
     <span class='ocr_line' id='line_1_6' title="bbox 291 952 1470 1053; baseline 0 -20"><span class='ocrx_word' id='word_1_40' title='bbox 291 969 420 1052; x_wconf 78' lang='lat' dir='ltr'>ficietis,</span> <span class='ocrx_word' id='word_1_41' title='bbox 434 989 506 1033; x_wconf 91' lang='lat' dir='ltr'>cum</span> <span class='ocrx_word' id='word_1_42' title='bbox 530 970 675 1053; x_wconf 82' lang='lat' dir='ltr'>generali</span> <span class='ocrx_word' id='word_1_43' title='bbox 699 969 919 1034; x_wconf 90' lang='lat' dir='ltr'>iurisdictione</span> <span class='ocrx_word' id='word_1_44' title='bbox 943 952 1010 1032; x_wconf 87' lang='lat' dir='ltr'>tum</span> <span class='ocrx_word' id='word_1_45' title='bbox 1034 970 1236 1035; x_wconf 86' lang='lat' dir='ltr'>contentiosa</span> <span class='ocrx_word' id='word_1_46' title='bbox 1267 973 1334 1032; x_wconf 89' lang='lat' dir='ltr'>tum</span> <span class='ocrx_word' id='word_1_47' title='bbox 1357 968 1470 1033; x_wconf 76' lang='lat' dir='ltr'>volun·</span> 
     </span>
     <span class='ocr_line' id='line_1_7' title="bbox 290 1092 845 1157; baseline 0 -1"><span class='ocrx_word' id='word_1_48' title='bbox 290 1093 375 1156; x_wconf 84' lang='lat' dir='ltr'>toria</span> <span class='ocrx_word' id='word_1_49' title='bbox 397 1093 430 1154; x_wconf 93' lang='lat' dir='ltr'>in</span> <span class='ocrx_word' id='word_1_50' title='bbox 455 1093 638 1156; x_wconf 87' lang='lat' dir='ltr'>universam</span> <span class='ocrx_word' id='word_1_51' title='bbox 663 1092 845 1157; x_wconf 89' lang='lat' dir='ltr'>dioecesim.</span> 
     </span>
    </p>

    <p class='ocr_par' dir='ltr' id='par_1_3' title="bbox 287 1216 1472 2170">
     <span class='ocr_line' id='line_1_8' title="bbox 382 1216 1472 1303; baseline -0.001 -23"><span class='ocrx_word' id='word_1_52' title='bbox 382 1216 456 1281; x_wconf 83' lang='lat'>150.</span> <span class='ocrx_word' id='word_1_53' title='bbox 474 1216 627 1291; x_wconf 86' lang='lat' dir='ltr'>Quamvis</span> <span class='ocrx_word' id='word_1_54' title='bbox 643 1218 818 1303; x_wconf 82' lang='lat' dir='ltr'>Episcopus</span> <span class='ocrx_word' id='word_1_55' title='bbox 843 1218 874 1280; x_wconf 93' lang='lat' dir='ltr'>in</span> <span class='ocrx_word' id='word_1_56' title='bbox 892 1216 1027 1281; x_wconf 87' lang='lat' dir='ltr'>Vicario</span> <span class='ocrx_word' id='word_1_57' title='bbox 1051 1216 1203 1281; x_wconf 83' lang='lat' dir='ltr'>Generali</span> <span class='ocrx_word' id='word_1_58' title='bbox 1227 1216 1345 1281; x_wconf 89' lang='lat' dir='ltr'>habeat</span> <span class='ocrx_word' id='word_1_59' title='bbox 1368 1234 1472 1279; x_wconf 77' lang='lat' dir='ltr'>asses</span> 
     </span>
     <span class='ocr_line' id='line_1_9' title="bbox 291 1338 1467 1427; baseline 0 -24"><span class='ocrx_word' id='word_1_60' title='bbox 291 1360 397 1404; x_wconf 89' lang='lat' dir='ltr'>sorem</span> <span class='ocrx_word' id='word_1_61' title='bbox 413 1340 488 1406; x_wconf 80' lang='lat' dir='ltr'>iure</span> <span class='ocrx_word' id='word_1_62' title='bbox 503 1342 676 1409; x_wconf 76' lang='lat' dir='ltr'>communi</span> <span class='ocrx_word' id='word_1_63' title='bbox 691 1360 889 1423; x_wconf 83' lang='lat' dir='ltr'>concessum,</span> <span class='ocrx_word' id='word_1_64' title='bbox 906 1362 971 1405; x_wconf 91' lang='lat' dir='ltr'>nou</span> <span class='ocrx_word' id='word_1_65' title='bbox 996 1341 1168 1427; x_wconf 84' lang='lat' dir='ltr'>impeditur</span> <span class='ocrx_word' id='word_1_66' title='bbox 1183 1360 1246 1425; x_wconf 91' lang='lat' dir='ltr'>quo</span> <span class='ocrx_word' id='word_1_67' title='bbox 1263 1343 1367 1405; x_wconf 90' lang='lat' dir='ltr'>minus</span> <span class='ocrx_word' id='word_1_68' title='bbox 1384 1338 1467 1403; x_wconf 86' lang='lat' dir='ltr'>alios</span> 
     </span>
     <span class='ocr_line' id='line_1_10' title="bbox 291 1462 1468 1548; baseline 0 -22"><span class='ocrx_word' id='word_1_69' title='bbox 291 1463 408 1528; x_wconf 87' lang='lat' dir='ltr'>habeat</span> <span class='ocrx_word' id='word_1_70' title='bbox 429 1466 461 1528; x_wconf 93' lang='lat' dir='ltr'>in</span> <span class='ocrx_word' id='word_1_71' title='bbox 477 1484 533 1531; x_wconf 90' lang='lat' dir='ltr'>suo</span> <span class='ocrx_word' id='word_1_72' title='bbox 549 1465 703 1529; x_wconf 85' lang='lat' dir='ltr'>tribunali</span> <span class='ocrx_word' id='word_1_73' title='bbox 727 1484 915 1538; x_wconf 80' lang='lat' dir='ltr'>assessores,</span> <span class='ocrx_word' id='word_1_74' title='bbox 933 1485 1012 1548; x_wconf 89' lang='lat' dir='ltr'>quos</span> <span class='ocrx_word' id='word_1_75' title='bbox 1028 1464 1181 1531; x_wconf 88' lang='lat' dir='ltr'>Generali</span> <span class='ocrx_word' id='word_1_76' title='bbox 1198 1464 1334 1530; x_wconf 87' lang='lat' dir='ltr'>Vicario</span> <span class='ocrx_word' id='word_1_77' title='bbox 1355 1462 1468 1527; x_wconf 90' lang='lat' dir='ltr'>adiun-</span> 
     </span>
     <span class='ocr_line' id='line_1_11' title="bbox 290 1586 1468 1675; baseline -0.001 -23"><span class='ocrx_word' id='word_1_78' title='bbox 290 1608 369 1673; x_wconf 83' lang='lat' dir='ltr'>gere</span> <span class='ocrx_word' id='word_1_79' title='bbox 392 1594 511 1674; x_wconf 83' lang='lat' dir='ltr'>potest,</span> <span class='ocrx_word' id='word_1_80' title='bbox 537 1610 576 1654; x_wconf 87' lang='lat' dir='ltr'>ea</span> <span class='ocrx_word' id='word_1_81' title='bbox 600 1591 695 1655; x_wconf 88' lang='lat' dir='ltr'>etiam</span> <span class='ocrx_word' id='word_1_82' title='bbox 722 1589 780 1655; x_wconf 89' lang='lat' dir='ltr'>sub</span> <span class='ocrx_word' id='word_1_83' title='bbox 804 1590 987 1654; x_wconf 90' lang='lat' dir='ltr'>conditione</span> <span class='ocrx_word' id='word_1_84' title='bbox 1014 1598 1049 1655; x_wconf 86' lang='lat' dir='ltr'>ut</span> <span class='ocrx_word' id='word_1_85' title='bbox 1074 1592 1108 1654; x_wconf 88' lang='lat' dir='ltr'>in</span> <span class='ocrx_word' id='word_1_86' title='bbox 1136 1586 1341 1675; x_wconf 85' lang='lat' dir='ltr'>gravioribus</span> <span class='ocrx_word' id='word_1_87' title='bbox 1367 1590 1468 1652; x_wconf 86' lang='lat' dir='ltr'>certis</span> 
     </span>
     <span class='ocr_line' id='line_1_12' title="bbox 290 1710 1465 1797; baseline -0.002 -21"><span class='ocrx_word' id='word_1_88' title='bbox 290 1714 395 1777; x_wconf 87' lang='lat' dir='ltr'>causis</span> <span class='ocrx_word' id='word_1_89' title='bbox 418 1732 530 1777; x_wconf 91' lang='lat' dir='ltr'>eorum</span> <span class='ocrx_word' id='word_1_90' title='bbox 554 1718 662 1777; x_wconf 86' lang='lat' dir='ltr'>votum</span> <span class='ocrx_word' id='word_1_91' title='bbox 686 1714 774 1797; x_wconf 86' lang='lat' dir='ltr'>sequi</span> <span class='ocrx_word' id='word_1_92' title='bbox 798 1718 963 1788; x_wconf 86' lang='lat' dir='ltr'>teneatur;</span> <span class='ocrx_word' id='word_1_93' title='bbox 987 1732 1062 1797; x_wconf 80' lang='lat' dir='ltr'>erp.</span> <span class='ocrx_word' id='word_1_94' title='bbox 1088 1730 1162 1795; x_wconf 84' lang='lat' dir='ltr'>cap.</span> <span class='ocrx_word' id='word_1_95' title='bbox 1182 1711 1217 1785; x_wconf 77' lang='grc'>2,</span> <span class='ocrx_word' id='word_1_96' title='bbox 1241 1711 1293 1777; x_wconf 83' lang='lat' dir='ltr'>De</span> <span class='ocrx_word' id='word_1_97' title='bbox 1315 1713 1371 1796; x_wconf 82' lang='lat' dir='ltr'>off.</span> <span class='ocrx_word' id='word_1_98' title='bbox 1399 1710 1465 1777; x_wconf 83' lang='lat' dir='ltr'>Vic.</span> 
     </span>
     <span class='ocr_line' id='line_1_13' title="bbox 287 1823 1469 1921; baseline 0 -22"><span class='ocrx_word' id='word_1_99' title='bbox 287 1836 363 1900; x_wconf 77' lang='lat' dir='ltr'>ind</span> <span class='ocrx_word' id='word_1_100' title='bbox 387 1836 515 1921; x_wconf 81' lang='lat'>(1,13);</span> <span class='ocrx_word' id='word_1_101' title='bbox 539 1838 572 1900; x_wconf 92' lang='lat' dir='ltr'>in</span> <span class='ocrx_word' id='word_1_102' title='bbox 597 1837 634 1901; x_wconf 90' lang='lat' dir='ltr'>iis</span> <span class='ocrx_word' id='word_1_103' title='bbox 657 1855 772 1921; x_wconf 82' lang='lat' dir='ltr'>nempe</span> <span class='ocrx_word' id='word_1_104' title='bbox 796 1838 910 1909; x_wconf 84' lang='lat' dir='ltr'>causis,</span> <span class='ocrx_word' id='word_1_105' title='bbox 934 1838 969 1899; x_wconf 91' lang='lat' dir='ltr'>in</span> <span class='ocrx_word' id='word_1_106' title='bbox 988 1835 1101 1919; x_wconf 87' lang='lat' dir='ltr'>quibus</span> <span class='ocrx_word' id='word_1_107' title='bbox 1118 1823 1271 1900; x_wconf 80' lang='lat' dir='ltr'>Vicarius</span> <span class='ocrx_word' id='word_1_108' title='bbox 1295 1835 1376 1900; x_wconf 87' lang='lat' dir='ltr'>Gen.</span> <span class='ocrx_word' id='word_1_109' title='bbox 1394 1856 1469 1920; x_wconf 81' lang='lat' dir='ltr'>pro</span> 
     </span>
     <span class='ocr_line' id='line_1_14' title="bbox 287 1960 1468 2047; baseline 0 -23"><span class='ocrx_word' id='word_1_110' title='bbox 287 1960 372 2025; x_wconf 87' lang='lat' dir='ltr'>cedit</span> <span class='ocrx_word' id='word_1_111' title='bbox 395 1982 437 2025; x_wconf 78' lang='lat' dir='ltr'>ex</span> <span class='ocrx_word' id='word_1_112' title='bbox 461 1962 591 2047; x_wconf 88' lang='lat' dir='ltr'>speciali</span> <span class='ocrx_word' id='word_1_113' title='bbox 615 1960 775 2026; x_wconf 81' lang='lat' dir='ltr'>mandato.</span> <span class='ocrx_word' id='word_1_114' title='bbox 800 1962 838 2027; x_wconf 91' lang='lat' dir='ltr'>In</span> <span class='ocrx_word' id='word_1_115' title='bbox 862 1962 934 2026; x_wconf 87' lang='lat' dir='ltr'>aliis</span> <span class='ocrx_word' id='word_1_116' title='bbox 957 1982 1037 2026; x_wconf 89' lang='lat' dir='ltr'>vero</span> <span class='ocrx_word' id='word_1_117' title='bbox 1067 1960 1243 2025; x_wconf 87' lang='lat' dir='ltr'>levioribus</span> <span class='ocrx_word' id='word_1_118' title='bbox 1274 1962 1399 2041; x_wconf 75' lang='lat' dir='ltr'>causiS,</span> <span class='ocrx_word' id='word_1_119' title='bbox 1423 1980 1468 2025; x_wconf 91' lang='lat' dir='ltr'>ne</span> 
     </span>
     <span class='ocr_line' id='line_1_15' title="bbox 287 2084 1467 2170; baseline 0.003 -23"><span class='ocrx_word' id='word_1_120' title='bbox 287 2084 360 2149; x_wconf 88' lang='lat' dir='ltr'>Vic.</span> <span class='ocrx_word' id='word_1_121' title='bbox 378 2086 457 2150; x_wconf 90' lang='lat' dir='ltr'>Gen.</span> <span class='ocrx_word' id='word_1_122' title='bbox 483 2084 661 2149; x_wconf 88' lang='lat' dir='ltr'>iurisdictio</span> <span class='ocrx_word' id='word_1_123' title='bbox 684 2086 729 2149; x_wconf 86' lang='lat' dir='ltr'>ita</span> <span class='ocrx_word' id='word_1_124' title='bbox 751 2086 907 2151; x_wconf 83' lang='lat' dir='ltr'>limitetur</span> <span class='ocrx_word' id='word_1_125' title='bbox 930 2090 965 2149; x_wconf 89' lang='lat' dir='ltr'>ut</span> <span class='ocrx_word' id='word_1_126' title='bbox 986 2086 1122 2170; x_wconf 85' lang='lat' dir='ltr'>amplius</span> <span class='ocrx_word' id='word_1_127' title='bbox 1145 2086 1310 2170; x_wconf 86' lang='lat' dir='ltr'>generalis</span> <span class='ocrx_word' id='word_1_128' title='bbox 1327 2105 1392 2148; x_wconf 93' lang='lat' dir='ltr'>non</span> <span class='ocrx_word' id='word_1_129' title='bbox 1414 2086 1467 2158; x_wconf 83' lang='lat' dir='ltr'>sit,</span> 
     </span>
    </p>
   </div>
   <div class='ocr_carea' id='block_1_3' title="bbox 288 2207 1468 2297">
    <p class='ocr_par' dir='ltr' id='par_1_4' title="bbox 288 2207 1468 2297">
     <span class='ocr_line' id='line_1_16' title="bbox 288 2207 1468 2297; baseline 0.006 -26"><span class='ocrx_word' id='word_1_130' title='bbox 288 2207 465 2296; x_wconf 84' lang='lat' dir='ltr'>Episcopus</span> <span class='ocrx_word' id='word_1_131' title='bbox 489 2210 575 2276; x_wconf 83' lang='lat' dir='ltr'>valet</span> <span class='ocrx_word' id='word_1_132' title='bbox 599 2211 701 2277; x_wconf 91' lang='lat' dir='ltr'>eidem</span> <span class='ocrx_word' id='word_1_133' title='bbox 724 2210 950 2297; x_wconf 80' lang='lat' dir='ltr'>praescribere</span> <span class='ocrx_word' id='word_1_134' title='bbox 974 2220 1008 2276; x_wconf 87' lang='lat' dir='ltr'>ut</span> <span class='ocrx_word' id='word_1_135' title='bbox 1023 2212 1191 2277; x_wconf 90' lang='lat' dir='ltr'>consilium</span> <span class='ocrx_word' id='word_1_136' title='bbox 1214 2215 1388 2278; x_wconf 85' lang='lat' dir='ltr'>assessoris</span> <span class='ocrx_word' id='word_1_137' title='bbox 1411 2233 1468 2278; x_wconf 83' lang='lat' dir='ltr'>ex-</span> 
     </span>
    </p>
   </div>
   <div class='ocr_carea' id='block_1_4' title="bbox 286 2334 1467 3171">
    <p class='ocr_par' dir='ltr' id='par_1_5' title="bbox 286 2334 1463 2545">
     <span class='ocr_line' id='line_1_17' title="bbox 287 2334 1463 2420; baseline 0.003 -21"><span class='ocrx_word' id='word_1_138' title='bbox 287 2336 403 2417; x_wconf 86' lang='lat' dir='ltr'>quirat,</span> <span class='ocrx_word' id='word_1_139' title='bbox 428 2336 486 2399; x_wconf 85' lang='lat' dir='ltr'>etsi</span> <span class='ocrx_word' id='word_1_140' title='bbox 517 2335 579 2400; x_wconf 92' lang='lat' dir='ltr'>hoc</span> <span class='ocrx_word' id='word_1_141' title='bbox 607 2337 696 2419; x_wconf 90' lang='lat' dir='ltr'>sequi</span> <span class='ocrx_word' id='word_1_142' title='bbox 726 2356 791 2400; x_wconf 91' lang='lat' dir='ltr'>non</span> <span class='ocrx_word' id='word_1_143' title='bbox 820 2342 988 2400; x_wconf 86' lang='lat' dir='ltr'>teneatur:</span> <span class='ocrx_word' id='word_1_144' title='bbox 1013 2334 1054 2399; x_wconf 85' lang='lat' dir='ltr'>cf.</span> <span class='ocrx_word' id='word_1_145' title='bbox 1080 2337 1242 2418; x_wconf 78' lang='lat' dir='ltr'>Durands,</span> <span class='ocrx_word' id='word_1_146' title='bbox 1266 2336 1463 2420; x_wconf 78' lang='lat' dir='ltr'>Speculum.</span> 
     </span>
     <span class='ocr_line' id='line_1_18' title="bbox 286 2458 1053 2545; baseline 0.003 -23"><span class='ocrx_word' id='word_1_147' title='bbox 286 2458 358 2523; x_wconf 84' lang='lat' dir='ltr'>Lib.</span> <span class='ocrx_word' id='word_1_148' title='bbox 384 2460 430 2531; x_wconf 84' lang='lat' dir='ltr'>II,</span> <span class='ocrx_word' id='word_1_149' title='bbox 457 2460 502 2524; x_wconf 80' lang='lat' dir='ltr'>iit.</span> <span class='ocrx_word' id='word_1_150' title='bbox 527 2460 577 2525; x_wconf 80' lang='lat' dir='ltr'>De</span> <span class='ocrx_word' id='word_1_151' title='bbox 600 2460 817 2545; x_wconf 77' lang='lat' dir='ltr'>requisitione</span> <span class='ocrx_word' id='word_1_152' title='bbox 841 2459 974 2527; x_wconf 80' lang='lat' dir='ltr'>consilii</span> <span class='ocrx_word' id='word_1_153' title='bbox 996 2458 1053 2545; x_wconf 84' lang='lat' dir='ltr'>(l).</span> 
     </span>
    </p>

    <p class='ocr_par' dir='ltr' id='par_1_6' title="bbox 286 2585 1467 3171">
     <span class='ocr_line' id='line_1_19' title="bbox 379 2585 1465 2671; baseline 0.005 -22"><span class='ocrx_word' id='word_1_154' title='bbox 379 2585 450 2651; x_wconf 82' lang='lat'>151.</span> <span class='ocrx_word' id='word_1_155' title='bbox 476 2586 691 2661; x_wconf 82' lang='lat' dir='ltr'>Quamobrem</span> <span class='ocrx_word' id='word_1_156' title='bbox 715 2588 897 2651; x_wconf 77' lang='lat' dir='ltr'>Assessoris</span> <span class='ocrx_word' id='word_1_157' title='bbox 927 2587 1076 2671; x_wconf 78' lang='lat' dir='ltr'>officium</span> <span class='ocrx_word' id='word_1_158' title='bbox 1107 2588 1338 2654; x_wconf 86' lang='lat' dir='ltr'>desumendum</span> <span class='ocrx_word' id='word_1_159' title='bbox 1371 2595 1420 2654; x_wconf 88' lang='lat' dir='ltr'>est</span> <span class='ocrx_word' id='word_1_160' title='bbox 1443 2609 1465 2653; x_wconf 89' lang='lat' dir='ltr'>a</span> 
     </span>
     <span class='ocr_line' id='line_1_20' title="bbox 286 2710 1466 2793; baseline 0.004 -20"><span class='ocrx_word' id='word_1_161' title='bbox 286 2710 436 2775; x_wconf 84' lang='lat' dir='ltr'>mandato</span> <span class='ocrx_word' id='word_1_162' title='bbox 460 2728 521 2793; x_wconf 92' lang='lat' dir='ltr'>quo</span> <span class='ocrx_word' id='word_1_163' title='bbox 538 2712 752 2779; x_wconf 79' lang='lat' dir='ltr'>constituitur.</span> <span class='ocrx_word' id='word_1_164' title='bbox 771 2746 813 2759; x_wconf 93' lang='lat'>—</span> <span class='ocrx_word' id='word_1_165' title='bbox 829 2712 985 2777; x_wconf 82' lang='lat' dir='ltr'>Persona</span> <span class='ocrx_word' id='word_1_166' title='bbox 999 2732 1080 2776; x_wconf 86' lang='lat' dir='ltr'>vero</span> <span class='ocrx_word' id='word_1_167' title='bbox 1096 2714 1279 2778; x_wconf 86' lang='lat' dir='ltr'>Assessoris</span> <span class='ocrx_word' id='word_1_168' title='bbox 1292 2715 1391 2777; x_wconf 84' lang='lat' dir='ltr'>etiam</span> <span class='ocrx_word' id='word_1_169' title='bbox 1407 2712 1466 2779; x_wconf 89' lang='lat' dir='ltr'>de·</span> 
     </span>
     <span class='ocr_line' id='line_1_21' title="bbox 286 2834 1467 2922; baseline 0.003 -24"><span class='ocrx_word' id='word_1_170' title='bbox 286 2834 432 2919; x_wconf 84' lang='lat' dir='ltr'>signatur</span> <span class='ocrx_word' id='word_1_171' title='bbox 459 2856 478 2899; x_wconf 91' lang='lat' dir='ltr'>a</span> <span class='ocrx_word' id='word_1_172' title='bbox 505 2837 658 2919; x_wconf 83' lang='lat' dir='ltr'>qualitate</span> <span class='ocrx_word' id='word_1_173' title='bbox 684 2837 844 2913; x_wconf 85' lang='lat' dir='ltr'>mandeti;</span> <span class='ocrx_word' id='word_1_174' title='bbox 868 2838 1024 2922; x_wconf 89' lang='lat' dir='ltr'>siquidem</span> <span class='ocrx_word' id='word_1_175' title='bbox 1051 2838 1208 2903; x_wconf 87' lang='lat' dir='ltr'>articulus</span> <span class='ocrx_word' id='word_1_176' title='bbox 1238 2859 1303 2902; x_wconf 93' lang='lat' dir='ltr'>uon</span> <span class='ocrx_word' id='word_1_177' title='bbox 1336 2838 1467 2904; x_wconf 87' lang='lat' dir='ltr'>iurisdi-</span> 
     </span>
     <span class='ocr_line' id='line_1_22' title="bbox 287 2961 1462 3046; baseline 0.005 -23"><span class='ocrx_word' id='word_1_178' title='bbox 287 2961 434 3025; x_wconf 86' lang='lat' dir='ltr'>etionalis</span> <span class='ocrx_word' id='word_1_179' title='bbox 456 2967 561 3046; x_wconf 87' lang='lat' dir='ltr'>potest</span> <span class='ocrx_word' id='word_1_180' title='bbox 584 2962 728 3027; x_wconf 87' lang='lat' dir='ltr'>mandari</span> <span class='ocrx_word' id='word_1_181' title='bbox 753 2965 848 3029; x_wconf 86' lang='lat' dir='ltr'>etiem</span> <span class='ocrx_word' id='word_1_182' title='bbox 871 2962 972 3039; x_wconf 87' lang='lat' dir='ltr'>laico;</span> <span class='ocrx_word' id='word_1_183' title='bbox 996 2963 1225 3030; x_wconf 88' lang='lat' dir='ltr'>iurisdictionis</span> <span class='ocrx_word' id='word_1_184' title='bbox 1248 2970 1355 3030; x_wconf 88' lang='lat' dir='ltr'>antem</span> <span class='ocrx_word' id='word_1_185' title='bbox 1378 2964 1462 3031; x_wconf 88' lang='lat' dir='ltr'>eccl.</span> 
     </span>
     <span class='ocr_line' id='line_1_23' title="bbox 288 3083 1132 3171; baseline 0.006 -25"><span class='ocrx_word' id='word_1_186' title='bbox 288 3083 489 3165; x_wconf 80' lang='lat' dir='ltr'>exercitium,</span> <span class='ocrx_word' id='word_1_187' title='bbox 514 3090 637 3150; x_wconf 82' lang='lat' dir='ltr'>tentum</span> <span class='ocrx_word' id='word_1_188' title='bbox 661 3086 790 3161; x_wconf 82' lang='lat' dir='ltr'>clerico,</span> <span class='ocrx_word' id='word_1_189' title='bbox 816 3087 983 3171; x_wconf 83' lang='lat' dir='ltr'>eidemque</span> <span class='ocrx_word' id='word_1_190' title='bbox 1008 3088 1132 3152; x_wconf 92' lang='lat' dir='ltr'>idoneo.</span> 
     </span>
    </p>
   </div>
   <div class='ocr_carea' id='block_1_5' title="bbox 286 3922 1468 4423">
    <p class='ocr_par' dir='ltr' id='par_1_7' title="bbox 286 3922 1468 4423">
     <span class='ocr_line' id='line_1_24' title="bbox 375 3922 1463 3997; baseline 0.003 -19"><span class='ocrx_word' id='word_1_191' title='bbox 375 3922 1463 3997; x_wconf 46' lang='lat' dir='ltr'>(UQmme&amp;mdopdffivfflwrmffissfflmmwm</span> 
     </span>
     <span class='ocr_line' id='line_1_25' title="bbox 286 4030 1463 4104; baseline 0.007 -21"><span class='ocrx_word' id='word_1_192' title='bbox 286 4030 1463 4104; x_wconf 50' lang='lat' dir='ltr'>mmmmmfflffiwmmffimmmmmmmffiwmmmmwwffl</span> 
     </span>
     <span class='ocr_line' id='line_1_26' title="bbox 286 4138 1468 4209; baseline 0.004 -19"><span class='ocrx_word' id='word_1_193' title='bbox 286 4156 371 4190; x_wconf 72' lang='lat' dir='ltr'>uriom</span> <span class='ocrx_word' id='word_1_194' title='bbox 389 4148 437 4189; x_wconf 79' lang='lat' dir='ltr'>aut</span> <span class='ocrx_word' id='word_1_195' title='bbox 455 4138 575 4191; x_wconf 81' lang='lat' dir='ltr'>altorum</span> <span class='ocrx_word' id='word_1_196' title='bbox 595 4158 743 4192; x_wconf 68' lang='lat' dir='ltr'>cirus-orum</span> <span class='ocrx_word' id='word_1_197' title='bbox 761 4143 883 4209; x_wconf 81' lang='lat' dir='ltr'>speeiem</span> <span class='ocrx_word' id='word_1_198' title='bbox 896 4157 921 4202; x_wconf 71' lang='lat' dir='ltr'>r,</span> <span class='ocrx_word' id='word_1_199' title='bbox 934 4139 1112 4207; x_wconf 81' lang='lat' dir='ltr'>intelligatur</span> <span class='ocrx_word' id='word_1_200' title='bbox 1130 4138 1163 4193; x_wconf 89' lang='lat' dir='ltr'>de</span> <span class='ocrx_word' id='word_1_201' title='bbox 1179 4140 1271 4192; x_wconf 80' lang='lat' dir='ltr'>causis</span> <span class='ocrx_word' id='word_1_202' title='bbox 1287 4141 1468 4207; x_wconf 77' lang='lat' dir='ltr'>gravioribus</span> 
     </span>
     <span class='ocr_line' id='line_1_27' title="bbox 287 4245 1467 4317; baseline 0.004 -19"><span class='ocrx_word' id='word_1_203' title='bbox 287 4245 1467 4317; x_wconf 52' lang='lat' dir='ltr'>mmmmmmmmmmffimwffimmwmwmmwe</span> 
     </span>
     <span class='ocr_line' id='line_1_28' title="bbox 287 4352 1466 4423; baseline 0.005 -20"><span class='ocrx_word' id='word_1_204' title='bbox 287 4352 1466 4423; x_wconf 46' lang='lat' dir='ltr'>MMwmfflffifflwffimmmmmfflmmfflo&amp;mmmwhms</span> 
     </span>
    </p>
   </div>
   <div class='ocr_carea' id='block_1_6' title="bbox 288 4460 1052 4530">
    <p class='ocr_par' dir='ltr' id='par_1_8' title="bbox 288 4460 1052 4530">
     <span class='ocr_line' id='line_1_29' title="bbox 288 4460 1052 4530; baseline 0.001 -17"><span class='ocrx_word' id='word_1_205' title='bbox 288 4460 359 4513; x_wconf 93' lang='lat' dir='ltr'>modi</span> <span class='ocrx_word' id='word_1_206' title='bbox 379 4462 519 4515; x_wconf 80' lang='lat' dir='ltr'>sententia</span> <span class='ocrx_word' id='word_1_207' title='bbox 539 4462 591 4513; x_wconf 89' lang='lat' dir='ltr'>iuri</span> <span class='ocrx_word' id='word_1_208' title='bbox 612 4461 808 4530; x_wconf 83' lang='lat' dir='ltr'>Episcoporum</span> <span class='ocrx_word' id='word_1_209' title='bbox 828 4478 883 4515; x_wconf 89' lang='lat' dir='ltr'>non</span> <span class='ocrx_word' id='word_1_210' title='bbox 903 4462 1052 4515; x_wconf 83' lang='lat' dir='ltr'>conformis</span> 
     </span>
    </p>
   </div>
   <div class='ocr_carea' id='block_1_7' title="bbox 0 0 1680 5117">
    <p class='ocr_par' dir='ltr' id='par_1_9' title="bbox 0 0 1680 5117">
     <span class='ocr_line' id='line_1_30' title="bbox 0 0 1680 5117; baseline 0 0"><span class='ocrx_word' id='word_1_211' title='bbox 0 0 1680 5117; x_wconf 95' lang='lat' dir='ltr'> </span> 
     </span>
    </p>
   </div>
   <div class='ocr_carea' id='block_1_8' title="bbox 1673 747 1677 1354">
    <p class='ocr_par' dir='ltr' id='par_1_10' title="bbox 1673 747 1677 1354">
     <span class='ocr_line' id='line_1_31' title="bbox 1673 747 1677 1354; baseline 0 0"><span class='ocrx_word' id='word_1_212' title='bbox 1673 747 1677 1354; x_wconf 95' lang='lat' dir='ltr'> </span> 
     </span>
    </p>
   </div>
  </div>
 </body>
</html>
