3350 5117
568 334 611 380 nn
637 334 775 382 runicus
800 308 1064 382 nccunsrisrrcis
1337 316 1401 381 457

223 456 317 523 ciunt
340 455 552 536 defensiones,
566 455 812 521 commentando
835 454 1042 541 probationes
1061 457 1124 520 iam
1140 456 1253 521 allatus
1276 461 1332 523 aut
1353 457 1403 521 ius

225 578 492 665 interpretando?
516 578 572 667 (1).

315 708 371 772 Ius
395 726 465 771 can.
490 706 554 771 hoo
588 725 653 771 non
687 710 785 787 vetat,
810 711 844 769 at
874 725 971 771 nemo
1006 726 1070 769 non
1105 707 1201 788 ridet,
1228 726 1297 772 rem
1332 727 1402 773 esse

225 832 363 917 periculi
394 830 521 917 plenam
554 851 594 896 ne
627 832 659 895 in
691 829 851 896 infinitum
883 852 1000 897 causae
1031 833 1275 917 protrahantur,
1299 838 1333 899 et
1361 853 1403 898 ne

224 956 305 1023 fiant
335 958 476 1038 fraudes
500 962 616 1044 utputa
644 956 850 1042 producendo
881 957 940 1022 sub
971 955 1036 1023 fine
1065 959 1160 1023 huius
1189 960 1403 1024 contentionis
1495 1040 1499 1046 ⁵

222 1086 418 1165 argumenta
442 1078 634 1152 efficaciora,
659 1077 699 1144 ad
723 1064 956 1145 subvertendas
979 1098 1090 1143 omnes
1121 1080 1331 1165 allegationes
1354 1081 1403 1144 al-

226 1205 330 1269 terius
354 1204 464 1288 partis.
490 1203 575 1266 Hinc
597 1202 782 1286 assignatur
805 1202 963 1267 terminus
989 1201 1202 1301 probatorius.
1227 1237 1271 1251 -
1293 1203 1403 1268 Aret

223 1329 385 1415 quomodo
407 1317 485 1393 ¹huic
510 1329 649 1391 termino
672 1325 744 1393 fieri
775 1327 875 1413 possit
904 1326 1011 1410 aliqua
1041 1328 1235 1413 prorogatio,
1260 1327 1402 1392 dicemus

147 1537 148 1544 ἵ
223 1459 361 1540 agentes
385 1454 434 1519 De
457 1450 729 1519 conclusionem
753 1471 868 1517 causo.

315 3812 355 3883 (l)
374 3812 404 3865 lu
418 3812 476 3865 cod.
491 3813 542 3867 civ.
556 3812 678 3867 iudicial.
692 3812 750 3867 ital.
765 3812 934 3867 adamussim
946 3814 1128 3882 distinguitur
1139 3814 1287 3867 instructio
1298 3814 1403 3882 scripta

225 3929 243 3965 a
262 3914 441 3967 contentione
461 3916 542 3980 orati,
557 3913 626 3967 adeo
645 3917 676 3967 ut
694 3913 744 3967 illa
763 3914 893 3967 absoluta
905 3914 1022 3983 incipiat
1034 3914 1185 3983 disputatio
1197 3912 1290 3979 oralis,
1300 3914 1329 3966 in
1348 3930 1403 3985 qua

225 4004 314 4075 novae
333 4021 530 4090 probationum
548 4023 654 4091 species
679 4022 772 4078 afferri
798 4037 854 4075 non
879 4025 1003 4091 possunt.
1021 4021 1152 4082 Quamvis
1176 4020 1222 4075 hic
1246 4020 1324 4089 rigor
1346 4038 1403 4075 non

206 4110 362 4181 'habeatur
380 4128 409 4181 in
428 4127 492 4183 aliis
510 4129 658 4197 codicibus,
679 4135 771 4185 tamen
785 4146 881 4185 omues
894 4130 1006 4184 student
1023 4130 1058 4184 ud
1076 4128 1294 4199 praefiniendum
1313 4133 1342 4183 et
1360 4146 1403 4182 as·

225 4235 391 4304 signandum
410 4243 517 4291 certum
536 4242 645 4306 tempus
664 4242 692 4291 et
711 4238 822 4291 modum
842 4238 1053 4307 probationibus
1066 4236 1221 4301 afferendis,
1234 4241 1265 4289 ut
1277 4236 1341 4291 dein
1359 4236 1401 4290 di·

225 4344 387 4413 stinguatur
405 4343 462 4399 alia
481 4346 617 4415 periodus,
636 4346 665 4400 in
684 4364 739 4417 qua
764 4346 797 4401 de
822 4346 920 4406 iisdem
939 4346 1043 4415 scripto
1066 4350 1105 4399 et·
1118 4346 1212 4400 verbis
1236 4346 1400 4417 disputatur.

226 4452 267 4508 cf.
287 4454 433 4510 Mattirolo
453 4456 471 4509 l.
492 4474 514 4510 c.
