3350 5117
810 306 895 354 rsus
918 307 941 354 ι.
1010 288 1016 295 ’

793 572 908 640 Onrur
931 575 958 640 1.

572 786 624 839 DE
652 784 816 841 ORDINE
847 786 1179 843 COGNITIONUM.

675 930 725 971 Huc
740 926 833 971 reseret.
849 929 885 973 ut.
898 928 931 983 10,
942 928 973 983 X,
987 927 1027 971 lib.
1038 927 1069 971 11.

285 1119 501 1178 Summerium.
520 1152 554 1165 -
573 1124 635 1179 356.
662 1124 760 1179 Plures
785 1124 814 1178 in
840 1124 912 1180 idem
938 1124 1072 1179 iudicium
1089 1126 1215 1180 incidere
1240 1129 1357 1194 possunt
1381 1142 1468 1196 quee-

373 1228 487 1295 stiones,
500 1247 571 1301 quee
585 1241 660 1285 certo
674 1232 773 1286 ordine
789 1230 999 1300 cognoscendae
1011 1235 1085 1285 sunt.
1098 1260 1133 1273 -
1146 1230 1206 1285 357.
1220 1231 1404 1301 Explicentur
1419 1249 1465 1287 re-

375 1336 458 1405 gulae
477 1354 548 1407 quae
566 1337 674 1391 dictent
691 1337 816 1392 ordinem
838 1337 1012 1390 servendum.
1023 1364 1061 1380 -
1072 1336 1133 1391 358.
1147 1336 1177 1391 Si
1189 1354 1274 1391 censa
1289 1338 1414 1393 incidens
1426 1340 1465 1392 sit

375 1438 491 1494 alterius
503 1440 566 1506 tori,
578 1440 660 1495 iudex
670 1440 852 1510 supersedere
865 1440 949 1495 debet
961 1439 1116 1515 definitioni
1128 1440 1236 1509 negotii
1248 1439 1464 1510 principalioris.

323 1558 325 1563 ’
375 1578 409 1591 -
422 1548 482 1604 359.
502 1549 665 1605 Sententiae
684 1550 712 1603 in
732 1548 823 1603 censis
842 1548 1030 1604 incidentibus
1041 1549 1172 1604 dicuntur
1189 1550 1427 1605 interlocutoriae.

375 1796 450 1864 356.
468 1800 505 1865 In
521 1797 606 1863 idem
630 1796 789 1879 iudicium,
806 1804 976 1882 antequem
1001 1798 1192 1863 devenietur
1214 1797 1254 1862 ed
1270 1799 1463 1864 sententiam

219 1912 226 1927 ‘
285 1921 492 2003 definitivam,
517 1923 627 2008 plures
656 1921 800 1988 incidere
824 1927 957 2008 possunt
986 1924 1189 2007 quaestiones
1212 1942 1295 2007 quae
1318 1923 1404 1987 inter
1427 1942 1464 1989 sc

285 2048 414 2115 diverso
436 2048 549 2114 ordine
580 2052 825 2115 connectantur.
850 2047 1039 2113 Huiusmodi
1070 2048 1253 2133 questiones
1277 2048 1310 2111 in
1341 2066 1465 2133 genere

286 2171 436 2237 dicuntur
458 2170 662 2254 incidentes,·
685 2175 718 2237 et
740 2170 858 2235 harum
880 2170 965 2234 eliae
987 2174 1063 2235 sunt
1081 2168 1358 2253 praeindicieies,
1378 2168 1463 2233 aiiee

284 2295 604 2369 reconventionoies‚
628 2294 713 2359 aliae
735 2295 946 2359 intentionem
970 2293 1091 2359 hebent
1105 2292 1315 2376 exceptionis
1325 2312 1463 2376 onem·

281 2419 416 2503 pieriae
440 2423 496 2483 aut
511 2417 691 2485 dilatoriae
697 2438 712 2501 ;
727 2418 811 2491 eliae
828 2416 955 2483 demum
971 2422 1046 2483 sunt
1060 2417 1250 2502 simpliciter
1265 2418 1463 2493 incidentes,

285 2564 367 2628 quse
389 2563 505 2628 nempe
520 2548 757 2609 connectuntur
780 2562 854 2607 curn
879 2541 1063 2627 cognitione
1086 2561 1202 2607 musae
1221 2541 1461 2627 principalioris

285 2669 375 2733 cuins
398 2667 568 2733 occasione
591 2672 683 2732 ortae
706 2672 791 2733 sunt.

374 2792 448 2861 357.
476 2795 623 2858 Iemvero
646 2794 750 2878 quoad
774 2792 920 2859 ordinem
944 2795 977 2857 in
1001 2794 1184 2879 cognitione
1207 2794 1325 2862 herum
1352 2814 1462 2860 causa·

285 2940 355 2985 rum
379 2920 582 2991 servendum,
608 2922 670 2985 hae
694 2920 828 3005 regulae
851 2909 1045 2985 teneantur:

377 3040 407 3125 l)
432 3040 652 3113 Quaestiones
663 3040 700 3105 in
715 3023 806 3107 idem
828 3039 996 3106 indicium
1010 3040 1196 3107 incidentes
1210 3059 1249 3107 eo
1265 3040 1387 3107 ordine
1406 3060 1463 3106 co·

283 3166 400 3253 qnosci
414 3166 543 3240 debent,
559 3169 606 3237 nt,
622 3171 755 3232 sereno
772 3166 973 3231 earumdem
988 3185 1083 3232 nesse
1098 3164 1216 3251 ionico,
1230 3183 1277 3235 ea
1292 3169 1395 3230 antec
1410 3184 1462 3231 co·

280 3293 475 3374 enoscatnr,
499 3287 596 3354 cuins
626 3287 795 3354 conclusio
819 3287 959 3352 inseruit
989 3287 1038 3353 ad
1067 3286 1174 3352 etiam
1204 3285 1436 3371 definiendam
1446 3307 1461 3369 ;

284 3430 354 3497 erg.
368 3431 396 3477 c.
409 3432 435 3477 c.
449 3411 500 3483 19,
511 3410 561 3477 De
572 3410 653 3485 ind..
665 3410 701 3475 X
710 3410 766 3495 (II,
781 3408 810 3494 l)
824 3415 859 3475 et
869 3410 923 3485 12,
936 3410 988 3475 De
998 3414 1080 3475 sent.
1094 3428 1224 3476 ensem.
1237 3408 1275 3473 in
1287 3408 1312 3473 6
1323 3408 1379 3494 (V,
1395 3410 1460 3496 ll).

373 3534 407 3619 2)
432 3532 471 3599 Si
499 3554 579 3603 vero
609 3536 821 3620 quaestiones
849 3535 1037 3601 incidentes
1062 3554 1158 3601 nene
1181 3535 1289 3622 ionico
1311 3535 1403 3602 inter
1424 3555 1461 3604 se

283 3680 353 3727 non
376 3664 628 3739 connectantur,
646 3664 726 3725 tnnc
745 3664 901 3725 servetur
924 3659 1010 3726 ordo
1033 3658 1270 3744 cronotwicus
1291 3678 1353 3726 sen
1374 3660 1461 3727 ordo

278 3782 582 3869 praesentationis5
605 3784 687 3867 qnia
713 3802 731 3847 ‹
756 3783 815 3867 qni
835 3783 936 3866 prins
959 3782 1223 3867 appellatorios·
1245 3788 1348 3870 eyat5
1370 3803 1462 3869 qnae

282 3906 382 3991 prins
393 3910 477 3973 esset
487 3906 675 3990 proposito,
685 3907 786 3990 prins
799 3886 891 3989 foret
904 3904 1085 3971 tractando
1097 3925 1135 3981 >3
1152 3925 1194 3971 ex
1207 3925 1282 3988 cap.
1296 3906 1322 3971 2
1337 3907 1369 3971 n.
1382 3912 1405 3974 t.
1417 3908 1461 3974 X.

373 4030 406 4119 3)
422 4028 461 4096 Si
471 4030 556 4098 ordo
571 4030 608 4095 in
623 4009 808 4097 cansarum
819 4031 1010 4113 counitione
1021 4036 1266 4114 praeposteres
1280 4038 1439 4099 servetur
1447 4054 1463 4118 ,·

279 4162 398 4240 partes
408 4176 557 4241 quarum
570 4156 714 4227 interest,
722 4156 899 4238 eneipiant
912 4161 1031 4223 contra
1043 4157 1201 4223 ordinem
1212 4157 1460 4243 coenitionnm,

282 4283 320 4343 nt
341 4278 488 4344 indicem
509 4282 656 4362 neqeunt
677 4278 725 4342 nd
747 4278 939 4361 sequendas
962 4278 1100 4363 requies
1128 4278 1236 4363 inris;
1257 4280 1461 4362 interposito

258 4412 264 4425 ·
282 4404 384 4469 etiarn
401 4402 637 4486 appellatione,
654 4403 684 4467 si
699 4422 799 4468 casns
813 4402 927 4485 ferct5
946 4423 1017 4488 arg.
1034 4403 1087 4469 cit.
1100 4423 1175 4488 cap.
1191 4404 1244 4480 19,
1259 4404 1308 4471 De
1318 4404 1401 4480 ind,
1418 4406 1461 4471 X.
