3350 5117
667 323 869 371 ruoosumu
1315 303 1357 367 15

170 446 305 511 diautur
338 445 422 510 haec
452 444 554 510 verba
584 446 624 511 ci.
650 444 867 512 D'Annibale:
890 446 929 531 (1,
954 444 1033 532 201)
1058 464 1147 509 s...
1165 444 1258 529 quod
1286 443 1358 509 iuri

178 566 340 633 monica
364 566 457 632 deest
470 568 649 649 suppletur
671 587 717 635 ea
739 567 815 633 iure
831 567 931 633 ciuili.
947 566 1027 633 Non
1050 566 1190 652 quidem
1211 586 1356 633 romano

175 690 266 775 poa
289 689 374 755 olim
404 688 521 775 eripuit,
545 690 604 755 sed
627 709 666 755 eo
690 690 783 774 quael
806 708 900 757 uuna
928 689 1039 775 ripet3
1057 693 1306 773 praeterquam
1328 687 1357 751 si

171 818 304 899 apatur
327 813 370 878 de
392 812 444 878 his
460 812 589 900 lapibus
604 833 692 899 quae
715 815 751 879 ia
773 814 827 880 ius
843 813 1046 881 canonicum
1070 815 1257 879 translatae
1278 817 1358 878 sunt

174 934 304 1019 quippe
328 954 510 1019 quaenam
533 936 682 1019 amplius
706 936 804 1022 lepes,
828 936 889 1001 sed
912 955 1058 1001 canones
1074 934 1210 1002 dicendi
1230 940 1309 1001 suat
1326 956 1357 999 r.

176 1058 321 1144 intelligi
343 1065 450 1123 autem
475 1059 594 1126 debent
617 1062 649 1125 in
673 1080 815 1126 canones
846 1060 1023 1126 translatae
1054 1079 1119 1125 non
1149 1064 1273 1123 tautum
1299 1076 1358 1123 eae

173 1184 269 1268 leges
291 1203 454 1257 romanae,
480 1186 543 1249 iam
571 1188 655 1252 inter
678 1207 820 1251 canones
847 1188 1045 1260 recensitae,
1070 1184 1126 1251 sed
1154 1186 1250 1251 etiam
1283 1184 1358 1249 illae

178 1306 387 1391 respicientes
410 1310 581 1373 materiam
604 1310 816 1374 iurisdictioui
839 1308 1079 1374 ecclesiasticae
1096 1310 1280 1373 necessario
1304 1330 1358 1373 su·

180 1426 324 1503 biaciam,
340 1432 510 1512 quamius
530 1432 784 1497 ecclesiasticum
808 1434 874 1497 suis
890 1431 1003 1498 edictis
1019 1451 1083 1495 non
1101 1430 1290 1506 moderavit,
1306 1450 1358 1491 ve

176 1556 235 1620 iuti
253 1556 565 1639 praescriptionem
588 1558 692 1641 quoad
715 1556 800 1623 bona
816 1558 984 1623 Ecclesiae
1002 1556 1257 1642 patrimonialia;
1275 1555 1359 1639 quod

176 1681 355 1745 institutum
387 1682 437 1745 ius
468 1700 540 1745 cau.
564 1680 739 1767 desumpsit
765 1701 786 1745 a
817 1683 890 1746 iure
919 1701 1063 1747 romano.
1089 1680 1198 1755 Quare
1226 1679 1359 1745 Benedi-

182 1814 249 1871 ctus
269 1806 354 1871 XIV
380 1804 442 1891 (De
466 1806 547 1892 Syn.
571 1806 682 1872 Dioec.
708 1806 780 1872 uio.
808 1808 838 1881 9,
863 1827 890 1873 c.
917 1808 965 1877 14.
990 1827 1023 1871 rt.
1049 1809 1079 1892 1)
1103 1808 1137 1870 in
1165 1827 1286 1893 genere
1309 1807 1357 1871 lo-

183 1930 339 2013 quebatur
363 1930 403 1994 de
427 1929 555 2016 lapibus
577 1931 811 1997 saecularibus
825 1931 1012 1996 advertens:
1033 1931 1244 1997 «Eiusmodi
1259 1933 1357 2014 iopes.

175 2049 206 2114 si
227 2070 302 2115 rem
325 2056 475 2133 spectem
495 2070 586 2134 pure
604 2051 796 2135 profanam
819 2072 930 2138 neque
952 2054 1025 2118 olla
1052 2072 1097 2117 em
1118 2056 1221 2135 parte
1250 2052 1359 2117 sacras

178 2173 367 2241 emamus
382 2174 620 2250 adversaretur,
639 2175 738 2241 tacite
754 2176 966 2258 approbatae
987 2176 1147 2242 videntur
1168 2177 1205 2240 la
1228 2195 1302 2259 cap.
1328 2178 1357 2247 1.

186 2298 228 2363 de
247 2320 320 2366 noa.
345 2320 399 2383 op.
424 2321 526 2366 aune.
550 2302 585 2365 X
599 2322 627 2365 s.
653 2300 815 2375 Quocirca
846 2304 880 2368 in
911 2302 1008 2367 curiis
1040 2302 1271 2366 ecclesiasticis
1295 2302 1359 2366 hoc

181 2425 406 2491 attendendum
430 2432 479 2491 est
501 2428 707 2512 potissimum.
722 2428 826 2512 quoad
851 2429 923 2493 iura
953 2428 1147 2493 clericorum
1175 2427 1306 2509 ciuilia;
1331 2429 1357 2492 si

175 2551 266 2614 enim
281 2552 353 2615 iure
374 2553 497 2636 vigenti
519 2552 553 2615 in
577 2552 643 2616 suis
666 2552 746 2617 iocis
770 2573 833 2617 non
858 2556 1029 2616 uterentur
1051 2552 1173 2622 clerici,
1198 2548 1355 2634 quomodo

173 2680 271 2741 inter
296 2678 378 2743 cives
401 2681 588 2741 contractus
615 2678 713 2741 iniret
735 2684 791 2741 aut
817 2678 1020 2762 susciperent
1045 2674 1275 2761 obligationes?
1300 2673 1357 2761 (l).

271 2801 333 2867 Sed
357 2801 473 2867 iudicia
496 2801 716 2868 ecclesiastica
748 2820 830 2885 quae
861 2799 1052 2865 ordinantur
1075 2800 1115 2864 ab
1140 2801 1359 2866 ecclesiastica

172 2932 347 3013 potestate,
371 2927 435 2991 iam
458 2947 549 2993 suam
579 2927 764 2993 habuerunt
792 2926 930 2991 formam
954 2929 1082 2990 omnino
1111 2927 1285 3011 propriam,
1309 2944 1360 2989 ae·

183 3172 217 3223 19
229 3172 289 3226 ian.
305 3171 388 3225 1889
400 3120 507 3241 agitata
518 3172 546 3225 in
559 3170 585 3225 S.
599 3172 686 3243 Cong.
699 3171 825 3227 Concilii.
835 3200 849 3211 -
860 3171 962 3225 Eadem
975 3171 1009 3226 de
1022 3172 1140 3238 ratione,
1150 3171 1357 3232 instructiones,

174 3278 211 3331 ad
230 3295 378 3348 processus
395 3278 570 3333 instruendos
588 3278 675 3344 datas,
695 3294 745 3347 pro
765 3278 850 3331 certis
869 3277 938 3331 locis
957 3282 985 3332 et
1004 3278 1088 3331 certis
1113 3279 1213 3343 caussis,
1232 3295 1282 3331 nos
1305 3277 1358 3330 ali-

171 3384 289 3455 quando
306 3384 464 3448 citabimus,
476 3383 615 3450 videlicet,
629 3384 843 3438 instructionem
858 3383 1033 3437 Austriacam
1047 3384 1149 3437 editam
1163 3402 1179 3436 a
1192 3382 1270 3437 Card.
1287 3382 1359 3435 Rau-

168 3491 258 3547 scher
270 3507 324 3561 pro
336 3491 427 3544 causis
440 3490 705 3557 matrimonialibus;
720 3490 935 3544 instructionem
948 3490 1040 3543 datam
1054 3508 1071 3543 a
1084 3490 1109 3543 S.
1124 3490 1210 3557 cong.
1226 3488 1264 3542 De
1274 3489 1356 3556 Prop.

168 3598 243 3653 Fide
263 3596 300 3651 ad
319 3597 536 3652 Foederatorum
556 3597 684 3652 Statuam
698 3598 846 3652 Americae
858 3598 933 3667 Sept
948 3598 1116 3663 Ordinarios,
1135 3597 1209 3665 (vide
1227 3599 1257 3648 in
1275 3598 1358 3666 epise-

167 3703 287 3757 meride
305 3704 376 3755 Aeta
396 3702 423 3755 S.
445 3703 523 3755 Sedis
549 3701 577 3753 V.
599 3702 645 3766 18,
663 3720 692 3772 p.
710 3701 801 3773 369);
821 3707 851 3755 et
875 3702 909 3756 ed
935 3702 1044 3755 eosdem
1070 3700 1231 3754 Ordinarios
1256 3700 1360 3753 instru-

166 3809 297 3863 ctionem
317 3808 413 3860 datam
431 3807 506 3861 eirca
519 3808 629 3862 modum
649 3808 814 3863 servandum
832 3808 861 3861 in
875 3809 965 3861 causis
981 3806 1173 3861 criminalibus
1192 3811 1221 3860 et
1233 3805 1359 3874 discipli-

163 3914 288 3969 naribus
307 3912 476 3967 eiericorum
496 3912 613 3967 relatam
633 3912 661 3966 in
680 3912 831 3982 appendice
851 3912 968 3966 Concilii
986 3912 1197 3966 Baitimorensis
1210 3910 1245 3963 iii
1265 3909 1358 3979 (1884)

165 4036 228 4073 cum
249 4016 322 4072 aliis
343 4016 460 4071 instruc.
480 4033 498 4069 a
515 4016 601 4087 (long,
621 4016 655 4071 de
675 4017 756 4086 Prop.
779 4016 845 4071 Fide
865 4017 954 4071 editis.

254 4124 300 4197 (Ι)
321 4122 416 4177 Bouix
436 4122 464 4175 in
483 4126 605 4177 tractatu
622 4124 664 4201 De
685 4123 800 4178 Iudiciis
817 4123 924 4179 Eccles.
944 4124 974 4176 in
993 4128 1062 4192 part.
1083 4123 1102 4188 1,
1123 4139 1180 4191 cap.
1201 4122 1227 4187 4,
1246 4139 1309 4191 pag.
1329 4123 1360 4175 19

161 4253 214 4291 uon
235 4232 423 4289 sufficienter
449 4231 568 4287 attendit
592 4234 790 4288 auctoritatem
816 4233 918 4287 iuriam
943 4232 1067 4286 civilium
1093 4234 1247 4302 vigentium
1275 4234 1303 4287 in
1330 4250 1359 4286 re

159 4362 234 4403 mera
255 4338 483 4411 eiyiii,qi1ando
501 4340 541 4394 ait
559 4339 696 4407 absolute,
714 4341 757 4394 ius
776 4341 940 4395 canonicum
954 4340 1076 4410 suppleri
1096 4343 1239 4396 exclusive
1263 4359 1279 4394 a
1298 4342 1359 4394 iure

158 4465 278 4507 mano
300 4444 398 4502 civili.
