3350 5117
532 292 577 339 nn
601 292 741 339 rumcus
764 290 1030 339 sccnesusrrcrs
1306 272 1372 339 593

281 417 316 505 2)
341 420 394 484 Ex
417 438 490 503 cap.
508 419 551 485 18
574 419 606 483 h.
624 424 646 484 t.
670 419 705 483 X
725 419 885 484 sententia
908 418 1045 484 ferenda
1061 425 1109 485 est
1125 424 1261 505 utraque
1279 426 1373 505 parte

192 549 373 627 praesente.
398 543 541 629 legitime
572 544 669 609 citata
698 562 757 628 per
780 545 901 607 trinam
924 548 979 608 aut
1002 563 1099 608 unam
1121 546 1372 630 peremptoriam

192 666 387 729 citationem.

282 790 334 855 Ex
357 790 494 856 adverso
518 791 550 855 in
566 788 756 856 summario
780 809 946 875 processu,
964 810 1007 857 ex
1033 790 1135 873 Clem.
1152 790 1178 855 2
1194 790 1245 857 cit.
1263 790 1373 857 decer-

193 914 295 978 nitur:
323 936 342 977 (
366 914 563 981 Sententiam
591 934 671 980 vero
702 912 900 981 definitivam
931 916 1050 999 (citatis
1073 914 1169 980 adid
1200 915 1277 1016 licet
1302 933 1373 981 aon

188 1040 420 1123 peremptorie
450 1040 606 1127 partibus)
635 1043 667 1106 in
699 1042 828 1126 scriptis
844 1092 850 1104 .
865 1090 895 1105 ..
924 1041 1071 1126 proferat
1094 1064 1123 1107 ›.
1157 1041 1371 1117 Quamobrem

193 1166 328 1246 eruitur,
353 1166 386 1229 in
410 1163 534 1231 indiciis
557 1166 779 1233 oeconomicis
801 1185 859 1230 seu
883 1165 1091 1239 summariis,
1116 1167 1298 1252 posthabito
1321 1188 1371 1231 so·

194 1288 396 1357 lemnitatnm
419 1292 539 1376 rigore,
557 1292 695 1376 partium
716 1292 934 1377 praesentiam
959 1293 992 1355 in
1016 1294 1281 1377 pronunciatione
1304 1314 1373 1359 sen·

191 1415 315 1480 tentiae
338 1435 402 1479 non
427 1416 556 1481 omnino
573 1417 781 1502 expostulari,
802 1436 899 1501 quum
922 1416 952 1481 id
977 1422 1100 1482 tantum
1120 1418 1305 1481 necessario
1328 1424 1373 1481 at-

191 1536 354 1610 tendatur,
385 1543 418 1603 ut
447 1539 606 1603 sententia
629 1539 756 1624 prolata
778 1541 917 1624 partium
947 1537 987 1603 ad
1018 1539 1163 1603 notitiam
1194 1538 1370 1623 perveniat.

195 1660 280 1727 Huic
303 1664 475 1727 intentioni
496 1662 654 1731 adhaeret
677 1665 729 1729 cit.
754 1665 857 1730 lustr.
876 1664 909 1729 S.
937 1665 971 1731 C.
988 1665 1056 1729 ΕΕ.
1077 1668 1108 1728 et
1129 1660 1202 1727 ΕΗ.
1224 1663 1260 1724 11
1281 1662 1373 1727 Iunii

193 1781 294 1855 1880,
312 1788 346 1849 et
365 1784 493 1850 Deerat.
511 1785 652 1851 eiusdem
669 1787 700 1851 S.
718 1786 751 1852 C.
769 1805 801 1850 a.
817 1786 905 1851 1851
925 1823 963 1833 -
983 1784 1085 1851 laste.
1103 1784 1136 1850 S.
1157 1784 1191 1849 C.
1209 1785 1250 1849 cle
1265 1782 1371 1867 Prop.

193 1904 281 1971 Fide
304 1906 354 1971 De
376 1906 448 1972 iud.
473 1909 550 1973 eccl.
575 1908 634 1974 cir.
660 1928 751 1976 caus.
769 1914 849 1973 mot.
875 1910 921 1973 nd
944 1906 1031 1991 §er
1047 1907 1154 1989 edicit,
1180 1907 1219 1971 ad
1242 1913 1373 1973 senten-

193 2031 271 2095 tiam
283 2030 329 2116 (l)
343 2030 566 2115 publicandam
579 2036 701 2098 tantum
716 2034 848 2116 requiri,
862 2040 897 2097 ut
909 2031 1052 2117 partibus
1065 2031 1146 2096 haec
1158 2038 1235 2093 nota
1247 2029 1302 2095 liat
1314 2050 1373 2115 per

194 2155 423 2239 apparitorem,
449 2155 563 2220 relicto
587 2158 633 2221 eis
656 2158 847 2241 exemplari,
865 2156 904 2221 de
924 2158 1014 2221 cuius
1037 2154 1210 2220 traditione
1230 2160 1262 2221 et
1285 2172 1373 2218 rece

194 2279 304 2362 ptione
327 2279 361 2341 in
385 2278 505 2363 scripto
536 2276 614 2343 fides
637 2278 787 2344 facienda
813 2284 874 2344 est.
900 2278 1009 2353 Quare
1036 2279 1272 2373 instructiones
1287 2274 1373 2341 ordi·

195 2407 310 2467 nantes
334 2423 520 2488 processum
542 2404 782 2485 summarium,
800 2406 934 2470 minime
958 2402 1132 2468 deflectunt
1148 2421 1168 2466 a
1182 2408 1290 2467 mente
1307 2400 1374 2467 Cle

196 2525 359 2591 mentisV
383 2528 583 2610 exquirentis
606 2529 708 2613 magis
729 2526 1051 2592 communicationem
1075 2527 1255 2591 sententiae
1278 2526 1374 2611 parti·

194 2646 253 2712 bus
276 2647 467 2721 faciendam,
483 2667 578 2732 quam
603 2651 704 2734 ipsam
727 2667 840 2714 earum
866 2648 1091 2732 praesentiam.

285 2773 360 2838 612.
385 2776 439 2839 Ex
462 2793 537 2857 cap.
563 2776 594 2847 6,
618 2775 673 2840 De
695 2776 899 2867 renunciat,
923 2775 958 2840 X
980 2772 1018 2859 (Ι,
1043 2774 1075 2861 3)
1101 2780 1133 2841 et
1155 2774 1198 2839 16
1229 2775 1259 2837 h.
1286 2779 1305 2838 t.
1330 2775 1371 2842 X.

195 2901 329 2972 eruitur,
351 2901 423 2965 iure
447 2902 607 2967 communi
623 2919 688 2965 nou
713 2903 836 2986 requiri
861 2906 896 2966 ut
918 2902 1080 2966 sententie
1104 2902 1246 2965 rationes
1269 2901 1375 2985 expri-

194 3028 261 3087 mat
286 3022 494 3089 absolutionis
525 3024 579 3089 vel
611 3024 906 3089 condemnationis:
937 3024 1021 3089 idem
1052 3023 1188 3089 obtinuit
1219 3026 1289 3090 iure
1320 3044 1374 3088 ro-

194 3163 298 3216 mano,
312 3164 382 3229 arg.
397 3146 418 3209 l.
431 3146 489 3217 59.
502 3148 549 3229 ff„
562 3146 612 3211 De
622 3166 662 3211 re
674 3146 746 3211 iud.
760 3183 803 3195 -
817 3146 913 3211 Ratio
929 3145 1100 3213 adducitur
1115 3147 1189 3230 quia
1204 3151 1374 3229 «propter

194 3267 429 3333 auctoritatem
452 3268 674 3335 iudiciariam
685 3269 867 3352 praesumi
884 3268 980 3335 debet
1002 3268 1118 3335 omnia
1139 3269 1283 3355 tepitiuze
1293 3288 1373 3352 pro·

193 3394 328 3461 cessisse
345 3420 376 3470 »,
393 3396 439 3459 ita
454 3414 528 3477 cap.
545 3396 588 3459 16
604 3395 635 3460 b.
654 3400 674 3460 t.
689 3396 732 3467 X,
751 3395 854 3460 donec
870 3396 1071 3461 contrarium
1088 3401 1198 3480 partes
1215 3397 1246 3459 iu
1261 3396 1373 3482 appel-

193 3518 312 3585 latione
336 3520 480 3586 doceant.
496 3522 586 3595 Quae
610 3522 693 3587 ratio
718 3522 850 3593 evincit,
875 3522 1066 3589 sententiam
1090 3542 1179 3587 suam
1204 3542 1268 3585 non
1285 3542 1374 3607 repe

193 3646 264 3708 tere
288 3644 353 3708 vim
376 3663 419 3709 ex
442 3645 641 3728 argumentis
664 3642 778 3727 quibus
800 3645 999 3729 proferatur,
1025 3644 1080 3709 sed
1105 3665 1148 3709 ex
1171 3644 1239 3729 ipsa
1261 3643 1373 3708 iudicis

193 3767 404 3843 auctoritate;
429 3772 462 3832 et
477 3768 540 3832 hoc
564 3768 815 3853 exploratissimi
833 3770 912 3834 iuris
937 3772 994 3836 est.
1019 3769 1233 3834 Nihilominus
1249 3768 1371 3833 admitti

194 3891 289 3957 debet
312 3911 383 3958 esse
406 3895 508 3979 magis
531 3894 698 3959 conforme
721 3894 864 3981 legitimo
888 3895 1083 3980 litigantium
1107 3895 1276 3969 desiderio,
1301 3895 1372 3961 dili·

283 4087 324 4159 (l)
342 4089 384 4143 En
402 4090 503 4145 verba:
521 4104 539 4144 c
614 4090 759 4146 Sententia
777 4092 983 4161 subscriptione
1001 4092 1100 4146 iudicis
1119 4096 1148 4147 et
1166 4093 1310 4147 secretarii
1322 4108 1373 4147 nec

193 4206 249 4243 non
267 4190 362 4260 sigillo
381 4192 475 4247 curiae
494 4188 658 4263 episcopalis
676 4194 784 4248 munita
803 4194 930 4263 partibus
954 4194 1009 4249 erit
1027 4194 1194 4249 notificanda
1212 4210 1261 4265 per
1280 4194 1373 4249 curiae

195 4298 391 4367 apparitorem,
410 4298 509 4355 relicto
534 4300 631 4355 iisdem
650 4300 728 4355 illius
747 4302 908 4371 exemplari:
928 4302 960 4357 de
986 4302 1087 4372 quoin
1107 4302 1211 4371 scripto
1232 4302 1300 4357 tides
1318 4303 1372 4357 erit

194 4403 322 4459 facienda
341 4419 365 4461 t).

337 4506 397 4562 Soc.
417 4508 503 4580 Lego.
864 4550 868 4570 ,
1196 4508 1231 4563 38
