3350 5117
312 283 386 370 308ι
837 325 921 373 runs
946 325 967 370 1.

402 451 538 536 Tempus
568 450 769 534 quadriennii
801 456 850 516 est
873 451 959 521 utile,
982 471 1039 515 seu
1069 451 1212 535 legitime
1241 448 1391 534 impedito
1424 469 1488 513 non

311 579 424 641 currit.
449 576 653 662 Quapropter
683 596 755 641 eum
779 581 868 641 aetas
892 577 1050 642 minorum
1083 578 1116 640 in
1148 578 1220 641 iure
1243 575 1404 640 habeatur
1428 595 1487 639 na-

312 699 461 765 turaliter
484 698 634 783 impedita
657 700 797 784 propriis
813 699 936 765 iuribus
959 697 1160 765 sufficienter
1182 697 1319 770 tuendis
1336 689 1398 764 ho'c
1415 719 1491 782 qua-

312 821 493 888 driennium
518 842 576 908 pro
597 822 772 888 minoribus
789 824 900 908 incipit
922 823 1101 889 decurrere
1124 845 1144 888 a
1166 826 1272 909 prima
1287 823 1340 888 die
1355 824 1490 889 maioris

312 947 436 1010 aetatis.
463 945 528 1009 Pro
554 944 708 1010 Ecclesiis
733 965 812 1010 vero
836 945 982 1011 decurrit
1005 965 1025 1010 a
1048 946 1099 1010 die
1122 966 1184 1030 quo
1208 948 1307 1012 laesio
1323 947 1410 1013 faeta
1430 953 1489 1027 est,

314 1075 355 1140 et,
380 1071 406 1134 si
429 1069 540 1150 adfuit,
565 1073 703 1135 cessavit
726 1089 823 1136 eausa
848 1090 930 1155 quae
953 1070 1180 1158 impedimento
1204 1077 1364 1154 eratque
1385 1072 1491 1135 minus

313 1198 481 1279 peteretur
505 1195 537 1258 in
562 1197 722 1280 integrum
747 1198 917 1261 restitutio.
944 1196 1084 1260 Proinde
1108 1197 1285 1276 Ecclesiae,
1306 1197 1333 1259 si
1357 1197 1418 1259 hoc
1442 1195 1490 1258 al-

234 1322 238 1334 '
312 1319 423 1403 legent
450 1318 717 1403 impedimentum,
743 1318 861 1385 debent
883 1319 967 1404 apud
991 1320 1127 1385 iudicem
1156 1321 1218 1384 hoc
1249 1319 1387 1385 dilucide
1414 1339 1490 1404 pro-

313 1444 401 1526 bare,
423 1447 497 1529 quia
520 1465 583 1510 non
607 1449 838 1530 praesumitur;
864 1446 904 1510 ef.
929 1464 1004 1529 cap.
1029 1447 1055 1515 1,
1082 1447 1131 1512 De
1160 1447 1198 1510 ic
1220 1447 1278 1510 int.
1303 1450 1380 1510 rest.
1406 1447 1444 1510 in
1467 1446 1492 1510 6

314 1568 352 1656 (l,
378 1571 442 1657 21),
469 1578 501 1638 et
525 1573 626 1637 Gloss.
653 1575 685 1636 in
719 1573 822 1640 Cleon.
848 1594 905 1638 un.
929 1573 1034 1638 eiued.
1060 1573 1104 1636 tit.
1132 1573 1305 1657 Explicant
1332 1593 1491 1656 quaenam

313 1699 377 1762 sint
399 1696 651 1780 impedimenta,
677 1696 790 1780 quibus
822 1703 954 1782 possunt
984 1697 1120 1762 detineri
1155 1698 1321 1762 Ecclesiae
1353 1698 1393 1762 ab
1426 1698 1491 1764 hoe

314 1820 456 1886 remedio
488 1821 697 1905 implorando,
720 1823 800 1886 haec
830 1821 932 1886 verba
963 1821 1119 1886 Bonisecii
1144 1823 1227 1886 Vlll
1253 1825 1285 1885 in
1316 1841 1390 1904 cap.
1417 1823 1493 1888 eit:

316 1963 334 2007 e
358 1945 424 2010 nisi
443 1945 753 2028 praevaricationis
771 1946 819 2010 eet
834 1945 974 2026 fraudis
988 1944 1191 2027 manifestae
1207 1944 1336 2030 (nempe
1352 1947 1494 2011 rectoris

202 2069 209 2084 '
314 2071 365 2134 vel
382 2070 531 2155 praelati)
543 2068 710 2152 probetur
728 2079 832 2152 super
855 2071 918 2136 hoe
939 2070 1156 2136 intervenisse
1179 2075 1406 2135 commentum
1432 2075 1494 2135 eut

316 2197 386 2261 atio
405 2194 618 2262 rationabilis
641 2214 745 2260 cause
769 2193 872 2261 sunm
888 2213 976 2278 quae
991 2195 1205 2277 uepeetorem
1220 2212 1355 2260 annuere
1370 2193 1493 2260 debent

314 2321 361 2386 od
392 2321 483 2386 idem
515 2321 710 2405 benefiet'um
740 2320 994 2386 concedendum
1018 2341 1048 2384 ›.
1074 2317 1241 2385 Ecclesiae
1272 2321 1358 2385 enim
1391 2323 1494 2406 impe-

316 2444 448 2511 diuntur
480 2464 522 2510 ex
552 2444 670 2508 malitia
701 2448 756 2508 aut
786 2445 982 2530 negligentia
1005 2443 1301 2509 administratorum
1329 2449 1384 2508 aut
1411 2464 1493 2527 qua-

316 2589 453 2652 cumque
477 2569 540 2633 alia
563 2567 602 2632 de
627 2569 760 2648 ratione,
786 2587 845 2652 per
876 2585 969 2651 quam
1002 2567 1096 2632 iidem
1124 2574 1269 2632 rectores
1295 2575 1351 2632 aut
1378 2568 1496 2633 nolunt

317 2699 373 2760 aut
395 2713 495 2780 agere
511 2714 575 2758 non
600 2701 740 2780 possunt.
759 2693 806 2759 Cf.
826 2692 969 2758 llarbosa
993 2696 1025 2757 in
1049 2713 1123 2776 cap.
1149 2695 1164 2757 1
1190 2695 1220 2757 h.
1246 2701 1278 2768 t,
1296 2715 1329 2758 n.
1347 2694 1404 2759 45.

405 2817 481 2882 276.
500 2817 561 2914 Sed
578 2816 767 2882 advertatur
783 2837 847 2880 non
864 2816 934 2879 dari
952 2819 1185 2881 restitutionem
1199 2819 1232 2881 in
1244 2817 1404 2915 integrum
1415 2837 1495 2907 ,⁰9st

317 2951 369 3010 tra
392 2943 514 3027 lapsum
537 2913 971 3034 temporisquadriennaliffi
990 2942 1030 3006 ef.
1050 2913 1143 3007 Reiff.
1156 2921 1192 3006 'u
1211 2946 1246 3011 t..
1264 2964 1297 3008 η.
1316 2942 1380 3023 64,·
1397 2963 1493 3008 secus

315 3072 423 3153 posset
447 3066 576 3152 procedi
601 3070 633 3132 in
658 3065 815 3131 infinitum
840 3074 873 3131 et
896 3065 990 3131 lieret
1013 3067 1198 3132 frustranea
1224 3067 1306 3152 legis
1330 3066 1495 3152 dispositio

314 3187 512 3254 concludens
536 3193 626 3253 certo
650 3195 797 3273 tempore
819 3188 883 3253 hoc
907 3189 1082 3254 remedium
1107 3189 1412 3254 extraordinarium.

405 3313 553 3377 Attamen
579 3313 723 3377 nonnulli
741 3313 906 3379 Doctores,
926 3316 971 3380 uti
992 3311 1285 3399 Schmalzgrueber
1302 3313 1331 3376 h.
1349 3318 1371 3377 t.
1387 3332 1422 3376 n,
1440 3313 1493 3384 41,

313 3435 515 3520 distinguunt
546 3437 630 3500 inter
659 3437 799 3500 minores
822 3443 856 3500 et
886 3437 1051 3502 Ecclesias
1073 3457 1131 3501 seu
1154 3456 1310 3520 personas
1334 3438 1493 3502 minorum

315 3561 385 3624 iure
409 3559 595 3643 gaudentes,
614 3563 646 3623 et
669 3565 839 3626 autumant
860 3559 1037 3624 minoribus
1061 3578 1126 3625 non
1150 3557 1283 3624 concedi
1308 3565 1423 3625 eontra
1444 3561 1494 3624 la-

315 3705 404 3771 psum
421 3687 573 3772 temporis
589 3687 834 3766 restitutionem,
849 3689 924 3770 quia
947 3689 999 3753 isti
1016 3689 1049 3751 in
1065 3694 1171 3754 aetate
1196 3691 1308 3753 maiori
1330 3690 1494 3754 constituti

314 3805 510 3873 sufficienter
526 3807 585 3873 sibi
602 3828 660 3893 per
684 3809 931 3893 quadriennium
947 3808 1076 3895 (nempe
1093 3811 1272 3875 decurrens
1288 3810 1328 3875 ab
1344 3813 1495 3895 incoepta

314 3936 435 3998 maiore
458 3933 577 4019 aetate)
606 3935 776 3999 consulere
801 3942 950 4020 possunt;
981 3933 1115 3999 concedi
1140 3955 1219 3998 vero
1244 3937 1316 4001 aliis
1346 3936 1496 4019 personis

314 4058 498 4130 moralibus,
517 4079 598 4143 qnae
621 4079 681 4144 per
712 4059 991 4125 administratores
1022 4079 1122 4146 agere
1153 4067 1322 4146 coguntur,
1356 4061 1432 4144 quia
1462 4061 1496 4124 in

314 4187 390 4269 ipsis
408 4188 488 4250 ratio
506 4187 641 4270 periculi
658 4191 691 4249 et
708 4185 922 4269 impedimenti
941 4186 1013 4250 fere
1033 4193 1191 4271 perpetua
1215 4194 1272 4250 est.
1290 4221 1335 4252 -,-
1351 4187 1435 4253 Puto
1459 4189 1492 4250 in

315 4309 376 4375 hac
391 4310 528 4372 materia
543 4309 652 4373 verius
676 4329 746 4372 esse
763 4310 961 4374 constituere
977 4311 1132 4395 generale
1149 4311 1360 4395 principium;
1378 4329 1497 4394 nempe

315 4451 379 4498 non
395 4431 528 4497 concedi
539 4433 773 4498 restitutionem
785 4435 818 4496 in
831 4435 993 4518 integrum
1010 4438 1124 4502 contra
1135 4435 1260 4523 lapsum
1272 4434 1494 4522 quadriennii3
