3350 5117
544 319 589 366 DE
613 318 751 366 malcus
775 318 1039 366 accussmsrlcls
1311 297 1378 364 663

291 445 430 512 Fructus
460 445 514 510 alii
546 449 620 510 sunt
649 445 844 517 naturales,
869 444 925 508 alii
948 443 1190 525 inelnslriales3
1212 443 1378 507 naturales

201 570 261 654 pai
284 568 413 634 natarat
431 569 674 653 producuntur
688 569 783 635 nullo
800 573 860 633 aut
878 587 991 652 pareo
1012 566 1157 634 hominis
1181 566 1298 633 labore
1319 566 1378 630 ine·

197 712 316 776 pensa
341 697 376 758 ut
406 693 532 758 fructus
564 692 726 766 arborum,
745 693 852 757 laetus
882 693 1076 757 animalium.
1100 727 1144 742 -
1167 689 1379 756 Industriales

202 821 317 881 contra
339 824 414 882 sunt
436 816 472 882 in
496 816 619 902 quibus
637 817 815 900 praevalet
842 817 939 900 aperi
961 820 1109 881 naturae
1130 813 1302 881 industria
1325 813 1380 878 ho·

202 937 314 1018 minis,
327 938 428 1004 veluti
451 945 591 1026 segetes,
615 935 725 1004 vinum
749 944 781 1004 et
808 939 981 1024 praecipue
1004 938 1175 1022 pensiones
1201 936 1378 1008 domorum,

203 1081 367 1135 curruum,
392 1063 446 1146 qui
469 1063 574 1129 solent
595 1063 657 1128 dici
681 1063 777 1127 etiam
798 1061 934 1143 fractas
957 1062 1078 1127 ciuiles.

293 1187 431 1253 Fructus
456 1188 506 1252 isti
525 1190 679 1272 percepti
693 1193 750 1253 aut
768 1207 833 1252 non
852 1187 1007 1270 percepti
1022 1207 1079 1252 seu
1091 1186 1277 1268 pendentes
1295 1189 1378 1265 sunt,

203 1310 310 1392 prouti
334 1329 441 1394 opera
472 1311 610 1377 hominis
645 1313 773 1378 collecti
809 1317 901 1394 sunt,
933 1319 988 1379 aut
1016 1331 1092 1374 non.
1126 1310 1277 1395 Percepti
1300 1327 1379 1373 vero

203 1436 278 1496 sunt
302 1438 464 1507 calantes,
482 1433 509 1500 si
533 1454 598 1498 non
614 1435 764 1500 conversi
788 1435 909 1498 sintin
932 1453 1039 1507 usum;
1059 1452 1124 1497 non
1147 1436 1301 1497 certantes
1323 1451 1380 1496 seu

203 1559 395 1640 consumpti
421 1559 448 1622 si
472 1560 590 1624 iamin
615 1580 706 1625 usum
730 1560 880 1625 conversi
912 1560 985 1624 sint.
1017 1557 1080 1624 Sed
1103 1560 1166 1621 iam
1189 1555 1381 1637 consumpti

203 1677 355 1744 dicuntur
370 1683 625 1766 aequivalenter
639 1688 803 1764 calantes,
820 1684 846 1746 si
864 1702 907 1748 ex
931 1681 1173 1765 consumptione
1192 1681 1263 1763 quis
1285 1678 1381 1743 ditior

204 1805 360 1876 evaserit,
385 1805 491 1870 sensi
523 1807 750 1889 patrimonium
782 1807 936 1871 auxerint
959 1805 1193 1880 consumentis;
1218 1822 1311 1868 secus
1333 1802 1381 1866 di-

204 1931 323 1990 cuntur
347 1945 408 1992 nec
431 1927 685 2012 aequivalenter
707 1933 870 1994 calantes.

295 2053 371 2119 697.
397 2056 569 2121 Possessor
592 2077 632 2120 m.
649 2055 673 2119 f.
694 2058 739 2121 uti
763 2055 862 2120 habet
884 2073 960 2139 cap.
976 2057 1014 2120 11
1035 2055 1086 2121 De
1107 2060 1185 2121 rest.
1200 2055 1334 2138 spoliat.
1350 2054 1384 2117 X

204 2180 260 2262 (ΙΙ,
288 2181 341 2268 13)
366 2183 538 2248 restituere
564 2182 659 2248 debet
681 2203 750 2248 rem
774 2188 808 2248 et
831 2202 941 2248 omnes
967 2182 1094 2249 fructus
1118 2201 1227 2248 ‹nan
1251 2185 1381 2245 tanturn

203 2304 339 2387 fractas
361 2324 382 2370 a
405 2323 492 2372 navo
516 2311 546 2371 et
569 2305 712 2372 violento
732 2324 930 2389 possessore
949 2310 1137 2388 perceptos,
1156 2303 1217 2370 sed
1239 2321 1325 2387 qaas
1339 2301 1382 2387 (si

204 2432 252 2496 eis
263 2431 440 2514 possidere
453 2431 575 2514 fnisset
589 2432 731 2514 licitam)
743 2450 959 2516 possessores
974 2438 1101 2498 veteres
1107 2430 1339 2514 percepissent
1351 2451 1381 2492 a.

205 2554 308 2621 Dubia
330 2567 409 2621 vero
433 2576 516 2641 quae
541 2558 734 2622 exoriuntur
753 2559 785 2621 in
809 2555 1018 2622 aestimandis
1039 2555 1198 2621 fructibus
1220 2557 1382 2640 perceptis

204 2679 256 2742 vel
272 2698 348 2760 non,
366 2685 398 2744 et
413 2679 517 2764 quoad
539 2680 820 2766 percipiendorum
846 2681 1056 2751 taxationem,
1070 2679 1278 2744 resolvuntur
1291 2681 1383 2744 iuxta

205 2809 302 2888 caput
325 2803 381 2870 ult.
407 2803 457 2868 De
486 2804 527 2870 iis
550 2824 639 2889 qaae
661 2805 695 2870 oi
717 2810 868 2870 metasse
892 2823 997 2870 caena
1018 2804 1106 2888 fiant
1123 2803 1159 2868 X
1179 2803 1222 2889 (l.
1240 2802 1296 2890 40)
1320 2823 1382 2887 quo

204 2905 359 2992 statuitur
382 2928 596 2993 iuramentum
620 2928 891 2994 aestimatoriarn
914 2928 951 2993 in
975 2929 1076 2995 litem.

295 3051 370 3117 698.
396 3051 521 3117 Verum
545 3052 694 3120 accidere
718 3059 823 3138 potest
849 3059 883 3120 ut
905 3073 1070 3139 possessor
1093 3055 1141 3118 rei
1164 3054 1383 3121 restituendae

206 3178 312 3262 impar
336 3177 386 3250 sit,
408 3175 459 3239 vel
483 3176 557 3259 quia
580 3175 687 3242 amisit
710 3176 865 3249 eamdem,
882 3177 936 3242 vel
959 3179 1033 3261 quia
1055 3177 1120 3242 alia
1143 3176 1183 3242 de
1205 3197 1304 3243 causa
1326 3177 1384 3242 do·

206 3299 293 3362 mino
316 3298 506 3364 satisfacere
529 3319 594 3364 non
619 3300 741 3365 valeat.
766 3302 872 3386 prouti
906 3301 1023 3366 accidit
1046 3301 1181 3368 Oveten.
1205 3303 1381 3388 Episcopo,

205 3438 248 3484 ex
272 3438 347 3504 cap.
363 3420 406 3484 16
428 3420 478 3486 De
500 3427 578 3486 rest.
599 3421 683 3504 spat.
700 3421 735 3486 X
753 3423 805 3505 qui
829 3423 957 3487 actione
979 3423 1176 3507 possessoris
1193 3421 1383 3488 ‹Redinte-

204 3546 343 3631 pranda
362 3567 381 3606 s
407 3545 605 3631 compulsus,
631 3549 804 3612 restituere
835 3545 973 3612 debebat
1002 3547 1127 3613 fructus
1157 3552 1327 3633 perceptos
1350 3548 1384 3611 in

206 3668 343 3751 quadam
379 3676 471 3754 parte
506 3669 661 3738 dioecesis
691 3671 857 3735 Zamaren.
891 3671 924 3734 in
960 3671 1117 3756 Hispania
1145 3671 1262 3736 iniuste
1292 3690 1384 3736 occu-

205 3795 297 3876 pata;
314 3792 398 3874 quod
414 3798 523 3859 tamen
546 3791 708 3878 perficere
730 3793 871 3878 negabat
886 3794 1073 3880 Episcopus,
1090 3796 1164 3878 quia
1185 3795 1253 3879 ipse
1269 3814 1384 3879 reapse

206 3912 332 3976 fructus
352 3932 394 3976 ex
409 3911 449 3977 iis
464 3911 606 3998 praediis
628 3912 770 3979 nondum
786 3920 991 3999 perceperat.
1016 3916 1223 3981 Innocentius
1238 3915 1287 3978 lll
1305 3934 1382 3978 con-

206 4037 306 4103 sultus
337 4037 502 4124 respondit
524 4037 593 4124 (ibi)
613 4039 773 4105 «Verum
806 4043 957 4124 quoniam
982 4042 1087 4106 inanis
1109 4046 1159 4106 est
1181 4041 1265 4106 actio
1288 4060 1383 4124 quam

205 4165 313 4249 inopia
336 4164 489 4230 debitoris
517 4165 677 4246 excludit,
702 4165 890 4231 mandamus
921 4171 1079 4250 quatenus
1103 4185 1168 4231 non
1191 4167 1282 4250 prius
1305 4166 1382 4251 Epi·

205 4307 336 4373 scopum
353 4289 394 4354 ad
410 4291 642 4355 restitutionem
663 4289 827 4356 fructuum
852 4273 1054 4376 compellatis
1076 4310 1171 4376 quam
1195 4291 1263 4376 ipse
1287 4290 1384 4356 fuerit

205 4410 316 4476 taliter
339 4412 516 4494 restitutus,
534 4417 568 4478 ut
583 4413 757 4478 restituere
780 4413 881 4498 possit
906 4413 991 4497 quod
1013 4414 1160 4500 percepit
1182 4413 1222 4478 de
1248 4432 1384 4500 proven-
