3350 5117
541 314 584 360 na
609 313 748 362 [numus
771 312 1036 360 accessissemus
1312 294 1379 361 665

200 439 271 520 ptos
302 436 451 500 restituet
481 452 524 498 ex
548 435 568 498 l.
586 433 618 508 4,
643 435 664 517 5
687 433 723 506 2.
748 433 824 500 Fiat.
848 451 920 520 rep.
945 438 979 498 et
1005 454 1046 498 ex
1070 433 1169 508 122,
1197 433 1231 499 C.
1255 433 1305 499 De
1327 433 1379 499 rei

200 558 291 625 aina
318 559 582 624 Communissima
604 559 687 624 haec
710 563 759 623 est
782 559 943 626 sententia
965 560 1045 624 iuris
1068 560 1128 623 civ.
1155 560 1376 642 interpretum.

201 681 400 747 Contradicit
422 681 532 748 Abbas
555 685 587 747 iu
611 702 687 767 cap.
711 683 746 755 2,
773 684 821 748 De
845 689 924 750 rest.
951 685 1036 769 spol.
1060 684 1097 748 in
1116 685 1159 757 6,
1184 689 1218 749 et
1242 679 1378 749 Reiffeu-

200 805 284 872 stuel
307 807 380 874 eod.
406 807 452 872 nt.
472 827 505 873 η.
527 808 594 873 149
616 810 690 892 quia
713 827 776 892 qua
800 809 896 874 ditior
919 809 1027 875 evadit
1048 830 1214 895 possessor
1236 809 1266 874 b.
1290 810 1312 874 f.
1338 809 1377 875 ob

200 929 364 996 fructuum
380 931 663 1016 consumptionem,
682 950 723 996 ex
748 951 784 997 re
807 930 914 996 aliena
936 951 1009 997 cum
1032 931 1139 996 aliena
1161 935 1287 998 iactura
1302 932 1377 999 dite·

200 1054 270 1134 scit,
295 1052 355 1119 nisi
379 1054 536 1127 restituat,
561 1053 644 1136 quod
666 1058 717 1120 est
739 1053 802 1118 iuri
824 1059 962 1119 naturae
985 1057 1193 1120 contrarium.

290 1178 334 1243 At
357 1176 566 1243 nihilomiuus
589 1182 735 1244 tenemus
758 1198 976 1263 possessorem
999 1179 1028 1244 b.
1047 1180 1068 1244 f.
1084 1199 1149 1246 nou
1173 1179 1291 1245 debere
1315 1180 1378 1245 fru-

201 1308 273 1369 ctus
295 1303 325 1368 b.
342 1304 364 1368 f.
390 1309 560 1389 perceptos
583 1309 617 1370 et
639 1309 844 1390 consumptos
867 1307 1050 1372 restituere.
1076 1305 1125 1371 Re
1148 1306 1275 1390 quidem
1299 1326 1379 1371 vera

200 1450 265 1496 nou
280 1431 335 1497 hic
358 1433 466 1517 agitur
489 1431 529 1496 de
545 1433 616 1496 iure
635 1431 776 1497 naturali
799 1432 1053 1516 interpretando
1070 1453 1128 1498 seu
1152 1431 1191 1498 de
1207 1434 1287 1498 iuris
1300 1453 1377 1499 con·

200 1554 353 1620 stituendi
383 1554 604 1641 philosophia,
629 1556 685 1622 sed
708 1559 853 1641 quaestio
883 1562 933 1624 est
963 1557 1002 1622 de
1025 1557 1097 1623 iure
1119 1559 1264 1643 positivo.
1293 1558 1377 1622 Iam·

199 1699 279 1744 raro
307 1681 347 1745 de
377 1681 448 1744 iure
482 1681 616 1766 positivo
647 1701 780 1744 romano
812 1701 855 1746 ex
885 1681 948 1768 leq.
982 1681 1035 1746 cit.
1064 1682 1156 1746 iuxta
1186 1681 1377 1746 sententiam

201 1802 433 1888 interpretibus
464 1802 659 1869 doctioribus
689 1822 909 1877 communem,
941 1801 1123 1870 huiusmodi
1154 1804 1279 1869 fructus
1305 1825 1377 1890 pos-

201 1946 309 2008 sessor
331 1926 361 1992 b.
387 1927 408 1992 f.
431 1947 504 1993 suos
529 1928 605 1994 lacit
629 1929 720 2011 quasi
742 1928 899 2009 dominus,
923 1948 965 1993 ne
987 1948 1070 2013 pene
1093 1926 1238 1994 infinitae
1261 1930 1378 1996 instau-

201 2056 354 2116 rarentur
377 2051 450 2116 lites
473 2051 514 2116 ad
537 2051 812 2118 determinandam
837 2053 1023 2137 qualitatem
1047 2058 1080 2117 et
1101 2053 1264 2119 fructuum
1280 2073 1378 2136 quau-

200 2178 324 2241 titatem
356 2196 422 2241 non
453 2177 658 2242 existentium
689 2179 749 2242 nisi
774 2176 989 2261 aequivalenti
1012 2176 1119 2251 modo,
1143 2177 1223 2242 adeo
1248 2184 1283 2243 ut
1305 2185 1376 2263 post

200 2305 248 2368 tot
263 2300 502 2366 vicissitudines
518 2301 646 2367 illorum
662 2303 841 2367 aestimatio
860 2323 938 2368 saue
955 2301 1141 2368 difficillima
1155 2307 1250 2368 esset.
1268 2301 1378 2377 Quare

201 2424 240 2489 ad
258 2422 417 2489 tollendas
434 2425 613 2488 animorum
628 2425 810 2491 anxietates
827 2426 946 2510 optimo
962 2444 1041 2490 sane
1058 2427 1129 2490 iure
1146 2427 1194 2491 ius
1210 2427 1378 2510 positivum

200 2551 263 2615 hoc
287 2550 415 2623 statuit,
440 2548 600 2635 derogans
631 2550 691 2614 iuri
723 2549 862 2616 naturali
887 2551 1097 2616 restitutionis
1120 2549 1159 2615 ob
1182 2549 1300 2614 bonum
1324 2571 1377 2636 pu·

200 2674 328 2741 blisum.
353 2675 397 2742 Et
419 2674 483 2740 hoc
514 2675 584 2738 iure
608 2675 785 2758 meritoque
809 2675 984 2760 perfecisse
1013 2675 1062 2740 ius
1090 2677 1259 2761 positivum
1282 2695 1377 2740 nemo

200 2798 325 2866 inficias
340 2800 398 2865 ibit
413 2801 466 2883 qui
490 2799 636 2864 admittat
658 2800 817 2886 legitimas
840 2819 914 2864 esse
937 2799 1093 2867 bonorum
1122 2802 1332 2886 usucapiones
1346 2805 1380 2866 et

201 2926 473 3010 praescriptiones
496 2927 602 2990 aiure
625 2926 763 3010 positivo
783 2927 990 3001 constitutam
1007 2926 1090 3011 quod
1113 2925 1252 3013 denegat
1274 2945 1376 2989 nemo.

292 3051 359 3115 Imo
376 3051 425 3114 ius
441 3051 629 3116 canonicum
643 3052 776 3136 cupiens
790 3049 892 3115 bonos
908 3052 997 3118 cives
1012 3050 1227 3117 anxietatibus
1242 3071 1307 3116 nou
1323 3051 1378 3114 im-

145 3183 146 3186 ’
199 3172 314 3257 plicari
331 3179 364 3238 et
380 3174 453 3238 foro
470 3175 598 3239 interno
614 3194 673 3259 per
689 3175 849 3261 legitimas
864 3176 927 3240 fori
944 3177 1071 3241 externi
1092 3177 1182 3262 leges
1196 3176 1377 3257 consulere,

201 3296 321 3364 luctam
345 3299 509 3364 internum
533 3301 619 3364 inter
635 3305 667 3364 et
683 3306 855 3366 externum
878 3302 994 3375 lorum,
1011 3307 1164 3384 quantum
1181 3299 1252 3366 fleri
1274 3306 1379 3387 potest

202 3421 387 3507 impediens,
404 3423 500 3489 etiam
516 3443 576 3508 pro
593 3425 665 3489 loro
689 3426 907 3490 conscientiae
931 3445 996 3492 non
1019 3423 1210 3510 dedignatur
1232 3424 1293 3490 has
1315 3445 1378 3488 am-

200 3546 298 3632 plecti
314 3547 423 3634 legum
437 3547 666 3635 dispositiones,
681 3551 785 3634 prouti
803 3570 868 3615 non
881 3551 975 3616 reicit
989 3552 1148 3636 largiores
1164 3569 1288 3636 quoque
1305 3570 1377 3616 con·

201 3671 366 3736 cessiones
382 3673 485 3738 lactas
500 3675 674 3759 possessori
691 3673 721 3738 b.
735 3675 756 3738 s.
772 3677 804 3739 iu
822 3675 895 3742 cod.
909 3677 969 3742 civ.
982 3675 1111 3742 Gallico
1127 3677 1288 3761 ortale
1300 3678 1376 3742 liat.

200 3813 233 3859 a.
253 3794 276 3858 7
279 3793 330 3861 03
350 3802 382 3862 et
398 3797 578 3865 Austriaco
594 3819 626 3864 a.
644 3798 728 3874 300,
746 3801 799 3883 qui
816 3801 1007 3884 permittunt
1028 3801 1131 3868 eidem
1147 3803 1291 3869 retinere
1312 3803 1378 3868 lru-

202 3924 273 3984 ctus
288 3926 459 4007 perceptos
474 3921 503 3986 b.
521 3922 543 3986 f.
559 3921 665 3988 adhuc
681 3927 838 3988 extames.
858 3923 906 3989 ef.
924 3921 1116 3991 d'Annibale
1129 3929 1175 4002 ll,
1193 3947 1226 3992 n.
1240 3928 1306 3992 241
1320 3925 1376 4014 (l).

201 4044 243 4107 Et
266 4043 348 4110 haec
371 4065 430 4131 pro
453 4048 548 4132 praxi
572 4051 640 4112 tuta
663 4049 823 4112 sententia
846 4054 904 4115 est.

289 4219 329 4290 (1)
348 4221 387 4275 At
410 4222 571 4277 moralistae
593 4225 778 4278 communiter
803 4226 972 4279 contrariam
997 4231 1095 4282 teuent
1117 4227 1294 4294 seutentiam,
1311 4231 1378 4300 quia

200 4340 256 4378 uon
269 4327 413 4394 patiuntur
425 4343 507 4399 quem
520 4343 600 4398 posse
612 4329 673 4384 fieri
686 4328 815 4385 ditiorem
828 4329 922 4387 aliena
934 4331 1051 4400 iactura,
1061 4335 1095 4388 cs.
1106 4333 1264 4389 Lehmkuhl
1282 4335 1378 4401 Ι,948

199 4435 230 4486 et
247 4430 381 4487 Ballerini
405 4435 480 4489 Tem.
501 4433 556 4500 ΙΙΙ,
574 4435 639 4488 221.
