3350 5117
526 325 571 372 00
594 326 733 374 morans
756 325 1023 376 sccunsmsrrcrs
1272 342 1275 350 ·
1298 309 1367 377 275

275 448 403 514 Verum
430 448 574 514 remedia
595 449 639 515 cie
660 468 747 516 noro
776 469 879 533 opere
908 451 1061 516 nunciato
1084 450 1136 516 vel
1167 447 1207 518 de
1234 451 1362 518 damno

183 570 311 654 infecto
334 572 398 636 hoo
420 573 587 658 proprium
610 573 740 646 habeut,
761 580 797 639 ut
819 573 885 640 sint
908 575 1093 640 necessmio
1109 575 1300 640 accessoria
1321 575 1367 640 iu·

183 696 271 762 dicio
292 699 444 784 petitorio
467 700 520 764 cui
542 703 677 785 praevia
691 705 775 772 sunt,
788 700 927 766 interim
943 697 1148 766 defendendo
1165 705 1283 768 statum
1298 721 1370 788 pos·

182 824 339 890 sessionis
353 826 532 910 pacificum,
549 831 581 890 et
604 828 638 889 in
662 827 725 892 hoc
746 825 1011 892 discriminantur
1025 825 1066 891 ab
1085 827 1157 892 aliis
1175 825 1368 898 actionibus,

183 968 270 1032 quae
292 950 390 1014 etiarn
413 949 563 1016 absolute
586 951 766 1016 decernunt
789 951 829 1016 de
854 971 952 1017 causa
970 953 1187 1036 possessionis.

277 1069 355 1136 239.
379 1073 458 1138 Cum
480 1073 592 1158 primis
606 1094 735 1141 nouum
758 1094 845 1158 opus
860 1075 953 1161 large
979 1074 1180 1160 intelligitur,
1198 1075 1245 1140 uti
1268 1075 1370 1160 signi-

184 1195 265 1263 ficat
287 1198 443 1284 Ulpianus
465 1203 498 1267 in
522 1203 543 1266 t.
567 1203 595 1277 1,
619 1203 641 1284 ἓ
664 1203 701 1266 11
724 1203 899 1286 1011100
920 1200 1012 1284 Opus
1036 1221 1162 1268 nouum
1184 1200 1301 1284 facem
1323 1201 1370 1267 ai·

183 1322 290 1388 detur
312 1323 373 1408 qui
394 1329 456 1389 aut
476 1323 689 1410 aedificando
712 1329 774 1388 aut
791 1323 1002 1388 detrahendo
1018 1323 1160 1408 aliquid,
1180 1323 1368 1408 pristinam

182 1447 315 1528 faciem
337 1448 450 1530 opetis
472 1454 581 1514 mutat
596 1471 627 1513 1.
652 1448 762 1524 Quare
786 1450 858 1514 iure
881 1469 953 1515 can.
971 1449 1192 1534 quodcumque
1212 1471 1291 1536 opus
1313 1456 1371 1518 aut

187 1572 276 1656 pium
301 1572 479 1636 institutum
503 1572 660 1646 conditur,
685 1579 742 1639 aut
764 1594 783 1638 e
806 1573 943 1658 pristino
966 1579 1052 1639 statu
1074 1578 1227 1655 mutatur,
1252 1573 1370 1640 dicitur

183 1715 277 1779 opus
298 1717 435 1778 nonum,
459 1717 529 1784 arg.
553 1719 581 1764 0.
606 1719 634 1766 0.
657 1699 685 1773 1,
708 1699 744 1773 2,
769 1698 803 1770 3,
829 1699 860 1762 h.
886 1703 907 1763 t.

281 1826 320 1890 lu
343 1824 415 1889 foro
438 1844 509 1890 cau.
533 1826 698 1891 nunciatio
722 1825 797 1889 novi
821 1825 929 1908 operis
945 1823 1095 1888 usuvenit
1110 1821 1313 1907 frequentior
1335 1823 1368 1888 in

187 1951 268 2016 facti
298 1951 407 2033 specie
433 1951 553 2034 eapitis
575 1953 602 2024 1,
620 1952 651 2015 h.
670 1956 691 2015 1.
707 1951 743 2016 X
765 1951 821 2031 (V,
847 1949 912 2033 32).
940 1948 1138 2014 Vertebatur
1161 1969 1259 2014 causa
1282 1950 1369 2018 inter

186 2072 334 2155 priorem
356 2071 387 2138 S.
405 2071 559 2157 Cypriani
584 2078 615 2137 et
638 2071 775 2136 clericos
799 2071 838 2136 de
858 2071 994 2157 Rodigio
1017 2092 1116 2158 super
1131 2069 1272 2156 Capella,
1286 2091 1369 2156 quae

186 2199 223 2260 in
247 2197 477 2282 praeiudicium
502 2196 698 2281 baptismalis
723 2197 892 2263 Ecclesiae
916 2197 956 2264 do
980 2199 1075 2264 Costa
1101 2199 1140 2264 ab
1165 2198 1285 2265 eisdem
1308 2199 1372 2266 cle·

189 2320 268 2384 ricis
283 2324 332 2383 est
348 2324 508 2382 extranta.
527 2319 681 2383 Pontifex
704 2319 823 2384 Lucius
841 2319 890 2384 lll
916 2319 1030 2385 edixit:
1057 2319 1272 2406 ‹ditipenter
1295 2340 1370 2387 con·

182 2445 347 2510 stainans
370 2445 462 2528 quod
481 2450 559 2527 post
582 2445 880 2511 denunciationem
896 2444 976 2510 noui
994 2445 1108 2526 aperis
1123 2445 1192 2510 siae
1208 2445 1284 2512 iure
1299 2445 1369 2511 siue

188 2571 321 2636 iniuria
348 2570 481 2655 aliquid
509 2577 738 2647 constrantur,
763 2571 930 2657 tepalibus
953 2569 1050 2637 dedet
1078 2570 1368 2638 constitutionibus

184 2692 350 2759 demoliri
356 2713 370 2775 ,·
393 2699 424 2759 et
446 2693 529 2778 quia
544 2693 642 2758 nulla
658 2694 810 2760 Ecclesia
833 2693 871 2758 in
890 2693 1146 2777 praeiudicium
1165 2699 1213 2761 est
1229 2695 1371 2762 ulterius

185 2819 428 2889 consumenda.
452 2819 626 2906 nepotiana
647 2820 762 2902 ipsum
787 2819 976 2885 secundum
1009 2821 1121 2906 tepurn
1145 2825 1176 2886 et
1199 2839 1371 2888 canonum

184 2945 319 3006 statuta
340 2961 411 3008 non
433 2941 574 3026 differas
598 2941 785 3007 terminare
803 2961 834 3007 s.

279 3067 356 3132 240.
381 3067 718 3154 Qummniatione
740 3065 781 3131 ab
804 3087 843 3131 eo
867 3069 919 3151 qui
945 3067 1095 3132 damnum
1120 3069 1287 3154 persentit,
1314 3089 1371 3134 ae·

188 3186 339 3286 0111100101
367 3190 421 3253 vel
451 3190 560 3275 operis
589 3191 754 3282 institutor
780 3169 911 3255 cessare
938 3189 1034 3258 debet
1060 3192 1101 3257 ab
1132 3213 1241 3278 opere,
1269 3193 1314 3257 ita
1336 3197 1372 3272 ut

186 3308 344 3394 quidquid
365 3316 437 3396 post
459 3313 698 3377 nunciationem
722 3313 798 3378 iure
821 3318 878 3377 aut
899 3312 1030 3378 iniuria
1053 3313 1174 3380 iactum
1190 3317 1242 3387 sit,
1258 3314 1373 3380 debeat

186 3408 260 3503 eius
284 3437 435 3522 expensis
458 3438 491 3501 iu
514 3438 684 3522 pristinum
717 3439 842 3507 restitui
875 3459 917 3504 ex
939 3439 1117 3504 interdicto
1148 3437 1370 3507 elementario.

191 3560 365 3646 Excipitur
392 3580 486 3626 casus
508 3581 570 3647 quo
594 3564 721 3627 notoria
743 3565 785 3628 sit
807 3563 964 3636 iniustitia
996 3564 1221 3635 nunciationis,
1247 3565 1372 3630 scilicet

190 3684 353 3748 notorium
369 3685 409 3748 sit
431 3684 481 3750 ius
497 3705 615 3748 novum
631 3705 710 3769 opus
726 3687 960 3770 prosequentis.
978 3721 1023 3732 -
1039 3685 1117 3750 Post
1133 3686 1371 3752 nunciationem

191 3806 311 3871 factam
324 3812 357 3872 et
369 3807 443 3873 inde
455 3810 658 3894 impetratam
670 3811 745 3873 novi
758 3810 865 3894 operis
878 3811 1129 3895 suspensionem,
1139 3809 1373 3876 deveniendum

190 3935 243 3994 est
264 3929 305 3994 ad
327 3929 479 3996 iudicium
510 3933 704 4017 petitorium,
729 3952 792 4016 quo
824 3934 992 4036 quaeritur
1015 3953 1057 3998 an
1081 3935 1157 4000 novi
1187 3935 1295 4021 operis
1317 3935 1375 4000 im-

192 4051 343 4138 pediendi
366 4055 415 4120 ius
438 4063 564 4121 constet
586 4058 766 4122 nuncianti.

282 4177 434 4272 Quiper
442 4182 727 4272 [enunciationem
751 4181 810 4246 sibi
835 4181 955 4248 1001010
979 4182 1020 4248 ab
1045 4203 1144 4272 opere
1167 4204 1297 4251 cessare
1321 4185 1375 4252 de·

193 4299 605 4396 100010000000010011
622 4302 743 4370 offerre
760 4305 953 4373 cautionem
969 4307 1011 4374 de
1031 4327 1134 4393 opere
1149 4309 1373 4387 demoliendo,

191 4426 330 4530 0000110
340 4446 393 4518 ,00-
408 4428 526 4494 iudicio
549 4431 697 4514 petitorio
721 4433 904 4498 constiterit
927 4432 967 4498 de
991 4433 1062 4499 iure
1086 4435 1311 4503 denunciantis
1333 4435 1374 4504 ad
1461 4457 1464 4466 ·
