3350 5117
531 316 574 362 os
598 314 739 363 marcus
763 314 1028 362 acccusrasrrors
1304 297 1371 364 395

281 434 377 504 Ratio
393 439 509 505 harum
526 442 713 527 regularum
736 440 769 505 in
793 446 906 525 aperto
930 445 987 505 est.
1013 442 1094 507 Nam
1110 442 1218 505 omnia
1240 443 1370 527 quaein

191 566 310 632 iudicio
325 573 536 653 peraguntur,
550 567 743 633 ordinantur
759 567 798 632 ad
815 569 1006 633 senteutiam
1019 568 1238 654 definitivam.
1256 568 1372 643 Quam·

190 693 303 759 obrem
334 714 451 759 causae
481 694 658 760 incidentes
689 692 770 757 adeo
802 700 1051 780 cognoscuntur,
1082 714 1141 760 seu
1165 692 1370 768 definiuntur,

192 816 268 901 quia
292 805 404 881 earum
428 816 569 902 cognitio
593 814 729 881 inservit
752 816 883 901 negotio
906 815 1136 901 principaliori.
1155 817 1240 881 Hinc
1259 836 1371 881 earum

195 944 337 1029 cognitio
352 942 587 1029 praemittenda
604 946 654 1008 est
676 944 857 1010 sententiae
873 940 1073 1018 definitivae;
1089 945 1175 1008 inter
1194 944 1371 1009 incidentes

193 1088 275 1133 vero
300 1088 350 1138 ea.
375 1070 568 1155 respective,
592 1072 689 1133 antea
709 1074 758 1135 est
781 1069 1015 1153 cognoscenda,
1040 1071 1130 1134 cuius
1154 1067 1296 1135 delinitio
1317 1070 1372 1135 alii

194 1194 372 1261 definitioni
394 1196 481 1261 viam
505 1197 698 1263 sternitlta
721 1198 753 1261 in
779 1216 876 1262 causa
898 1195 1087 1261 hereditatis
1110 1198 1253 1280 quaestio
1271 1216 1373 1281 prae·

191 1318 374 1393 iudicialis
396 1337 437 1383 an
461 1319 575 1402 aliquis
599 1338 770 1403 personam
794 1323 889 1404 gerat
911 1317 1051 1390 heredis,
1068 1319 1138 1383 aliis
1160 1320 1294 1403 praevia
1313 1325 1370 1384 est.

193 1443 346 1518 Quaestio
363 1441 518 1524 incidens,
535 1463 577 1507 an
600 1444 707 1527 aliqua
730 1463 784 1509 res
807 1444 967 1528 pertineat
990 1442 1172 1525 hereditati,
1189 1441 1372 1508 definienda

191 1572 242 1632 est
272 1570 349 1631 ante
377 1566 569 1632 sententiam
589 1564 796 1647 definitivam,
821 1585 884 1649 qua
907 1586 960 1631 res
983 1565 1209 1647 hereditariae,
1233 1566 1273 1631 ab
1300 1567 1372 1631 aliis

192 1708 258 1753 non
282 1687 489 1753 hereditariis
513 1688 681 1759 discretae.
707 1687 820 1753 heredi
844 1686 1074 1752 adiudicandae
1097 1692 1180 1753 sunt.

287 1811 333 1875 De
357 1809 450 1874 modo
475 1808 689 1895 cognoscendi
713 1809 927 1893 acceptiones
952 1810 1204 1893 peremptorias
1227 1808 1372 1875 decernit

193 1954 269 2018 cap.
286 1935 304 1999 1
321 1934 352 1999 h.
371 1940 391 1998 t.
409 1953 472 2018 quo
495 1935 604 2019 agitur
627 1932 666 1997 de
689 1953 793 1998 uxore
815 1938 983 2018 repetente
1006 1934 1122 2014 virum,
1140 1934 1192 2017 qui
1216 1932 1373 1999 adversus

192 2058 339 2124 eamdem
364 2057 547 2144 excipiebat
577 2060 774 2141 conceptione
796 2058 1032 2142 perernptoria
1054 2056 1269 2141 impedimenti
1293 2076 1371 2123 cou-

190 2185 418 2270 sanguinitatis
441 2183 481 2249 ad
504 2182 682 2250 docendum
700 2184 828 2249 ,nullum
854 2204 924 2249 esse
948 2184 1194 2249 matrimonium.
1218 2184 1371 2250 Pontifex

191 2311 293 2377 Glem.
318 2310 369 2375 Ill
393 2309 557 2375 decernit:
584 2331 601 2373 e
624 2307 708 2376 Cam
732 2309 929 2392 eaceptione
939 2308 1089 2391 pnohma
1111 2310 1261 2393 quaestio
1275 2310 1372 2391 prin·

192 2434 316 2517 cipalis
336 2434 541 2516 perimatur,
567 2440 646 2500 ante
668 2440 715 2501 est
739 2432 1006 2520 capnoscendam
1031 2434 1073 2499 cte
1093 2434 1169 2516 ipsa
1197 2433 1372 2517 qaam-act

195 2558 404 2643 definitionis
419 2556 603 2623 articulum
622 2557 843 2641 procedatur,
861 2576 928 2641 qao
946 2556 1037 2639 sacto
1053 2556 1166 2621 airam
1181 2554 1225 2621 ab
1240 2556 1370 2637 impeti-

192 2686 283 2752 tione
307 2685 461 2750 mntieris
485 2681 601 2769 (preat
624 2683 794 2767 eaposait)
819 2683 975 2749 absolvas
991 2705 1020 2746 ›.

282 2807 359 2873 358.
385 2806 568 2892 Aliquando
593 2807 704 2872 iudicis
727 2807 977 2891 incompetentia
999 2807 1103 2870 obstat
1125 2807 1292 2889 quominus
1324 2806 1371 2868 iu·

191 2928 258 2993 dex
281 2930 350 3015 ipse
373 2935 548 3015 cognoscat
562 2930 764 2996 incidentem
788 2930 1018 3013 quaestionem,
1035 2946 1144 3013 qaare
1167 2926 1307 2993 definitio
1328 2929 1373 2990 iu·

192 3057 330 3123 sidentis
353 3076 471 3122 causae
495 3055 687 3121 remittenda
710 3056 821 3121 estad
846 3057 1011 3141 proprium
1035 3055 1181 3127 iudicem,
1206 3056 1310 3140 prouti
1329 3056 1372 3118 iu-

195 3181 275 3248 bent
297 3201 324 3246 e.
350 3202 377 3247 c.
398 3178 423 3245 3
447 3179 476 3243 h.
503 3184 523 3245 t.
548 3180 582 3244 X
603 3183 636 3242 et
659 3180 693 3258 5,
721 3178 782 3249 Qui
805 3178 868 3263 filii
890 3177 957 3243 sint
979 3178 1128 3263 tepitirni,
1152 3178 1186 3241 X
1207 3177 1279 3261 (IV,
1307 3177 1370 3260 17).

282 3304 358 3370 359.
391 3305 575 3369 Sententiae
604 3322 718 3369 causas
748 3299 1139 3367 incidentesdeiinientes
1168 3301 1372 3386 appellantur

191 3428 374 3491 sententiae
396 3428 670 3495 interlocutoriae
693 3447 751 3491 seu
773 3426 1054 3499 interlocutiones,
1077 3432 1112 3490 ut
1134 3426 1374 3509 distinguantur

190 3574 211 3618 a
237 3555 427 3640 definitivis.
455 3556 535 3619 ltem
567 3554 638 3618 iure
662 3574 741 3619 rom.
767 3551 948 3617 huiusmodi
972 3551 1132 3617 distinctio
1160 3571 1372 3636 recognosce·
1480 3561 1483 3566 ’

191 3677 300 3760 batur,
317 3678 362 3744 uti
387 3678 481 3743 docet
505 3677 635 3741 rubrica
658 3678 755 3742 tituli:
783 3695 801 3740 a
826 3676 876 3740 De
899 3675 1069 3740 sententiis
1092 3681 1124 3741 et
1146 3676 1370 3741 interlocutio·

190 3804 294 3871 niens
320 3803 475 3871 omnium
498 3803 649 3869 indicam
679 3824 696 3867 a
724 3804 755 3867 in
780 3802 855 3868 Cod.
880 3836 924 3850 -
949 3804 1024 3867 lure
1048 3821 1118 3866 can.
1142 3802 1206 3867 hoc
1236 3803 1374 3867 innuunt

191 3953 219 3998 c.
244 3953 272 3999 c.
298 3930 357 4003 60,
382 3930 433 3995 De
448 3931 620 4013 appellat,
653 3930 687 3993 X
709 3928 764 4013 (ll,
796 3927 869 4013 28);
894 3928 1098 4008 10‚12,De
1127 3929 1262 4011 appeti,
1286 3929 1323 3992 in
1350 3928 1374 3993 6

191 4052 249 4137 (11,
279 4051 344 4139 15).
363 4086 407 4102 -
430 4052 485 4117 Ius
509 4050 608 4123 Trio..
632 4070 711 4117 sess.
736 4050 794 4131 211,
820 4069 895 4133 cap.
920 4048 983 4130 20,
1007 4049 1062 4115 dat
1085 4050 1134 4113 ius
1156 4049 1374 4134 appellandis

190 4176 361 4241 sententiis
386 4175 646 4257 interlocutoriis,
664 4195 745 4259 quae
765 4176 830 4240 vim
853 4172 994 4237 habeant
1010 4170 1203 4253 definitivae,
1219 4193 1274 4237 seu
1291 4192 1373 4257 quae

189 4296 272 4361 adeo
296 4295 435 4363 influunt
457 4298 490 4375 in
513 4294 720 4369 definitivam,
738 4300 772 4360 ut
787 4296 874 4360 hauc
897 4294 1144 4379 praecontinere
1160 4298 1371 4370 censeantur3

189 4415 268 4480 huic
294 4416 359 4501 legi
383 4436 418 4482 se
442 4416 545 4483 refert
569 4416 682 4501 regula
705 4415 727 4480 3
749 4421 846 4481 antea
868 4415 1056 4500 proposita·
