3350 5117
343 264 409 330 360
866 299 952 376 raus
974 301 996 346 1.

344 408 440 473 unica
454 415 487 476 et
501 413 628 498 virgine
643 421 871 488 contraxerint
885 427 919 486 et
933 421 1039 505 hodie,
1052 433 1123 511 post
1137 428 1245 514 legem
1257 429 1343 495 Trid.
1361 433 1384 496 l.
1396 451 1436 512 c,
1449 451 1515 496 ser·
1646 463 1648 469 ·

342 538 420 598 vent
435 535 632 604 conditiones
656 545 875 631 praescriptas
893 549 933 613 iis
947 550 1002 634 qui
1017 551 1209 620 beneficium
1226 576 1291 620 non
1308 556 1516 636 habentsm

342 677 387 722 ex
401 659 510 725 verbis
526 661 737 748 dispositionis
753 670 912 737 Bonilaoii
927 680 1017 760 patet
1032 676 1094 742 hos
1107 680 1279 766 privilegio
1292 681 1438 767 gaudme
1452 689 1518 746 tan-

342 785 459 848 lumin
482 787 702 856 criminalibus
726 796 839 868 causis,
857 799 933 880 quia
945 799 1098 866 Pontifex
1114 803 1257 888 loquitur
1274 805 1315 870 de
1337 807 1389 871 his
1403 808 1517 872 causis.

341 912 375 972 et
396 908 471 973 dein
495 909 599 977 addit:
627 935 645 976 ι
667 914 705 980 io
727 920 846 985 ceteras
875 927 991 987 autem
1012 943 1070 991 eos
1090 926 1243 1011 paudere
1266 929 1428 994 nolumus
1445 929 1519 1012 pri·

342 1031 462 1116 oiteqio
479 1037 628 1104 clericali
643 1060 674 1103 ›.
692 1040 763 1106 Non
779 1043 896 1110 desunt
914 1049 1102 1114 canonistas
1117 1053 1315 1117 contrarium
1332 1053 1518 1116 sentientes.

342 1155 399 1220 sed
429 1157 489 1222 bos
520 1180 584 1226 nou
614 1167 788 1248 sequimur,
813 1172 889 1253 quia
917 1172 991 1238 stne
1020 1177 1116 1239 testu
1138 1172 1251 1258 (multo
1281 1178 1383 1262 magis
1405 1181 1520 1242 contra

341 1285 478 1372 textum)
495 1289 723 1359 erubescimus
739 1295 839 1380 loqui.
856 1297 1028 1364 ——Clerici
1044 1319 1124 1365 vero
1140 1300 1258 1387 bigami
1274 1304 1445 1389 privilegio
1461 1324 1517 1369 ex·

340 1411 502 1496 poliantur
518 1420 551 1478 et
566 1414 709 1482 habitum
725 1422 759 1482 et
772 1425 939 1485 tonsuram
955 1421 1087 1488 deferre
1102 1423 1333 1510 prohibentem
1350 1425 1392 1490 cl.
1409 1447 1438 1493 c.
1454 1447 1516 1493 un.

343 1535 393 1602 De
416 1535 480 1624 bip.
504 1539 542 1604 in
565 1540 589 1604 6
612 1537 651 1626 (l,
679 1541 742 1629 12).

433 1660 466 1747 6)
491 1663 543 1728 Ex
566 1665 691 1730 ratione
714 1669 954 1736 contrariorum
977 1674 1124 1756 sequitur
1145 1674 1269 1760 privari
1296 1676 1434 1742 clericos
1456 1676 1518 1741 boc

341 1791 522 1876 privilegio,
546 1793 652 1859 statim
675 1815 715 1858 ac
738 1795 828 1860 hisce
851 1797 1086 1864 conditionibus
1109 1821 1174 1866 non
1197 1801 1429 1887 obtemperent.
1457 1801 1518 1869 Sed

341 1915 373 1978 in
396 1917 594 2001 propositum
617 1918 903 1994 animadvertatur,
920 1921 961 1986 ad
984 1921 1188 2009 privilegium
1215 1924 1425 1990 amittendum
1449 1944 1513 1990 non

340 2037 490 2106 sufficere
513 2061 745 2128 quamcumque
769 2045 898 2112 babitus
921 2046 1148 2120 dimissionem.
1162 2050 1218 2114 sed
1241 2071 1313 2116 eam
1335 2051 1461 2136 requiri
1483 2057 1518 2115 nt
1646 2088 1647 2105 1

341 2165 410 2249 ipsa
432 2163 632 2250 significetur
655 2167 765 2233 clerici
781 2173 981 2256 propositum
997 2173 1166 2238 deserendi
1182 2180 1300 2240 statum
1312 2175 1514 2249 clericalem3
1646 2214 1648 2271 q

341 2295 377 2355 ut
400 2296 508 2356 mouet
531 2292 631 2379 Fagu.
649 2295 680 2358 in
697 2313 771 2378 cop.
789 2297 816 2368 1,
833 2297 884 2362 De
906 2297 984 2380 foro
1007 2319 1128 2382 cosnp„
1144 2321 1178 2364 η.
1197 2301 1256 2365 20.
1276 2337 1317 2350 -
1339 2303 1517 2366 Praeterea

340 2417 367 2480 si
390 2417 530 2482 clericus
545 2418 663 2484 habeat
679 2419 879 2492 beneficium.
893 2423 954 2486 etsi
969 2422 1114 2488 habitum
1138 2428 1170 2488 et
1191 2429 1359 2489 tonsuram
1381 2424 1515 2489 nonde
1646 2428 1648 2471 l

341 2539 437 2622 ferat,
450 2561 515 2605 non
530 2539 714 2607 destituitur
728 2545 898 2630 privilegio
914 2545 987 2616 fori,
1004 2545 1108 2611 donec
1122 2545 1220 2612 iudex
1235 2549 1396 2615 sententia
1410 2548 1515 2613 decla·

341 2667 463 2730 ratoria
489 2665 528 2730 ad
552 2671 697 2732 tramites
724 2667 831 2735 const.
857 2667 938 2734 Sixti
957 2669 989 2732 V
1009 2670 1046 2736 io
1069 2667 1331 2737 Snerosanctum
1347 2671 1514 2742 decernat,
1646 2678 1647 2683 ’

340 2791 381 2856 ob
397 2791 559 2857 dimissum
579 2791 722 2857 habitum
746 2797 778 2858 et
800 2797 976 2868 tonsuram,
994 2795 1149 2860 clericum
1172 2793 1329 2862 beneficio
1351 2797 1515 2880 privatum

340 2917 496 2982 extitisse.

430 3039 463 3127 7)
489 3041 649 3106 Nonnulla
679 3043 816 3108 crimina
847 3042 911 3107 fori
941 3042 1136 3129 privilegiati
1167 3044 1390 3110 secumferunt
1420 3046 1518 3109 amis·

340 3168 473 3240 sionem,
490 3169 605 3252 quippe
629 3167 782 3232 clericum
807 3165 1038 3252 degradatione
1058 3167 1208 3242 multaut;
1232 3167 1332 3233 veluti
1353 3165 1517 3234 Sodomis
1646 3136 1648 3221 i

341 3311 385 3356 ex
409 3292 515 3357 Const.
540 3291 762 3361 Horrendum
786 3292 818 3358 S.
845 3293 894 3357 Pii
918 3293 969 3368 V;
1001 3295 1125 3358 crimen
1148 3294 1222 3359 falsi
1253 3295 1434 3375 monetarii,
1461 3315 1518 3381 pro
1646 3268 1648 3280 ι

344 3419 437 3484 ltalia
459 3438 501 3484 ex
525 3417 631 3484 Const.
649 3419 692 3482 lo
709 3419 879 3500 Supremo
904 3417 980 3484 Urb.
998 3420 1102 3495 VIll;
1125 3417 1323 3488 Sollicitotio
1338 3421 1386 3486 od
1403 3422 1519 3504 turpio

340 3543 378 3608 in
401 3543 541 3627 confess.
565 3561 734 3626 socrum.‚·
757 3544 799 3609 cf.
825 3543 944 3609 Bened.
971 3546 1063 3626 XIV,
1080 3545 1130 3612 De
1153 3542 1246 3631 Syn„
1271 3547 1292 3610 t.
1310 3546 1371 3626 IX,
1387 3565 1467 3630 cop.
1484 3547 1514 3617 6.

339 3689 373 3732 u.
400 3669 432 3733 7.
457 3670 539 3734 Item
563 3667 674 3734 clerici
696 3669 911 3743 iaculatores,
936 3669 1115 3736 histriones
1129 3687 1188 3755 per
1210 3689 1331 3734 annum
1343 3669 1405 3735 has
1427 3676 1515 3734 artes

340 3797 534 3858 exercentes
557 3795 625 3878 ipso
647 3796 718 3857 iure
746 3794 832 3858 omni
856 3793 1026 3879 privilegio
1049 3794 1241 3878 spoliantur;
1265 3815 1309 3859 ex
1324 3813 1400 3877 cop.
1424 3795 1513 3860 unm.

340 3915 391 3982 De
414 3917 469 3984 uit.
494 3923 527 3983 et
549 3919 672 3988 honest.
697 3917 776 3982 cler.
801 3917 840 3983 ia
863 3917 887 3982 6
910 3913 985 4002 (lli,
1014 3904 1056 4001 l).

429 4041 504 4108 329.
533 4043 655 4108 Verum
678 4045 793 4108 amisso
817 4042 882 4108 lori
904 4041 1077 4128 privilegio
1092 4042 1133 4108 ob
1156 4061 1221 4106 non
1245 4043 1395 4128 impletas
1418 4043 1514 4108 Otlnc.
1646 4015 1648 4144 j

341 4166 429 4232 Trid.
453 4167 662 4239 conditiones,
679 4168 841 4252 integrum
858 4172 907 4232 est
929 4166 1050 4233 clerico
1066 4167 1184 4232 iterum
1200 4187 1239 4231 eo
1255 4166 1426 4253 privilegio
1440 4167 1514 4235 frui.
1646 4186 1648 4198 ·

340 4292 367 4357 si
389 4291 496 4357 denuo
519 4291 629 4356 iisdem
654 4291 888 4359 conditionibus
910 4291 1100 4358 satisfacere
1123 4293 1265 4377 incipiat

430 4415 621 4500 Excipiatur
644 4414 763 4500 duplex
786 4434 897 4480 casus:
