3350 5117
495 302 539 349 nn
563 301 703 349 runicus
727 301 991 349 nccnnsiesrrcis
1266 284 1330 351 129

163 422 264 488 debita
285 429 413 491 serrata
435 426 654 511 proportione,
679 424 807 491 dicatur
830 426 870 489 de
893 444 960 490 reo.
986 424 1048 489 Sed
1071 425 1117 489 uti
1141 428 1331 511 cuicumque

162 550 223 615 ciri
250 550 330 615 solet
359 549 519 622 accidere,
541 550 692 616 iudicium
723 550 897 635 aliquando
928 550 1064 636 ingredi,
1089 552 1134 617 ita
1162 554 1333 637 perpaucis

163 676 306 741 usuvenit
327 674 409 740 baec
433 676 540 740 omnia
562 694 622 761 per
643 697 679 741 se
702 678 788 763 ipsos
811 682 979 763 praestare
1001 695 1105 762 posse.

247 798 423 863 Praeterea
445 800 548 864 actori
572 804 684 865 atreo
709 818 860 885 magnum
885 800 1055 885 negotium
1079 804 1137 871 est,
1161 804 1253 864 actus
1275 817 1330 884 pu·

162 940 237 986 uere
259 922 490 1006 processuales,
515 942 630 1009 nempe
657 922 807 990 iudicium
839 925 1032 1005 instaurare,
1056 923 1192 1009 ingredi,
1213 941 1333 1008 urgere

163 1049 193 1109 et
213 1046 362 1129 prosequi
386 1046 424 1110 iis
447 1046 585 1111 servatis
609 1048 740 1132 regulis,
763 1047 876 1131 quibus
902 1067 1073 1134 processus
1097 1046 1261 1114 iudiciales
1283 1068 1333 1113 or·

161 1169 318 1235 diuantur.
337 1206 378 1217 -
397 1170 482 1234 Hinc
505 1173 681 1237 necessitas
696 1172 805 1237 uarios
828 1170 860 1237 id
884 1191 986 1257 genus
1009 1178 1101 1237 actus
1119 1171 1259 1257 ponendi
1273 1192 1334 1257 per

161 1292 263 1365 alium,
281 1294 473 1359 instructum
497 1294 537 1359 ad
563 1315 630 1361 rem
647 1297 791 1381 apposito
814 1294 977 1368 mandato,
1001 1297 1152 1361 nimirum
1176 1315 1235 1381 per
1257 1316 1334 1381 pro-

161 1422 352 1485 curatorem,
362 1418 414 1501 qui
427 1420 546 1485 actoris
557 1426 612 1485 aut
623 1422 672 1485 rei
685 1439 855 1506 personam
869 1421 902 1485 in
916 1419 1031 1485 iudicio
1044 1424 1278 1505 repraesentat.
1290 1454 1335 1467 -

164 1540 249 1605 llaec
271 1546 349 1607 suut
373 1545 540 1629 utriusque
562 1546 715 1617 muneris,
740 1544 888 1611 advocati
911 1547 1037 1611 scilicet
1059 1550 1093 1611 et
1114 1547 1336 1631 procuratoris

163 1686 308 1753 suprema
332 1668 540 1745 lineamenia;
565 1690 648 1755 quae
670 1671 764 1737 modo
788 1673 892 1757 magis
914 1673 1115 1738 enucleanda
1137 1677 1221 1740 suut

246 1790 322 1855 100.
348 1790 563 1883 §amputetis
584 1792 815 1881 distinguemus
830 1794 1013 1883 aduocatos
1035 1814 1056 1858 a
1078 1794 1335 1861 iurisconsultu.

166 1912 239 1977 Nam
252 1914 500 1981 iurisconsultus
517 1915 601 1981 domi
614 1936 757 1997 manens,
775 1918 806 1982 in
822 1919 901 1983 iuris
913 1917 1151 2003 quaestionibus
1163 1917 1336 1998 consultus,

164 2040 300 2125 explicat
325 2041 404 2107 iuris
428 2047 603 2127 praecepta
629 2043 733 2127 quoad
760 2043 881 2109 iactum
909 2044 1084 2129 peculiare,
1107 2042 1227 2109 docens
1252 2043 1337 2107 viam

164 2166 333 2231 ineundam
357 2166 391 2230 in
414 2165 530 2231 iudicio
561 2166 770 2233 instaurando
793 2173 850 2233 aut
872 2166 1105 2254 prosequendo,
1129 2173 1162 2232 at
1185 2167 1338 2251 relinquit

164 2291 269 2357 clienti
294 2298 355 2357 aut
377 2311 437 2377 per
459 2312 495 2357 se
517 2298 572 2357 aut
595 2311 654 2377 per
677 2292 868 2359 advocatum
887 2311 946 2357 sua
962 2295 1030 2358 iura
1051 2294 1145 2363 tueri,
1163 2290 1339 2357 defendere

165 2418 194 2479 in
216 2416 346 2483 iudicio.
364 2418 485 2483 Contra
507 2416 681 2483 advocatus
703 2419 762 2484 etsi
788 2424 898 2503 partes
919 2417 1137 2483 iurisconsulti
1158 2416 1340 2502 expleverit

165 2544 237 2605 ante
253 2538 419 2611 iudicium,
437 2540 468 2604 in
485 2542 554 2625 ipso
571 2540 687 2605 iudicio
702 2560 761 2626 pro
778 2540 898 2605 cliente
915 2540 994 2605 iuris
1009 2546 1042 2605 et
1055 2538 1132 2603 facti
1147 2542 1340 2623 argumenta

165 2663 313 2749 proponit
337 2668 370 2729 et
392 2662 544 2729 defendit.
560 2698 603 2713 -
619 2664 808 2735 Praeterea,
828 2682 872 2727 ex
895 2660 1144 2728 institutionibus
1175 2661 1255 2725 iuris
1285 2680 1339 2723 ro-

165 2785 255 2857 mani,
268 2788 444 2867 patronus
460 2786 528 2849 sire
544 2788 670 2857 orator,
688 2784 733 2849 ita
748 2782 852 2849 dietus
867 2802 888 2847 a
902 2784 1109 2868 peroratione
1132 2800 1248 2847 causae
1263 2781 1343 2845 viva

165 2926 240 2973 voce
263 2909 356 2974 iacta
378 2910 412 2974 in
439 2908 565 2981 iudicio,
590 2907 742 2973 confundi
773 2926 838 2972 non
870 2913 975 2993 potest
1004 2927 1078 2972 cum
1108 2906 1264 2971 advocato
1287 2906 1340 2989 qui

165 3036 303 3101 amicum
328 3036 361 3101 in
384 3033 501 3101 iudicio
524 3034 749 3108 comitabatur,
763 3040 798 3100 ut
812 3036 843 3099 ei
860 3034 1005 3107 consilio,
1019 3054 1119 3119 opera
1138 3030 1251 3119 (quasi
1261 3050 1342 3115 pro·

166 3158 321 3247 curator)
345 3158 472 3225 adesset
493 3160 525 3225 in
550 3179 666 3225 causae
689 3161 874 3245 agitatione.
895 3193 940 3207 -
962 3160 992 3223 A
1015 3158 1160 3243 patronis
1184 3164 1218 3224 et
1239 3162 1343 3222 orato-

166 3282 253 3349 ribus
282 3302 350 3347 non
374 3282 478 3347 miuus
500 3282 742 3367 distinguendus
766 3288 815 3347 est
838 3282 1106 3348 iurisconsultus:
1131 3281 1174 3347 cs,
1195 3282 1260 3349 Cic.
1272 3299 1343 3365 pro

166 3404 302 3472 illuren.
322 3404 396 3479 2-4,
406 3423 473 3488 pro
492 3405 587 3471 Caec.
604 3404 663 3480 27,
674 3423 741 3487 pro
759 3403 871 3475 Quint.
888 3404 922 3475 5,
938 3402 974 3476 2,
990 3403 1044 3477 21,
1057 3422 1125 3487 pro
1143 3404 1272 3469 Cluent.
1289 3404 1341 3479 19,

167 3528 212 3594 De
227 3530 323 3596 Orat.
347 3531 375 3599 1,
400 3529 457 3594 45.
481 3564 525 3578 -
544 3528 727 3593 b'eeessilas
749 3546 829 3591 vero
855 3524 1086 3591 contendentes
1115 3523 1286 3589 adiuvandi
1309 3525 1343 3589 in

168 3652 362 3737 explicanda
389 3660 422 3717 et
443 3650 612 3736 dirigenda
636 3650 775 3715 iudiciali
803 3649 992 3733 quaestione
1019 3653 1070 3715 est
1095 3653 1160 3712 tam
1187 3647 1345 3713 naturalis

168 3776 225 3861 ipsi
243 3776 363 3843 iudicio
380 3782 423 3849 ut,
440 3778 601 3841 statimne
624 3773 708 3861 apud
726 3774 889 3839 Romanos
905 3774 954 3839 ius
970 3772 1178 3859 processuale
1193 3772 1342 3846 adolevit,

168 3906 380 3985 patronorum
396 3903 463 3968 sive
478 3906 643 3967 oratorum
656 3920 771 3965 munus
784 3900 816 3963 in
830 3918 956 3963 summa
968 3899 1189 3980 aestimatione
1201 3897 1344 3963 habitum

171 4026 279 4102 luerit,
305 4030 414 4115 prouti
436 4034 595 4097 testantur
620 4030 839 4094 Romanorum
864 4025 911 4113 (l)
936 4033 1144 4094 monumenta
1169 4034 1344 4093 oratorum.

258 4207 300 4275 (l)
320 4205 444 4259 Primum
463 4206 612 4275 vestigium
631 4204 755 4259 muneris
774 4204 901 4259 advocati
922 4204 951 4257 in
970 4204 1080 4272 legibus
1098 4204 1220 4258 romanis
1237 4205 1349 4260 adinve-

170 4312 247 4367 nitur
260 4312 290 4366 in
305 4312 435 4366 instituto
443 4321 623 4382 patronatus:
642 4316 675 4365 cl.
689 4312 838 4379 Padoletd,
854 4312 947 4367 stoma
959 4313 1007 4366 del
1021 4313 1122 4365 Diritto
1134 4313 1213 4365 Rom.
1227 4331 1287 4382 cup.
1302 4313 1348 4364 17.

171 4442 206 4457 -
220 4416 338 4471 Patroni
356 4415 494 4471 debebant
512 4418 627 4471 clientes
647 4432 709 4471 suos
730 4418 815 4471 etiam
835 4416 864 4470 in
884 4416 987 4470 iudicio
1005 4416 1190 4471 manuducere
1208 4420 1237 4470 et
1255 4416 1349 4471 deien-

318 4521 378 4575 Suc.
398 4520 484 4589 nepa.
1225 4519 1243 4571 9
