3350 5117
484 330 527 375 DE
551 327 691 376 IUDICIIS
714 328 981 376 eccnasntsrrcrs

599 630 780 698 rrrULUs
812 632 872 697 lV.

372 828 415 873 DE
443 826 549 875 CAUSA
579 827 845 876 rnonarton'lsssss
875 825 1091 878 INSTRUEND‘A

402 952 464 999 SEU
487 953 531 999 DE
555 952 703 1000 PERIODO
727 951 816 998 erls
839 953 1061 1001 probatorem.

139 1171 360 1230 summarium.
380 1205 414 1218 -
431 1177 495 1231 429.
515 1177 717 1233 Contestationi
738 1179 797 1233 litis
809 1179 933 1234 succedit
953 1181 1148 1249 probationum
1167 1181 1322 1250 productio.

230 1307 265 1320 -
285 1278 347 1332 430.
366 1279 472 1334 Causae
486 1282 582 1336 civiles
596 1282 771 1336 instruuntur
783 1283 818 1336 ad
831 1284 993 1337 instantiam
1006 1284 1141 1352 partinm;
1162 1282 1323 1338 criminales

230 1402 298 1440 roro
323 1386 368 1441 vel
394 1404 430 1442 ea
455 1387 543 1458 officia
568 1405 586 1441 a
612 1388 710 1454 iudice,
729 1388 774 1443 vel
796 1407 814 1443 a
832 1391 894 1444 cive
920 1391 946 1444 vi
974 1391 1091 1444 actionis
1111 1391 1271 1461 popularis.
1291 1417 1326 1432 -·

230 1491 293 1546 431.
313 1491 476 1562 Explicatur
494 1493 592 1547 modus
611 1510 666 1564 quo
684 1493 852 1549 evolvuntur
870 1496 1051 1564 probationes
1075 1496 1133 1550 sire
1152 1512 1202 1564 per
1220 1497 1326 1549 instru-

229 1599 352 1651 ctionem
369 1602 503 1669 scriptam
526 1600 585 1655 aive
605 1616 654 1669 per
672 1601 880 1654 contentionem
905 1603 1024 1656 oratam.
1042 1629 1079 1643 -
1100 1600 1160 1654 432.
1181 1601 1323 1662 Quomodo

230 1706 315 1761 index
332 1708 457 1776 assignet
475 1711 623 1762 terminum
642 1711 834 1778 probatorum.
846 1703 884 1750 '-
903 1709 963 1762 433.
984 1709 1023 1766 De
1042 1709 1222 1764 contentione
1242 1709 1323 1764 areli.

177 2031 180 2037 Ι
229 1943 307 2007 429.
333 1943 399 2007 Per
428 1943 493 2008 litis
524 1945 791 2010 contestationem
822 1946 986 2029 negotium
1018 1948 1265 2008 controversum
1289 1945 1322 2008 in

134 2066 257 2132 iudicio
289 2068 468 2134 ordinario
500 2089 656 2154 expresso
687 2067 851 2134 definitum
883 2074 914 2134 et
950 2076 1042 2135 certa
1071 2069 1213 2134 formula
1244 2089 1324 2134 con-

135 2198 268 2277 ceptum
294 2195 355 2257 iam
380 2201 429 2260 est
451 2200 526 2277 apte
550 2200 697 2278 paratum
722 2193 863 2258 iudiciali
895 2197 1102 2274 contentioni.
1126 2192 1323 2258 -Exinde

136 2320 288 2402 aperitur
316 2320 467 2403 periodus
497 2320 561 2384 litis
593 2319 788 2404 probatoria.
814 2321 921 2386 Antea
950 2322 1033 2384 eninr
1059 2340 1078 2384 a
1102 2319 1246 2404 partibus
1269 2321 1323 2385 vel

137 2437 220 2505 fiunt
243 2442 454 2527 allegationes
477 2442 701 2526 probationum
725 2443 765 2506 ad
788 2443 983 2508 dirimendas
1011 2445 1214 2527 quaestiones
1239 2443 1325 2508 inci·

132 2563 265 2638 dentes,
290 2587 369 2650 quas
392 2568 563 2648 innuimus,
583 2568 637 2632 rel
659 2575 852 2654 argumenta
882 2569 947 2633 litis
978 2570 1063 2633 inter
1090 2589 1125 2634 se
1149 2567 1322 2634 conferunt

135 2689 314 2776 litigantes,
330 2697 365 2755 ut
391 2696 501 2776 pateat
532 2691 606 2775 quid
638 2711 752 2776 reapse
784 2691 923 2757 iudiciali
951 2691 1127 2759 definitioni
1151 2691 1322 2758 subiicien-

131 2813 213 2878 dum
239 2817 293 2879 sit.

227 2939 305 3004 430.
331 2940 397 3004 Nos
418 2940 579 3023 loquimur
602 2940 642 3004 de
666 2917 771 3006 causis
787 2941 944 3023 civilibus,
959 2961 1040 3026 quae
1057 2943 1103 3008 ad
1122 2942 1322 3008 instantiam

126 3063 292 3145 partium
315 3065 534 3150 suscipiuntur
557 3063 759 3131 definiendae
782 3085 802 3129 a
824 3060 939 3140 iudice,
960 3085 1105 3150 quaeque
1129 3065 1265 3152 proinde
1289 3067 1323 3132 in

132 3192 223 3254 omni
250 3196 344 3276 parte
366 3190 546 3278 procedunt
566 3190 659 3258 iuxta
676 3193 813 3276 partium
828 3193 1024 3277 petitionem.
1042 3192 1322 3266 -Quamobrem

134 3317 214 3383 illud
239 3324 367 3384 tantum
386 3319 419 3382 in
436 3317 525 3382 hisce
541 3319 647 3383 causis
662 3317 800 3383 habetur
815 3320 956 3391 iudiciali
973 3322 1116 3386 examini
1135 3319 1322 3394 obnoxium,

126 3442 220 3524 quod
242 3441 388 3526 partibus
407 3442 514 3527 placet
530 3443 562 3506 in
579 3443 833 3508 controversiam
851 3442 1022 3509 adducere.
1041 3480 1084 3493 -
1100 3444 1197 3509 Aliud
1214 3444 1323 3512 obser·

130 3573 234 3631 vatur
250 3568 285 3631 in
308 3565 434 3632 iudiciis
462 3564 682 3630 criminalibus
705 3570 761 3630 aut
783 3567 854 3631 aliis
875 3567 1030 3632 similibus
1047 3569 1162 3641 causis,
1178 3587 1260 3652 quae
1278 3589 1324 3635 ecc

124 3692 246 3775 officio
259 3712 280 3756 a
291 3691 395 3757 iudice
408 3690 657 3756 introducuntur
668 3697 702 3755 et
714 3689 920 3773 deliniuntur,
936 3700 992 3757 aut
1003 3714 1023 3756 a
1036 3694 1171 3778 privatis
1188 3693 1324 3760 actione

121 3815 302 3898 populari
333 3816 564 3880 instaurantur.
586 3835 664 3899 quas
695 3821 802 3881 tamen
826 3817 925 3880 iudex
948 3837 993 3882 aa
1017 3817 1124 3902 officio
1157 3817 1321 3882 moderari

124 3937 334 4018 ‹tebaailtud
357 3937 562 4002 decernendo
585 3939 668 4022 quod
692 3939 819 4023 publico
843 3939 926 4004 bono
951 3943 1052 4026 magis
1076 3943 1260 4006 conveniat.
1279 3979 1323 3992 -

127 4061 240 4132 Haeo,
265 4059 339 4124 data
362 4079 471 4146 opera,
495 4060 727 4146 explicabimus
751 4063 783 4126 in
806 4039 948 4128 tractatu
972 4065 1022 4130 De
1044 4064 1180 4131 iudiciis
1203 4066 1320 4132 crimi-

122 4181 284 4248 nulibus,

225 4309 324 4374 Modo
340 4310 501 4376 declarari
515 4312 609 4378 debet
625 4333 763 4397 quanam
776 4314 926 4379 methodo
939 4315 1146 4400 probationes
1158 4291 1320 4381 instruan-

120 4440 183 4499 tur
211 4434 249 4497 in
275 4435 390 4501 iudicio
414 4439 513 4503 cirili.
