3350 5117
510 339 555 386 nn
578 337 717 386 rumoris
740 338 1005 386 nccnnsmsmcrs
1276 320 1342 384 ‘207

161 459 254 544 giurn
287 460 360 526 tori.
382 461 465 527 Nam
488 458 629 526 definitio
656 462 780 546 primae
803 462 998 546 quaestionis
1021 459 1157 528 alteram
1181 459 1342 531 absorbet,

161 581 247 648 adeo
270 589 315 656 ut,
339 584 444 648 altera
465 583 621 657 absoluta,
646 583 750 668 quoad
773 584 911 648 alteram
935 583 1093 650 habeatur
1118 604 1171 648 res
1195 583 1342 648 iudicata.

256 707 319 773 Sed
334 707 515 774 huiusmodi
538 712 695 776 cumulus
712 713 863 796 competit
878 711 996 777 octoni.
1014 709 1084 776 Reo
1101 715 1208 774 autem
1225 708 1342 773 exinde

162 836 313 920 aperitur
333 836 387 899 via
409 835 624 901 coacervandi
647 857 705 902 seu
732 835 917 902 cumidandi
941 836 1051 922 plures
1076 843 1201 904 mutuas
1221 837 1343 922 petitio-

165 980 226 1023 nes
248 979 305 1024 seu
328 959 612 1028 reconventionea.

258 1083 331 1148 177.
355 1085 399 1148 Et
421 1084 454 1148 in
477 1084 541 1150 boc
562 1084 655 1148 attest
677 1083 851 1149 discrimen
883 1084 1101 1150 necessarium
1129 1083 1216 1149 iuter
1239 1083 1342 1150 actio·

161 1226 254 1280 nem,
271 1213 305 1272 et
327 1208 559 1291 exceptionem
567 1228 581 1291 5
597 1209 673 1292 quia
688 1209 846 1274 cumulari
871 1228 934 1272 non
957 1213 1088 1293 possunt
1103 1209 1247 1274 actiones
1263 1225 1341 1274 con·

164 1332 306 1412 trarioe,
330 1337 463 1417 possunt
484 1352 565 1396 vero
587 1308 745 1398 cumulari
776 1335 992 1416 exceptiones
1018 1336 1114 1398 etiam
1139 1334 1340 1408 contrariae;

163 1473 238 1541 arg.
254 1455 276 1520 l.
292 1457 345 1520 cit.
370 1451 403 1520 ff.
430 1455 574 1522 (Nemo
593 1456 796 1539 prohibetur
814 1455 976 1539 pluribus
999 1455 1252 1539 correptionibus
1280 1455 1340 1528 nti,

162 1580 323 1663 quamvis
345 1581 500 1647 diversae
521 1581 588 1646 sint
611 1604 642 1645 ».
667 1580 829 1665 Siquidem
853 1585 946 1646 actor
968 1580 1092 1667 agendo
1116 1581 1233 1664 aliquid
1259 1580 1340 1646 obti-

164 1721 246 1766 nere
268 1701 414 1774 intendit,
430 1707 464 1766 et
485 1700 563 1767 hinc
584 1703 617 1766 in
640 1701 778 1787 petendo
800 1722 867 1766 non
890 1707 994 1786 potest
1015 1701 1074 1768 sibi
1098 1702 1340 1777 contradicere;

161 1842 182 1886 e
206 1831 323 1888 contra
346 1845 422 1889 rens
444 1825 525 1890 nihil
544 1827 632 1911 petit,
657 1826 712 1891 sed
736 1828 856 1892 actoris
876 1827 1057 1892 instantiam
1083 1846 1252 1890 removere
1269 1844 1342 1889 con-

163 1943 285 2018 tendit;
309 1963 411 2028 quare
426 1944 600 2010 asserendo
624 1946 720 2010 etiam
744 1947 918 2016 contraria,
931 1949 1178 2022 nnnrntantum
1195 1944 1339 2017 intendit,

163 2089 282 2155 nempe
297 2069 438 2154 probare
453 2071 603 2136 iniustam
626 2089 698 2135 esse
713 2071 898 2156 petitionem
914 2071 1043 2136 actoris.
1058 2073 1105 2136 bt.
1121 2068 1339 2153 Reidenstucb

161 2195 212 2259 tit.
236 2195 288 2260 De
310 2200 439 2278 encept.
463 2215 497 2258 n.
522 2195 572 2259 16.

255 2318 329 2382 178.
347 2319 386 2382 ln
401 2317 590 2402 ampliorem
606 2317 857 2383 declarationem
871 2321 1033 2385 notionum
1055 2321 1148 2385 modo
1169 2321 1341 2406 explicata·

161 2461 246 2512 rum,
262 2445 408 2525 praestat
429 2460 512 2524 quae
531 2441 571 2505 de
587 2441 839 2526 exceptionibus,
865 2445 983 2508 mutuis
1006 2441 1211 2527 petitionibus
1234 2449 1265 2507 et
1289 2463 1341 2508 cu·

161 2566 249 2630 mulo
272 2567 445 2640 actionum,
466 2565 641 2640 docuimus,
666 2567 831 2652 applicare
855 2569 1042 2651 quaestioni,
1059 2588 1101 2632 an
1126 2573 1158 2633 et
1182 2569 1338 2652 quomodo

159 2691 462 2756 excommunicatus
477 2690 567 2756 hisce
582 2691 695 2757 mediis
711 2691 911 2756 iudicialibus
928 2693 973 2758 uti
992 2693 1108 2758 valeat.
1133 2730 1176 2743 -
1201 2695 1339 2758 Excom-

160 2816 343 2881 municatos
365 2816 398 2881 iu
422 2814 572 2880 iudicium
602 2819 780 2881 conventos
810 2835 903 2900 posse
935 2817 1114 2902 omnigenis
1141 2822 1174 2882 et
1197 2819 1358 2902 pluribus

158 2939 406 3025 exceptionibus
431 2942 485 3011 uti,
509 2942 760 3026 exploratissimi
784 2943 863 3006 iuris
887 2947 949 3006 est:
975 2947 1022 3006 est
1046 2943 1131 3006 enim
1155 2942 1266 3008 mutus
1290 2943 1340 3008 de·

162 3062 330 3128 tensionis.
356 3060 566 3128 Reiffeustuel
590 3065 611 3128 t.
636 3085 664 3129 c.
687 3085 722 3128 n.
747 3065 790 3129 18
812 3071 910 3150 negat
940 3066 1094 3140 absolute,
1119 3069 1340 3134 excommuni-

160 3193 273 3253 catum
297 3190 512 3254 reconvenire
543 3209 646 3275 posse,
670 3193 746 3274 quia
767 3193 981 3258 reconrenbb
1005 3199 1054 3258 est
1077 3193 1163 3259 cirtio
1187 3200 1220 3259 et
1241 3215 1339 3280 agere

162 3313 452 3378 excommunicatis
476 3312 687 3378 interdicitur.
705 3349 750 3362 -
766 3315 945 3400 Schmalzg.
970 3316 1006 3382 in
1023 3318 1069 3382 tit.
1086 3317 1140 3384 De
1154 3319 1224 3384 iud.
1241 3341 1274 3386 n.
1292 3319 1340 3386 34

159 3435 332 3520 distinguit
354 3437 441 3499 inter
464 3439 733 3502 reconventiones
756 3457 930 3504 connectas
945 3461 1016 3505 cum
1033 3443 1186 3525 petitione
1209 3447 1339 3522 actoris,

159 3559 194 3620 et
214 3575 287 3621 non
318 3575 500 3622 connexos.
526 3558 713 3640 Inprimis
735 3561 781 3624 ait
804 3559 928 3624 admitti
960 3566 1271 3631 excommunicatum
1299 3569 1339 3633 ad

159 3681 460 3753 reconventiouem,
483 3700 555 3747 non
577 3681 614 3746 in
637 3683 803 3758 secundia,
825 3684 942 3769 quippe
966 3704 1029 3749 non
1054 3687 1192 3752 habetur
1216 3692 1248 3752 in
1272 3693 1338 3756 istis

160 3804 244 3868 ratio
268 3805 474 3869 necessariae
497 3804 701 3872 defensionis.
727 3843 770 3856 -
795 3809 917 3873 Verior
940 3808 1067 3874 videtur
1091 3811 1172 3874 haec
1197 3813 1340 3878 secunda

159 3923 269 4008 opinio
283 3925 361 3987 etin
374 3926 469 4008 prasi
484 3925 634 3999 tenenda,
648 3928 721 4011 quia
738 3933 787 3991 est
798 3931 900 4013 magis
912 3931 1088 3994 canonicae
1100 3933 1252 4015 aequitati
1267 3953 1339 3998 cou-

160 4068 240 4112 sona
255 4053 289 4112 et
305 4049 364 4132 ipsi
381 4050 502 4113 notioni
520 4053 789 4116 reconventionis.
803 4089 847 4102 —
861 4053 972 4118 Veluti
989 4056 1015 4118 si
1033 4053 1187 4119 mandans
1212 4058 1339 4124 actione

158 4171 291 4237 directo
307 4171 449 4237 mandati
465 4175 638 4238 conveniat
653 4182 899 4260 procuratorem
917 4179 970 4261 qui
988 4179 1019 4242 in
1037 4181 1339 4246 excommunicatio-

160 4313 235 4357 nem
251 4293 361 4379 lapsus
373 4300 430 4367 est,
445 4297 575 4363 incivile
588 4303 637 4364 est
649 4319 771 4386 negare
787 4303 1064 4366 excommunicato
1081 4305 1239 4368 actionem
1253 4324 1338 4369 man·

160 4420 226 4485 dati
250 4421 471 4496 contrariam,
492 4444 574 4508 quae
593 4428 738 4511 petitioni
763 4430 883 4494 actoris
899 4434 948 4495 est
964 4431 1006 4492 itu
1022 4451 1179 4512 connexa,
1197 4439 1232 4498 ut
1248 4453 1337 4498 man·
