3350 5117
672 411 779 459 1101111
806 412 927 459 aeeon
1322 393 1389 458 679

207 533 270 589 203.
290 533 440 596 Quaeritur
457 550 494 587 an
512 533 569 588 sint
587 532 711 587 actiones
730 531 891 602 personales
909 529 955 586 vol
973 531 1086 586 reales.
1123 571 1130 582 .
1168 571 1175 584 .
1213 569 1220 582 .
1252 533 1389 603 000214

206 643 268 696 204.
289 641 474 698 Possessionis
493 658 510 696 a
527 641 590 696 iure
608 640 684 694 civili
703 639 855 710 ampliatae
873 643 902 695 et
922 638 1045 694 iuridicis
1061 639 1206 695 effectibus
1224 639 1266 692 in·

316 751 439 804 structae
461 747 588 802 definitio
589 785 1264 802 ................
1302 743 1391 803 »235

494 967 512 1029 5
533 961 558 1017 3.
579 965 622 1018 De
639 965 727 1018 soriis
743 963 929 1034 possessionis
952 964 1104 1033 speciebus.

210 1179 272 1234 205.
291 1179 432 1234 Possessio
451 1176 509 1233 elie
527 1182 571 1233 est
589 1176 688 1242 civilis,
707 1174 764 1232 elie
782 1175 919 1230 naturalis
947 1215 1221 1230 .......
1254 1194 1322 1246 pop.
1337 1172 1392 1228 235

210 1285 272 1340 206.
292 1284 433 1346 Quomodo
450 1283 567 1339 duorum
593 1285 621 1338 iu
646 1283 742 1339 eadam
768 1300 798 1339 10
823 1283 961 1353 possessio
986 1282 1083 1338 heberi
1106 1283 1193 1354 possit
1215 1283 1266 1336 sub

316 1389 426 1446 diverso
445 1394 559 1460 aspectu
578 1393 628 1444 eut
646 1387 783 1444 naturalis
802 1392 852 1442 eut
872 1387 965 1443 civilis
992 1429 1266 1443 .......
1303 1388 1392 1444 »230

208 1497 272 1554 207.
293 1497 434 1551 Possessio
452 1497 543 1551 bonae
561 1496 624 1551 fidei
645 1500 694 1550 eut
711 1495 802 1550 melae
821 1495 886 1550 ddei
903 1535 1266 1549 .........
1303 1494 1393 1551 »238

209 1601 271 1655 208.
291 1601 433 1656 Possessio
452 1602 525 1655 iusta
543 1605 594 1656 eut
612 1601 714 1656 iniusta
722 1639 1264 1654 .............
1302 1612 1320 1655 »
1353 1599 1392 1652 1111

210 1706 272 1760 209.
291 1705 434 1762 Adversus
452 1723 521 1778 quos
537 1707 641 1762 iniusta
654 1706 789 1776 possessio
803 1705 938 1774 impediet
956 1704 1102 1759 inridioam
1120 1705 1269 1761 tuitionem
1304 1719 1322 1763 »
1340 1706 1394 1758 230

401 1943 465 2007 §4-
486 1943 527 1997 De
548 1950 681 2012 corsoeptn
702 1911 884 2012 possessionis
905 1941 1018 2009 eiusque
1037 1939 1066 1992 oi
1083 1940 1205 1994 inridica

559 2097 565 2112 ,
663 2063 700 2103 eos
718 2048 781 2102 inre
801 2048 942 2101 cononice.

212 2245 274 2299 210.
295 2243 339 2298 lus
358 2260 417 2298 can.
438 2243 598 2298 institutum
618 2242 815 2312 possessorium
835 2240 962 2296 extendit
981 2239 1015 2294 ad
1034 2240 1096 2294 inre
1114 2239 1272 2310 personalia

318 2354 368 2403 aut
386 2346 545 2419 spiritualia
546 2385 1220 2402 ................
1255 2363 1323 2416 pop.
1340 2345 1395 2397 240

102 2523 104 2528 ,
210 2456 272 2512 211.
293 2455 385 2511 Etiam
405 2457 465 2512 1010
484 2473 544 2510 01111.
564 2455 618 2509 duo
636 2459 702 2510 eunt
720 2455 836 2509 effectus
858 2453 982 2507 instituti
1002 2453 1181 2522 possessorii.
1219 2492 1225 2504 .
1263 2491 1270 2503 .
1306 2451 1395 2509 »242

119 2553 121 2558 ’
211 2568 273 2623 212.
293 2567 352 2621 1100
371 2565 530 2621 institutum
550 2563 767 2633 iurisprudenlia
785 2563 904 2617 lorensis
920 2561 1011 2616 civilis
1029 2577 1084 2616 non
1105 2577 1202 2630 perum
1220 2560 1272 2613 im·

317 2671 439 2726 mutavit
456 2705 1267 2726 ...................
1305 2666 1396 2723 »242

211 2779 277 2835 213.
298 2779 358 2834 Non
379 2779 422 2833 ius
440 2795 499 2833 oen.
519 2793 674 2842 commune,
693 2775 741 2832 sed
761 2777 944 2846 particulares
963 2775 1103 2830 corissum
1124 2777 1272 2828 consuetu·
1368 2779 1372 2786 ’

354 2883 432 2938 dines
451 2881 608 2938 huiusmodi
627 2883 836 2936 immutationes
857 2880 999 2950 paulisper
1018 2882 1187 2950 exceperunt
1217 2919 1224 2931 .
1261 2917 1268 2930 .
1306 2879 1395 2935 »246

211 2992 272 3046 214.
294 2991 444 3047 Interdicis
462 3005 479 3047 1(
492 2991 685 3061 adipiscendae
704 2989 916 3060 possessionis»
934 2988 1027 3058 potius
1039 2992 1167 3058 spectent
1178 2987 1212 3041 ad
1225 2987 1273 3041 be-

321 3096 483 3152 neficiorum
503 3100 552 3149 aut
570 3095 723 3150 officiorum
742 3095 952 3150 institutionem
971 3092 1075 3150 realem
1086 3133 1270 3148 .....
1308 3093 1396 3151 »247

211 3203 273 3258 215.
292 3203 335 3257 Ad
361 3206 465 3258 rectem
491 3207 520 3256 et
543 3201 701 3271 expeditam
727 3199 945 3271 applicationem
971 3200 1083 3255 remedii
1111 3199 1270 3270 possessorii

320 3327 390 3378 can,
409 3311 562 3382 requiritur·
581 3311 703 3382 genuine
722 3310 849 3379 cognitio
875 3307 999 3363 instituti
1025 3309 1184 3378 possessorii
1204 3324 1271 3362 rom.
1308 3309 1397 3364 »248

457 3527 475 3588 ἓ
494 3523 520 3578 5.
540 3524 583 3584 De
601 3524 756 3577 interdictis
776 3525 943 3578 retinendos
960 3521 1153 3593 possessionis.

211 3738 272 3792 216.
296 3737 465 3792 Possessioni
486 3735 647 3791 retinendae
666 3735 726 3790 iure
746 3751 815 3790 rom.
836 3739 917 3790 erant
940 3741 1099 3807 comparata
1125 3736 1274 3792 interdicte

322 3841 370 3897 Uti
392 3841 538 3913 possidetis
557 3844 586 3897 et
605 3841 706 3896 Utrobi
722 3878 1223 3896 ............
1259 3859 1324 3912 pop.
1343 3841 1397 3894 249

211 3951 272 4006 217.
293 3949 436 4011 Quomodo
455 3948 525 4005 haec
543 3949 692 4005 interdicta
709 3950 838 4004 dicentur
858 3949 981 4020 duplicia
999 3954 1029 4003 et
1046 3965 1193 4020 quemnam
1215 3949 1273 4004 exi·

321 4059 381 4108 tum
400 4054 521 4110 habeant
547 4091 1268 4109 .................
1306 4066 1324 4109 »
1357 4052 1396 4105 ibi

213 4159 275 4213 218.
294 4158 339 4214 Au
358 4160 386 4214 in
402 4158 446 4213 his
460 4159 600 4230 probanda
614 4160 651 4214 eit
663 4159 799 4229 possessio
812 4175 869 4212 non
891 4162 1000 4214 tantum
1014 4159 1114 4226 civilis,
1125 4159 1173 4214 aed
1187 4157 1271 4213 etiam

322 4262 397 4316 iuste
412 4298 1271 4316 ....................
1308 4277 1326 4318 »
1344 4261 1393 4314 251
