3350 5117
340 308 405 373 414
864 326 949 374 enus
971 327 993 373 1.

339 453 399 512 eut
419 453 552 513 ‘certum
574 447 625 529 sit,
651 448 743 531 quod
765 448 832 513 siut
858 446 1030 529 persulsi
1051 446 1300 532 mancationem
1332 444 1459 511 elicitae
1482 467 1513 510 ›.

341 572 420 637 Nam
444 574 471 637 si
503 571 661 636 notorium
693 576 742 636 est
773 573 885 635 vitium
910 571 1106 657 obreptionis
1137 576 1193 635 aut
1218 570 1442 655 subreptionis,
1465 575 1516 635 est

338 716 441 781 aeque
464 700 590 762 notoria
621 697 751 763 nullitas
784 698 934 782 rescripti
960 696 1130 763 Pontificii.

429 822 503 885 384.
522 824 551 887 Α
569 822 782 907 Pragmaticis
799 820 861 885 hoc
878 820 908 886 S.
927 820 1016 886 Sedis
1041 820 1225 885 mandatum
1240 820 1321 884 solet
1336 821 1449 885 vocari
1463 819 1518 902 fa·

338 942 447 1008 cultas
473 944 673 1025 nutritionis
695 944 765 1010 om's
787 963 844 1007 seu
861 940 1027 1027 aperiendi
1044 948 1185 1008 mentem
1204 939 1380 1007 Pontificis.
1400 943 1517 1007 Huius-

338 1066 421 1131 modi
439 1067 621 1133 mandatum
639 1068 793 1133 Pontifex
817 1088 883 1131 non
907 1067 1065 1141 concedit,
1082 1069 1142 1132 nisi
1165 1069 1341 1152 praemisso
1362 1070 1518 1133 examine

339 1191 378 1256 de
398 1194 513 1264 causis,
531 1192 570 1257 ob
595 1212 674 1276 quas
697 1193 862 1260 dubitatur
885 1194 925 1258 de
945 1194 1058 1259 valore
1081 1199 1180 1259 actus.
1200 1194 1267 1258 Nisi
1291 1194 1379 1257 enim
1403 1190 1519 1278 proba·

338 1312 410 1379 bilis
441 1320 531 1381 extet
553 1336 651 1381 causa
673 1316 838 1389 nullitatis,
864 1336 929 1380 non
952 1315 1141 1381 conceditur
1163 1315 1301 1380 facultas
1324 1315 1517 1400 aperitiouis

338 1420 413 1507 oris:
441 1441 489 1507 Cf.
513 1442 552 1505 cl.
579 1442 625 1507 De
649 1442 784 1529 Angelis
806 1443 837 1506 lt.
867 1448 888 1537 t.
920 1443 957 1507 in
979 1444 1046 1528 fine
1069 1450 1102 1506 et.
1124 1443 1164 1509 cl.
1189 1442 1279 1509 Santi
1304 1441 1335 1506 lt.
1360 1446 1381 1505 t.
1406 1462 1441 1506 n.
1466 1442 1514 1506 ff.

337 1564 429 1640 Quod
453 1567 572 1633 dicitur
598 1566 637 1632 de
665 1565 963 1635 confirmationibus
995 1565 1173 1639 Pontificis,
1205 1568 1306 1632 multo
1335 1570 1440 1653 magis
1470 1572 1517 1631 te-

338 1693 476 1758 nendum
507 1698 556 1759 est
586 1694 625 1757 de
658 1695 822 1779 rescriptis
854 1699 886 1758 et
912 1693 983 1758 aliis
1010 1692 1134 1760 actibus
1166 1692 1348 1778 Papalibus,
1377 1712 1516 1777 quorum

337 1814 486 1879 validitas
510 1817 541 1879 in
565 1815 683 1881 iudicio
706 1817 906 1881 controverti
930 1836 995 1879 non
1018 1820 1131 1902 potest,
1164 1816 1224 1879 nisi
1256 1814 1408 1879 mandato
1440 1833 1519 1898 ape·

335 1936 469 2003 ritionis
492 1937 562 2004 oria
586 1939 757 2023 impetrato
782 1935 838 2022 (l).

424 3582 462 3653 (l)
483 3583 558 3638 Haec
575 3583 701 3654 quaestio
725 3600 762 3636 an
782 3584 866 3635 intret
885 3583 1034 3636 actitatum
1052 3598 1102 3636 seu
1120 3584 1243 3653 facultas
1267 3585 1434 3652 aperitionis
1457 3584 1517 3636 oris

333 3692 406 3762 apud
425 3693 450 3747 S.
468 3692 567 3761 Congu.
588 3692 713 3745 formiter
731 3692 856 3759 agitatur
875 3708 923 3745 seu
943 3691 971 3744 in
991 3690 1217 3755 contradictorio,
1236 3706 1284 3745 seu
1304 3691 1515 3745 contradicente

334 3797 425 3854 altera
444 3804 530 3868 parte,
550 3799 629 3852 cuius
648 3798 764 3852 interest
788 3799 899 3851 firmum
923 3796 1028 3853 habere
1052 3802 1082 3853 et
1106 3798 1179 3853 tueri
1203 3802 1297 3851 actum
1324 3798 1514 3851 Pontificium.

333 3905 405 3958 Nam
424 3906 500 3975 Papa
519 3910 668 3976 antequam
686 3909 792 3959 annuat
810 3904 976 3971 fucultatem
994 3924 1039 3977 ap.
1057 3908 1123 3971 otis,
1141 3905 1215 3960 solet
1232 3905 1409 3959 committere
1428 3905 1514 3960 alicui

334 4011 361 4064 S.
381 4009 465 4080 Corig.
485 4012 685 4081 quaestionem,
705 4028 739 4063 en
759 4026 859 4081 nempe
878 4028 979 4080 graves
996 4017 1027 4067 et
1046 4011 1204 4082 probabiles
1221 4012 1314 4065 adsint
1327 4013 1452 4067 rationes
1464 4030 1516 4083 pro

334 4116 387 4171 hae
406 4116 580 4171 concedenda
603 4115 745 4171 facultate.
772 4116 895 4171 Intentio
920 4118 1137 4173 contradicentis
1159 4134 1193 4172 eo
1217 4121 1326 4187 spectat
1351 4127 1382 4171 ut
1400 4118 1513 4173 demon-

333 4224 405 4274 stret
429 4236 482 4275 non
508 4220 628 4275 adfuisse
653 4221 681 4274 in
707 4222 843 4291 rescripto
862 4222 1007 4277 Pontificio
1031 4223 1132 4277 vitium
1157 4224 1330 4293 obreptionis
1348 4196 1399 4277 aut
1416 4226 1514 4279 subre-

333 4326 445 4395 ptionis,
456 4325 526 4381 unde
538 4330 618 4380 actus
631 4326 787 4397 impugnari
801 4327 903 4382 valeat.
915 4328 1078 4383 Huiusmodi
1091 4346 1189 4383 causas
1201 4329 1263 4384 vide
1275 4329 1349 4401 apud
1361 4330 1512 4385 Pallottini

333 4448 403 4501 opus
428 4434 475 4487 cit.
494 4438 561 4487 torn.
582 4434 602 4501 Ι,
620 4451 678 4489 voc.
699 4436 825 4505 Aperitio
845 4438 911 4489 otis.
