3350 5117
548 351 593 397 os
624 351 763 398 runicus
791 351 1057 400 nconnsnsrrcrs
1325 337 1387 402 251

211 469 343 552 quinam
367 471 410 536 sit
432 490 607 558 possessor,
631 492 689 538 seu
720 473 849 556 quinam
875 474 907 536 in
932 471 1047 539 iudicio
1078 475 1227 560 petitorio
1251 476 1292 540 sit
1315 495 1391 542 reus

209 597 246 658 et
268 594 398 676 quinam
421 600 523 677 actor,
547 596 599 661 cui
622 615 704 662 onus
726 595 884 682 probandi
917 599 1078 682 competit.
1103 597 1200 663 Hune
1231 619 1324 666 usum
1347 601 1391 665 in-

212 717 343 784 terdicti
365 720 565 788 retinendae
575 722 800 806 possessionis
814 723 957 788 inculcat
980 725 1029 790 ius
1045 743 1223 796 romanum,
1240 727 1286 790 uti
1302 730 1391 810 patet

209 865 255 911 ex
277 847 362 912 Inst.
386 847 469 913 lust.
494 847 556 922 IV,
579 849 602 931 ὃ
625 849 668 914 15
692 854 726 914 et
747 849 780 913 in
804 853 943 932 utroque
966 849 1038 914 loro
1062 849 1255 916 observatur
1277 848 1334 936 (1).

300 969 378 1035 218.
403 970 455 1036 Ad
478 971 684 1068 obtinendum
710 991 791 1036 vero
822 971 1033 1070 interdictunn
1055 1007 1072 1021 -
1096 973 1147 1037 nti
1164 973 1346 1058 possidetis
1371 1008 1388 1022 -

209 1093 344 1177 probari
367 1093 463 1160 debet
481 1096 601 1161 laetum
618 1097 828 1182 possessionis
845 1096 962 1172 civilia
979 1116 1036 1161 seu
1051 1100 1087 1162 ut
1102 1098 1173 1184 quis
1188 1099 1317 1162 nomine
1332 1117 1390 1164 suo

208 1237 280 1282 rem
304 1217 476 1304 possideat,
498 1239 592 1286 secus
614 1221 642 1284 si
665 1222 796 1286 nomine
824 1221 959 1286 alterius
990 1240 1061 1286 rern
1084 1221 1312 1295 detinerett
1278 1227 1390 1307 utputa

208 1315 353 1416 oolonus,
378 1343 561 1427 inquilinus,
586 1343 866 1409 commodatarius
886 1345 964 1410 Nam
981 1345 1141 1408 actionem
1158 1344 1388 1430 possessoriam

208 1486 331 1553 urgere
354 1469 507 1554 competit
492 1469 674 1535 trivititer
695 1469 870 1554 possidenti
893 1491 951 1536 seu
974 1471 1030 1545 illi,
1047 1471 1139 1536 ouius
1162 1472 1291 1535 nomine
1315 1489 1388 1556 pos·

206 1591 341 1658 sidetur.
354 1627 398 1642 -
410 1594 455 1658 At
470 1613 536 1658 non
551 1593 731 1678 requiritur
745 1595 905 1680 possessio
923 1595 1028 1662 ciuilis
1043 1595 1132 1661 iusta
1148 1596 1209 1662 nisi
1233 1594 1389 1660 adversus

206 1718 435 1801 oppositorem.
459 1717 589 1782 Etenim
612 1719 638 1782 si
662 1719 798 1804 quisti,
823 1720 922 1792 ctam,
943 1719 1103 1803 precario
1128 1718 1168 1783 ab
1196 1719 1384 1784 adversario

206 1858 265 1903 suo
288 1840 460 1926 possideat,
491 1861 557 1907 non
586 1843 616 1907 ei
648 1841 781 1928 prodest
811 1843 970 1926 possessio
1001 1841 1117 1916 ciuilis,
1142 1841 1198 1907 sed
1230 1841 1386 1908 adversus

207 1968 388 2029 extraneos
411 1963 543 2050 prodest
564 1966 723 2051 possessio
747 1965 852 2029 civilis
883 1966 979 2031 etiam
1010 1964 1145 2047 iniusto,
1170 1965 1253 2050 quod
1285 1966 1387 2050 expli-

207 2087 362 2152 cavimus.
1052 2075 1054 2079 ¹

295 2207 576 2296 VemmsQuo
584 2227 686 2301 aeque
715 2207 903 2318 possidere
912 2209 1054 2302 civiliter
1083 2208 1286 2290 contendant,
1264 2213 1387 2276 ttune

206 2336 240 2399 in
264 2335 467 2454 possessione
492 2337 681 2438 praefertur
704 2315 769 2410 ille,
791 2337 845 2422 qui
875 2337 991 2427 probet
1020 2358 1054 2402 se
1085 2338 1226 2404 civiliter
1249 2343 1283 2402 et
1303 2337 1388 2406 iuste

206 2437 399 2544 possidere
419 2478 477 2524 seu
499 2461 553 2544 qui
575 2461 715 2574 potuerit
732 2460 966 2532 demonstrare
983 2481 1017 2526 se
1033 2459 1156 2526 habere
1172 2461 1297 2526 titulum
1314 2479 1386 2546 pos-

205 2587 362 2652 sessionis
377 2587 523 2670 iustum
537 2588 683 2670 quamvis
700 2589 824 2653 nonita
841 2588 966 2653 titulum
983 2586 1123 2673 probare
1143 2586 1266 2658 debeat
1280 2587 1386 2672 prouti

203 2705 241 2772 lit
262 2708 296 2772 in
320 2707 440 2773 iudicio
463 2711 622 2795 petitorio,
647 2707 703 2774 sed
726 2709 830 2782 debet,
847 2711 893 2777 uti
918 2709 1092 2793 loquuntur
1116 2711 1312 2780 canonistas,
1329 2728 1384 2775 eo·

203 2836 321 2902 torore
345 2835 578 2920 possessionem
595 2831 652 2919 (2).
669 2834 760 2908 Quae
784 2836 943 2920 principia
968 2835 1199 2920 sapientissime
1218 2835 1384 2918 applicans

294 3081 335 3150 (l)
355 3079 425 3134 Hine
445 3080 565 3134 advertit
582 3079 721 3149 Ulpianus
739 3081 768 3135 in
789 3081 807 3134 l.
827 3081 850 3134 1.
870 3083 899 3152 ff.
926 3082 969 3134 Uti
983 3083 1097 3152 possiet:
1116 3081 1221 3134 «Inter
1240 3082 1386 3151 litigantes

201 3202 273 3256 orgo
291 3186 403 3256 quoties
420 3191 464 3240 est
482 3187 660 3256 proprietatis
684 3189 882 3252 controversia,
902 3191 951 3241 aut
977 3187 1107 3242 convenit
1132 3187 1207 3241 inter
1231 3188 1385 3257 litigantes,

202 3297 269 3347 utar
287 3308 430 3362 possessor
448 3291 494 3356 sit,
513 3297 575 3348 uter
592 3293 705 3363 petitor,
723 3299 773 3348 aut
791 3310 847 3347 non
867 3295 1010 3349 convenit:
1030 3294 1053 3347 si
1073 3295 1211 3362 convenit,
1224 3295 1382 3350 absolutum

201 3404 257 3463 est,
275 3398 326 3454 ille
345 3400 512 3470 possessoris
525 3402 667 3454 commodo
680 3417 763 3472 quern
778 3402 909 3456 convenit
921 3401 1075 3471 possidere.
1095 3400 1238 3472 illaquam
1253 3419 1307 3456 non
1320 3420 1385 3458 con·

202 3505 283 3559 venit
300 3505 451 3574 possidere,
470 3504 597 3574 petitoris
615 3521 698 3560 onere
717 3506 859 3574 fungitur:
879 3507 926 3560 sed
951 3507 973 3560 si
993 3507 1067 3562 inter
1091 3507 1165 3576 ipsos
1191 3508 1385 3574 contendatur,

202 3613 268 3664 nter
285 3609 435 3680 possideat,
453 3611 519 3679 quia
536 3610 676 3664 alteruter
692 3626 723 3664 se
741 3611 833 3680 mapis
849 3613 997 3681 possidere
1009 3611 1138 3676 affirmat,
1151 3615 1217 3665 tunc
1282 3613 1314 3666 ad
1333 3612 1385 3666 hoc

201 3713 383 3768 interdictum
402 3715 584 3768 remittuntur
597 3732 622 3768 r.
642 3715 710 3769 ltem
730 3715 809 3769 irruat
828 3733 959 3772 reuocare
974 3718 1121 3772 eorrsilium
1135 3719 1205 3770 iuris
1218 3718 1336 3772 relatum
1357 3719 1384 3768 iu

202 3820 222 3873 l.
234 3821 279 3874 24
296 3821 327 3892 ff.
346 3822 451 3876 Darei
468 3823 553 3875 vinda
572 3821 630 3874 ‹Is
643 3824 691 3892 qui
703 3825 850 3876 destinauit
868 3842 929 3878 rem
944 3834 1050 3894 petere,
1063 3826 1287 3880 animaduertere
1305 3828 1384 3879 (lebet

199 3945 239 3980 aas
256 3929 354 3998 aliquo
372 3929 521 3982 interdicto
536 3931 624 3999 possit
641 3933 766 3984 nancisci
779 3933 999 4000 possessionem
1018 3934 1084 4003 puio
1113 3933 1196 4003 lonpe
1215 3934 1384 3986 comrnodius

200 4043 253 4097 est,
273 4035 367 4104 ipsum
382 4035 530 4104 possidere
548 4045 576 4090 et
593 4036 788 4089 aduersarium
801 4037 839 4088 ad
852 4053 937 4089 onera
954 4039 1085 4107 petitoris
1098 4039 1278 4108 compellere.
1292 4055 1382 4106 quani,

198 4137 258 4190 atio
272 4141 445 4206 possidente,
462 4148 561 4206 petere
574 4155 598 4190 ›.
619 4138 688 4191 Nam
716 4137 800 4192 facile
825 4142 876 4204 est,
896 4139 1004 4208 agendo
1029 4140 1058 4193 in
1084 4141 1259 4210 possessor-ia
1280 4141 1384 4194 laetum

198 4242 382 4310 possessionis
400 4243 533 4310 probare;
553 4243 665 4298 difficile
678 4261 744 4299 vero
756 4245 901 4298 admodum
917 4251 966 4312 est,
981 4247 1009 4300 in
1029 4248 1169 4316 petitoria
1183 4249 1300 4316 probare
1320 4263 1383 4316 pro-

199 4351 330 4419 prietatis
348 4350 472 4406 titulum.
492 4351 532 4405 cf.
552 4351 736 4407 Reiffenstnel
756 4352 773 4406 1.
793 4370 816 4406 e.

289 4453 331 4526 (2)
350 4455 459 4526 Respae
478 4458 507 4511 in
526 4458 628 4512 iudicio
644 4461 812 4528 possessorio
832 4461 1011 4529 probationes
1030 4467 1175 4515 i·ersantur
1189 4463 1263 4515 circa
1276 4467 1383 4533 sertam
