3350 5117
692 339 799 386 innan
826 339 946 388 nanum
1223 332 1232 344 ·
1344 320 1410 386 697

222 457 286 514 504.
306 458 389 513 ludex
408 457 528 512 invitare
546 456 695 521 ordinario,
713 455 742 508 iu
761 453 900 521 civilibus,
918 454 1000 511 debet
1020 461 1121 526 partes,
1145 460 1177 511 ut
1195 455 1286 510 adsint

333 562 454 618 accessui
474 561 605 626 iudiciali,
625 560 732 631 dequo
753 560 911 629 semperin
929 560 1000 614 actis
1018 560 1160 614 constabit
1188 599 1196 613 .
1234 599 1241 613 .
1272 577 1338 631 pop.
1356 561 1412 616 515

222 669 286 723 505.
305 668 450 738 Expensae
469 685 486 722 a
505 667 630 737 partibus
648 665 833 721 exsolvendae
852 665 881 720 in
900 669 1074 721 antecessum
1097 706 1284 721 .....
1322 683 1340 725 a
1371 667 1411 722 ibi

222 775 286 831 506.
305 776 375 830 Tum
393 777 424 831 in
442 775 570 830 civilibus
583 778 642 829 tum
656 775 685 827 in
698 773 891 827 criminalibus
906 773 1008 843 peritia
1021 777 1050 828 et
1063 791 1190 828 accessus
1209 773 1287 828 adhi-

332 884 443 950 bentur,
460 881 508 938 sed
526 881 710 936 diversimode
741 919 1286 937 .............
1323 896 1342 938 a
1371 882 1411 937 ibi

707 1094 867 1152 nruuus
887 1096 924 1150 x.
1007 1073 1013 1080 ’

635 1254 678 1293 DE
708 1254 999 1294 lustauuannrs.

223 1419 286 1474 507.
305 1419 492 1475 Instrumenta
511 1423 576 1474 sunt
596 1417 775 1488 probationes
794 1417 897 1472 iudicio
917 1417 1155 1488 praeconatitutae
1189 1457 1195 1470 .
1232 1457 1240 1472 .
1272 1435 1337 1488 pop.
1356 1418 1410 1473 516

221 1527 284 1579 508.
302 1526 490 1581 Instrumenta
508 1525 566 1579 elia
586 1527 653 1579 sunt
672 1522 792 1594 publice,
812 1523 870 1579 elia
889 1524 999 1594 priuata
1008 1563 1284 1578 .......
1321 1538 1338 1582 >
1356 1524 1411 1579 517

224 1633 287 1689 509.
300 1634 343 1689 Ex
360 1635 477 1705 privatis
495 1633 688 1690 instrumentis
707 1632 764 1687 alia
783 1633 931 1703 praecipue
950 1631 1008 1687 vim
1030 1631 1137 1686 habent
1161 1648 1195 1686 ex
1217 1632 1283 1686 sub-

332 1737 482 1807 scriptione
501 1736 628 1806 apposita
648 1735 683 1788 ad
702 1735 931 1790 ratihabitionem
949 1734 1068 1789 alicuius
1087 1735 1208 1806 negotii3
1228 1733 1285 1789 alia

331 1845 488 1900 consistunt
499 1845 528 1898 in
544 1843 729 1914 descriptione
742 1842 885 1896 cuiusdam
899 1842 1003 1912 speciei
1017 1843 1204 1913 negotiorum,
1216 1844 1283 1915 quin

332 1951 420 2008 ullam
438 1953 562 2007 referant
579 1951 810 2020 subscriptionem
829 1989 1014 2004 .....
1044 1983 1048 1988 ·
1053 1987 1281 2006 ......
1318 1963 1337 2007 b
1369 1948 1408 2003 ibi

224 2060 287 2115 510.
306 2060 436 2116 lustrum.
455 2060 594 2130 privatum
612 2059 744 2114 dividitur
757 2059 785 2112 in
799 2056 992 2113 authenticum
1004 2063 1034 2113 et
1047 2057 1213 2127 simpliciter
1232 2057 1287 2127 pri·

333 2172 429 2224 vatum
474 2203 1284 2221 ...................
1319 2165 1409 2223 >518

223 2273 286 2328 511.
307 2274 524 2329 instrumentum
543 2276 602 2327 tum
623 2271 764 2342 publicum
781 2275 841 2327 tum
855 2272 993 2342 privatum
1013 2271 1173 2326 continetur
1185 2272 1214 2324 in
1227 2270 1283 2325 ori·

331 2379 419 2451 finali
438 2380 514 2434 etin
532 2378 685 2450 exemplari
696 2417 1283 2434 ..............
1320 2393 1338 2435 »
1367 2378 1408 2433 ibi

222 2487 284 2543 512
304 2488 491 2543 Instrumenta
513 2488 624 2558 publica
644 2485 755 2558 plenem
774 2487 883 2542 faciunt
901 2487 1094 2558 probationem
1095 2527 1280 2543 .....
1317 2500 1335 2543 b
1366 2487 1406 2542 ibi

223 2594 285 2650 513.
305 2594 433 2650 lustrum.
461 2595 570 2665 private
595 2594 750 2664 subscripta
775 2593 859 2649 fidem
882 2593 990 2648 faciunt
1014 2592 1125 2664 plenam
1151 2593 1282 2649 adversus

329 2700 542 2768 subscribentes,
556 2699 609 2752 nisi
629 2697 658 2752 hi
677 2698 796 2754 doceant
815 2698 1046 2768 subscriptionem
1059 2715 1138 2753 suam
1152 2714 1207 2753 non
1220 2715 1280 2754 esse
1317 2713 1335 2755 »
1352 2697 1407 2754 519

219 2803 282 2859 514.
303 2803 342 2860 De
366 2803 540 2874 argumentis
564 2804 664 2874 quibus
692 2803 841 2872 probatur,
867 2803 1054 2857 instrumenta
1082 2804 1192 2872 privata
1221 2819 1282 2858 esso

331 2907 493 2962 authentica
516 2945 1282 2962 ..................
1319 2922 1337 2966 a
1366 2907 1406 2963 ibi

221 3018 283 3072 515.
301 3016 510 3073 authenticitae
534 3016 711 3070 instrumenti
731 3016 790 3071 sive
810 3015 912 3086 privati
932 3016 991 3072 sive
1010 3014 1116 3085 publici
1135 3016 1280 3086 impetitur

329 3119 445 3192 querela
466 3119 546 3185 falsi,
564 3136 636 3191 quae
660 3125 704 3176 est
722 3120 813 3176 civilis
834 3120 880 3176 vel
903 3119 1070 3189 criminalis,
1090 3125 1134 3176 est
1155 3120 1279 3176 incidens

330 3224 375 3280 vel
394 3222 556 3295 principalis
557 3263 1279 3279 .................
1316 3225 1403 3283 »521

220 3332 283 3388 516.
304 3332 343 3388 De
361 3332 507 3401 scripturis
525 3331 641 3400 privatis
658 3346 714 3385 non
736 3331 908 3401 subscrIptis.
927 3331 1098 3398 Generatim,
1120 3329 1277 3386 huiusmodi

329 3442 484 3512 scripturae
502 3441 584 3496 fidem
606 3455 661 3494 uon
679 3441 788 3495 faciunt
806 3441 835 3495 in
855 3443 978 3498 savorem
997 3442 1074 3497 illius
1092 3459 1178 3514 penes
1196 3459 1278 3514 quem

329 3547 515 3616 reperiuntur.
538 3545 642 3601 Verum
664 3545 688 3600 si
706 3563 740 3601 ea
762 3546 871 3602 ratione
896 3548 1005 3603 exarati
1023 3548 1081 3604 sint
1103 3548 1132 3602 hi
1151 3548 1225 3616 libri,
1248 3553 1280 3604 ut

328 3653 468 3724 publicam
486 3652 534 3706 vel
552 3652 652 3707 saltem
671 3667 800 3723 magnam
821 3659 982 3709 mereantur
1002 3654 1093 3722 tidem,
1112 3659 1179 3709 tunc
1198 3654 1279 3726 plene

328 3759 446 3828 probare
465 3761 580 3826 possunt
598 3756 684 3811 etiam
703 3756 732 3811 in
751 3757 877 3812 favorem
896 3756 981 3826 illius,
1001 3758 1081 3814 cuius
1099 3760 1234 3816 intereat.
1271 3801 1278 3814 .
1316 3776 1334 3820 a
1363 3760 1404 3816 ibi

219 3865 282 3921 517.
302 3865 341 3922 lle
360 3865 472 3936 periodo
491 3881 643 3936 processus,
662 3881 718 3936 qua
735 3864 921 3921 instrumenta
939 3864 983 3921 edi
1002 3866 1105 3921 debent
1136 3905 1143 3919 .
1181 3905 1189 3920 .
1225 3906 1232 3920 .
1270 3907 1277 3920 .
1314 3867 1404 3924 »523

219 3974 283 4032 518.
301 3973 345 4029 An
364 3989 427 4029 reus
448 3977 576 4029 teneatur
594 3972 676 4028 edere
695 3972 884 4028 instrumenta
902 3972 999 4041 actori,
1020 3978 1052 4028 ut
1070 3973 1116 4028 hic
1135 3991 1213 4028 suam
1231 3974 1277 4028 in·

327 4081 480 4138 tentionem
500 4082 616 4151 probare
636 4081 729 4136 valeat
732 4116 1277 4138 .............
1314 4096 1332 4141 a
1361 4083 1403 4139 ibi
