3350 5117
326 325 392 390 604
535 403 542 435 ’
853 342 937 391 rans
962 342 983 387 r.

414 466 489 533 622.
517 467 626 541 Quare
648 468 720 532 iure
743 486 806 551 quo
828 468 950 532 utimur
973 466 1026 532 liic
1050 471 1099 533 est
1121 465 1201 531 ordo
1224 466 1416 533 servandus.

416 590 448 677 l)
471 590 522 657 Ab
545 590 803 671 Archidiaconis,
828 597 862 656 et
883 589 955 655 aliis
978 588 1010 654 id
1034 609 1137 675 genus
1166 589 1323 656 iudicibus
1347 590 1511 677 Episcopo

324 716 544 790 inferioribus,
569 714 670 782 sicubi
693 714 800 781 adhuc
822 716 943 801 rigent,
968 714 1194 801 appellandum
1217 720 1266 781 est
1288 713 1329 780 ad
1353 716 1508 800 Episcopi

324 843 483 918 tribunal;
508 842 584 908 sede
608 847 754 924 vacante,
778 840 819 907 ad
842 843 1016 929 capitulum
1042 842 1092 907 vel
1116 841 1157 907 ad
1181 842 1350 908 Vicarium
1375 840 1512 926 Capitu-

325 967 428 1030 larem
450 964 592 1051 legitime
615 967 764 1031 electum.
780 1002 825 1012 -
842 964 904 1031 Sed
928 970 1039 1033 nostra
1054 969 1160 1032 aetate
1179 964 1282 1049 magis
1298 965 1332 1027 in
1348 982 1438 1027 more
1455 968 1512 1027 est

324 1089 463 1156 officium
486 1090 600 1160 iudicis
622 1090 663 1155 ab
680 1092 838 1177 Episcopo
861 1090 1011 1177 delegati,
1029 1096 1061 1156 et
1081 1095 1157 1157 tunc
1180 1090 1225 1155 ab
1245 1091 1306 1157 isto
1322 1089 1511 1175 appellatur

324 1216 366 1281 ad
382 1218 531 1302 Episcopi
553 1217 704 1288 tribunal,
722 1217 784 1290 vel,
801 1214 878 1281 sede
903 1234 1013 1287 vacua,
1038 1213 1079 1280 ad
1096 1216 1274 1300 Capitulum
1290 1215 1343 1281 vel
1367 1213 1408 1279 ad
1431 1217 1506 1279 eius

325 1341 503 1421 vicarium,
531 1346 737 1427 posteaquam
759 1340 901 1427 legitime
924 1340 1094 1425 deputatus
1116 1340 1167 1405 sit.
1192 1338 1277 1405 Sede
1300 1338 1406 1423 plena,
1431 1358 1508 1403 cum

325 1466 502 1551 Episcopus
526 1471 557 1531 et
582 1466 733 1531 Vicarius
757 1465 927 1531 Generalis
950 1486 1049 1531 unum
1065 1461 1236 1531 efforment
1250 1464 1402 1537 tribunal,
1421 1460 1508 1527 iudi-

325 1591 533 1655 scriminatim
557 1588 597 1653 ad
621 1594 792 1673 utrumque
814 1589 972 1675 appellari
995 1594 1109 1674 potest,
1130 1610 1191 1655 nec
1213 1590 1310 1656 datur
1333 1587 1514 1675 appellatio

326 1714 434 1779 aVic.
459 1712 539 1779 Gen.
555 1711 596 1777 ad
612 1713 824 1798 Episcopum:
850 1733 893 1778 ex
916 1731 990 1797 cap.
1006 1712 1041 1786 2,
1057 1711 1112 1779 De
1135 1718 1281 1779 consuet.
1307 1712 1343 1778 in
1367 1712 1391 1777 6
1414 1709 1453 1796 (l,
1470 1710 1511 1797 4)

325 1836 726 1921 magadam&

414 1963 448 2046 2)
462 1963 512 2027 Ab
525 1964 673 2049 Episcopi
685 1961 838 2029 tribunali
851 1974 916 2035 aut,
929 1962 1004 2029 sede
1016 1968 1163 2037 vacante,
1177 1963 1350 2050 acapitulo
1363 1964 1417 2028 vel
1439 1963 1514 2028 eius

326 2084 459 2151 Vicario
482 2087 654 2172 appellatio
670 2087 838 2173 dirigenda
855 2087 958 2153 estad
976 2088 1216 2174 Metropolitum
1232 2087 1384 2163 tribuual
1402 2106 1505 2153 exce·

325 2215 379 2295 pto
395 2230 471 2275 casu
486 2230 548 2295 quo
564 2211 730 2296 appellans
747 2212 791 2277 uti
808 2212 908 2276 vellet
930 2212 1002 2277 iure
1025 2210 1222 2297 provocandi
1239 2210 1279 2276 ad
1295 2208 1499 2283 Pontificem,

324 2335 440 2399 omisso
457 2334 571 2415 medio,
585 2335 637 2399 vel
653 2336 830 2422 Episcopus
846 2337 886 2401 sit
902 2335 1084 2401 immediate
1100 2336 1260 2401 subiectus
1273 2334 1347 2402 Sedi
1363 2336 1501 2422 Aposto

325 2458 417 2525 licae.
442 2459 528 2525 Talis
551 2460 735 2526 immediata
757 2460 913 2527 subiectio
940 2460 1078 2526 habetur
1100 2461 1153 2525 vel
1178 2462 1304 2526 ratione
1327 2459 1503 2545 privilegii,

326 2585 377 2649 vel
401 2586 476 2670 quia
499 2583 539 2649 de
562 2584 648 2651 iacto
665 2586 841 2670 Episcopus
863 2586 999 2651 alicuius
1015 2585 1255 2671 Metropolitani
1276 2590 1412 2650 nonest
1433 2584 1506 2651 suf·

325 2711 509 2795 fraganeus.
527 2712 706 2778 Praeterea
721 2714 868 2796 quamvis
883 2712 922 2776 ab
939 2713 1033 2777 huius
1049 2712 1271 2779 iurisdictione
1290 2733 1355 2777 non
1372 2712 1437 2777 sint
1452 2714 1510 2777 im·

325 2855 438 2901 munes
455 2837 614 2922 Episcopi,
631 2835 802 2920 aliquando
826 2838 952 2901 ratione
968 2855 1091 2903 consae
1107 2836 1159 2901 vel
1176 2837 1342 2903 maternae
1358 2834 1506 2902 obtinent

325 2960 410 3025 hanc
426 2960 639 3024 immediatam
656 2960 886 3025 subiectionem
901 2961 1046 3025 Romano
1062 2956 1220 3039 Pontifici,
1233 2960 1334 3025 veluti
1348 2962 1381 3025 iu
1398 2962 1508 3025 causis

325 3082 385 3147 sibi
407 3101 428 3145 a
450 3085 521 3148 iure
544 3084 704 3148 communi
728 3088 805 3168 puta
826 3102 847 3145 a
871 3082 1059 3149 Tridentino
1083 3080 1181 3148 Conc.
1201 3081 1255 3147 vel
1279 3101 1299 3146 a
1324 3082 1413 3167 Papa
1435 3102 1509 3167 spe·

326 3208 399 3273 ciali
415 3208 586 3293 privilegio
610 3206 818 3288 demandatis,
835 3212 871 3272 ut
895 3206 1035 3272 iudicent
1059 3226 1077 3269 ‹
1095 3212 1272 3291 tamquam
1287 3206 1432 3291 detepati
1450 3204 1509 3271 Se-

326 3331 380 3397 dis
402 3330 615 3429 Apostotieaq
631 3349 661 3405 »3
686 3335 763 3394 tunc
793 3330 889 3401 enim,
914 3330 1009 3395 misso
1025 3329 1298 3427 ¹Metropolitano,
1323 3328 1509 3398 immediate

325 3454 366 3519 ad
382 3453 497 3520 Sedem
513 3455 729 3539 Apostolicam
745 3454 936 3539 appellatur,
950 3454 1040 3519 salva
1055 3474 1183 3541 semper
1195 3454 1391 3539 Legatorum
1403 3453 1436 3519 S.
1449 3452 1508 3520 Se

326 3577 375 3643 dis
397 3585 430 3643 et
453 3579 645 3644 Nuntiorum
667 3579 860 3644 auctoritate
883 3598 946 3662 qua
968 3578 1099 3663 pollent,
1125 3578 1226 3662 ipsam
1250 3577 1371 3643 Summi
1395 3576 1505 3643 Ponti-

327 3700 396 3767 fieis
410 3722 582 3788 personam
597 3703 866 3789 praeseferentes.
884 3704 935 3771 Uti
951 3702 1090 3768 edictum
1113 3701 1174 3767 fuit
1188 3722 1208 3766 a
1225 3702 1390 3768 Clemente
1406 3700 1507 3783 Vlll,

327 3846 371 3891 ex
393 3828 538 3895 consulto
562 3828 592 3893 S.
618 3827 653 3894 O.
678 3830 744 3893 EE.
769 3834 802 3893 et
830 3829 900 3895 ita.
925 3848 954 3893 a.
982 3829 1077 3901 1600,
1102 3826 1163 3895 snb
1194 3832 1259 3893 art.
1286 3826 1318 3908 7,
1342 3828 1506 3911 sequentis

326 3956 462 4021 tenoris:
478 3976 496 4018 a
513 3954 566 4021 Ab
580 3955 806 4039 exequutione
829 3954 1043 4021 demetarum
1061 3952 1160 4021 Sacri
1179 3954 1302 4021 Concit.
1326 3952 1418 4020 Tria.
1443 3958 1505 4020 ant

335 4078 538 4146 thtationir
564 4078 779 4162 Apostolieae
801 4079 1046 4163 appellationes
1077 4098 1099 4143 a
1129 4076 1404 4161 Menoponcantr
1433 4096 1507 4145 non

325 4200 546 4284 recipiantur,
570 4221 632 4267 nee
661 4202 701 4267 si.
714 4202 874 4286 Episcopi
904 4202 1026 4268 uirtute
1050 4202 1200 4269 eiusdem
1231 4199 1330 4269 Sacri
1364 4202 1509 4269 Consilii

322 4326 524 4408 procedant,
540 4326 590 4391 nti
615 4324 713 4393 Sedis
736 4326 949 4411 Apostotieoe
970 4327 1116 4413 detepuit
1138 4328 1175 4393 in
1199 4328 1310 4395 causis
1325 4347 1414 4413 qnae
1437 4328 1503 4397 snb

326 4468 446 4515 eornm
469 4448 700 4517 iurisdictione
730 4451 912 4517 ordinario
938 4471 1009 4518 non
1037 4450 1383 4535 comprehendantur,
1407 4455 1509 4521 salua
