3350 5117
304 325 372 392 582
831 346 916 394 runs
942 346 964 393 1.

311 477 415 539 coust.
441 472 570 555 Saepe:
588 472 659 538 ‹Si
675 478 788 540 tomen
799 472 838 539 iu
856 473 1058 557 praemissis
1075 472 1208 541 erubrus
1229 474 1389 542 solemnis
1403 476 1493 543 ordo

307 595 512 663 iudieicrius
533 597 572 661 iu
595 601 661 663 toto
684 598 737 663 oet
760 597 798 663 iu
817 604 931 682 parte,
956 618 1027 665 nou
1050 598 1357 666 contradicentibus
1375 600 1490 685 pcrti-

313 722 384 797 bus,
409 722 614 799 observetur,
638 744 709 791 uou
732 725 796 791 erit
818 744 1001 808 processus
1023 729 1169 809 propter
1191 726 1254 793 boc
1278 726 1398 792 irritus
1426 746 1494 793 nec

309 846 412 912 etiam
435 846 671 913 irritandus»
695 848 748 913 Ex
772 847 885 932 quibus
908 839 991 912 haec
1014 854 1203 915 teneantur:

401 969 432 1055 1)
457 974 491 1035 in
521 974 708 1058 praemissis
738 972 866 1038 casibus
888 978 998 1059 partes
1027 992 1121 1058 posse
1145 978 1256 1058 petere
1283 993 1303 1038 a
1326 972 1430 1037 iudice
1452 978 1490 1037 ut

304 1092 502 1178 procedatur
524 1094 649 1162 iudicio
674 1094 869 1177 ordinaria
891 1100 924 1159 et
946 1094 1045 1160 iudex
1067 1095 1131 1160 hoc
1153 1094 1318 1167 concedet,
1343 1096 1404 1159 nisi
1428 1114 1489 1159 ex·

307 1236 419 1301 presse
443 1217 654 1303 prohibeatur
677 1240 698 1283 a
720 1220 847 1286 ratione
863 1218 938 1283 boni
961 1217 1090 1304 publici,
1115 1224 1170 1282 aut
1192 1238 1212 1282 a
1233 1218 1384 1283 mandato
1404 1218 1489 1282 Pon·

305 1339 410 1406 tificis.
435 1342 591 1427 Exceptis
615 1343 701 1407 enirn
729 1340 910 1407 huiusmodi
938 1340 1073 1413 casibus,
1099 1343 1130 1405 in
1154 1340 1226 1406 aliis
1252 1344 1370 1427 privati
1398 1343 1491 1407 ciues

305 1464 370 1529 iuri
392 1484 451 1531 suo
474 1467 670 1531 renunciare
686 1468 806 1540 valent,
823 1488 939 1553 nempe
955 1468 1120 1553 processui
1136 1468 1310 1531 summario
1326 1466 1359 1530 in
1375 1466 1489 1531 huius-

309 1587 394 1653 modi
426 1590 532 1655 causis
562 1588 601 1653 ad
630 1588 748 1653 bonum
778 1590 940 1673 privatum
970 1590 1152 1655 constituto
1178 1590 1217 1653 ln
1247 1608 1369 1673 genere
1395 1606 1490 1659 vero,

309 1712 408 1779 iudex
431 1714 464 1779 in
488 1715 593 1780 causis
609 1713 773 1799 expressis
791 1714 824 1778 in
841 1714 893 1779 ui.
911 1719 1012 1780 coust.
1031 1719 1063 1778 et
1085 1714 1118 1777 in
1134 1714 1206 1777 aliis
1222 1711 1376 1809 similibus
1392 1710 1490 1776 debet

308 1858 491 1925 proponere
503 1844 536 1902 et
548 1837 713 1903 inculcare
726 1839 822 1903 ritum
835 1838 1074 1909 summarium,
1089 1838 1148 1903 nisi
1162 1836 1366 1904 rationaliter
1378 1839 1492 1921 partes

308 1962 499 2048 praeierant
508 1980 707 2045 processum
724 1962 942 2030 ordinarium
946 1982 960 2045 ,·

398 2082 433 2169 2)
458 2082 592 2157 Quando
617 2088 727 2169 partes
743 2102 808 2147 non
833 2085 1041 2155 conveniunt,
1059 2097 1154 2167 quum
1179 2084 1283 2149 altera
1297 2082 1492 2149 summario

309 2228 474 2294 processu,
506 2210 610 2274 altera
640 2208 819 2276 ordinario
852 2209 1031 2294 procedere
1062 2208 1256 2295 expostulet,
1280 2209 1307 2272 si
1335 2226 1380 2272 esc
1409 2206 1492 2272 iure

306 2338 419 2419 aperte
443 2353 508 2398 non
531 2340 649 2418 pateat,
674 2354 717 2398 an
741 2354 836 2399 causa
862 2334 979 2400 iudicio
1003 2334 1177 2401 summario
1200 2334 1254 2399 vel
1277 2334 1382 2418 potius
1405 2330 1492 2395 ordi·

308 2457 402 2521 nario
425 2454 624 2521 subiicienda
647 2459 698 2531 sit,
722 2478 743 2522 a
765 2456 870 2522 iudice
901 2478 960 2542 per
988 2458 1178 2523 sententiam
1210 2454 1489 2521 interlocutoriam

310 2578 570 2665 praeiudicialem
588 2579 651 2644 hoc
674 2580 954 2645 determinandum
971 2586 1028 2645 est.
1047 2578 1151 2646 Semel
1168 2599 1247 2644 vero
1264 2577 1326 2643 hoc
1345 2575 1490 2657 definite,

307 2706 406 2772 iudici
422 2724 488 2771 non
512 2706 563 2771 ias
577 2711 635 2778 est,
660 2704 806 2789 partibus
830 2706 948 2777 invitis,
962 2708 1051 2789 sequi
1068 2724 1252 2790 processum
1269 2702 1488 2770 ordinarium

307 2832 509 2915 potiusquam
531 2829 769 2894 summarium.

396 2955 431 3041 3)
454 2954 517 3021 Sed
541 2957 574 3019 in
598 2975 751 3039 processu
768 2955 942 3020 summario
957 2960 1091 3038 possunt
1108 2954 1204 3020 etiam
1228 2952 1396 3018 observari
1411 2970 1492 3017 non-

305 3080 387 3146 nulli
410 3086 501 3147 actus
517 3080 669 3145 solemnis
685 3078 793 3145 iudicii
817 3080 998 3151 ordinarii,
1016 3077 1161 3165 partibus
1177 3084 1233 3144 aut
1244 3076 1489 3164 postulantibus,

308 3212 453 3273 autnon
477 3204 779 3271 contradicentibus.

396 3330 431 3416 4)
455 3332 501 3396 At
522 3336 614 3397 recia
636 3351 809 3415 processus
834 3330 997 3395 ordinatio
1022 3332 1132 3415 exigit,
1160 3334 1192 3395 ut
1215 3334 1324 3414 partes
1348 3330 1380 3392 in
1395 3346 1492 3393 exor—

289 3454 358 3521 -dio
380 3455 447 3521 litis
463 3456 642 3529 declarent,
659 3475 701 3519 an
727 3454 906 3541 procedere
922 3456 1023 3520 velint
1045 3454 1234 3521 summario
1251 3472 1292 3518 an
1309 3451 1490 3519 ordinario

268 3620 271 3623 -
306 3577 419 3654 modo;
443 3583 476 3644 et
498 3578 618 3644 dehac
641 3580 807 3643 voluntate
830 3579 864 3642 in
881 3579 961 3642 aclis
985 3582 1119 3658 constet,
1145 3578 1213 3642 sive
1236 3576 1333 3641 tacite
1349 3576 1417 3640 sive
1433 3593 1492 3640 em·

304 3721 425 3787 presse
446 3700 658 3768 manifestata.

393 3827 427 3915 5)
453 3827 579 3893 Verum
603 3801 773 3909 quaeritur
789 3828 876 3891 iuter
891 3826 956 3891 DD.
973 3844 1025 3906 an,
1039 3824 1166 3909 quando
1186 3842 1285 3889 causa
1299 3822 1493 3889 suutmario

308 3970 464 4038 processu
487 3949 648 4035 agitanda,
665 3948 705 4015 de
719 3950 861 4036 partium
874 3949 1041 4014 voluntate
1057 3947 1236 4014 ordinario
1252 3947 1368 4013 iudicio
1384 3946 1493 4013 disce-

306 4077 427 4159 ptetur,
452 4071 560 4138 valeat
583 4072 744 4137 sententia
765 4071 902 4157 prolata,
920 4090 985 4134 non
1009 4070 1146 4135 servatis
1169 4068 1423 4135 solemnitatibus
1439 4088 1496 4133 ne·

312 4200 463 4265 cessariis
486 4201 520 4263 in
544 4219 699 4285 processu
722 4198 862 4264 formali.
880 4232 923 4246 -
940 4193 1035 4261 Reiff.
1060 4196 1105 4262 tit.
1124 4196 1174 4261 De
1188 4194 1259 4260 iud.
1275 4214 1309 4259 n.
1325 4194 1370 4260 51
1388 4195 1496 4259 citans

228 4388 232 4396 ,
315 4324 363 4388 De
378 4324 477 4405 Luco,
495 4322 550 4389 De
564 4323 646 4404 iud,
663 4324 744 4389 disc.
760 4324 788 4399 1,
804 4344 838 4389 u.
854 4321 908 4403 12,
924 4320 977 4403 13,
993 4326 1101 4406 negat.
1118 4320 1295 4385 -Contra
1310 4320 1425 4390 Bouix,
1443 4319 1496 4385 De

301 4446 372 4513 iud.
398 4447 487 4524 eccl„
513 4446 561 4530 Il,
580 4467 618 4532 p.
643 4446 718 4513 309
740 4443 933 4513 affirmative
957 4444 1128 4532 respondet
1153 4444 1284 4509 innixus
1307 4442 1454 4509 facultati
1471 4464 1494 4510 a
