3350 5117
538 366 582 413 or
606 326 744 413 inntens
769 364 1034 411 acatasmsmcrs
1307 347 1374 412 517

190 490 243 551 est
269 506 285 547 r
310 486 482 569 scriptura
505 486 552 551 act
575 484 846 552 constituendam
872 485 1017 553 alicuius
1039 485 1092 551 rei
1113 484 1272 567 sattrram
1291 505 1375 569 pro

191 608 362 677 bationcm
376 608 528 691 confecta
541 629 572 673 ».
591 610 722 675 Revera
735 607 810 673 iare
827 608 1000 675 cominuni
1013 628 1088 675 can.
1106 610 1139 673 in
1160 606 1284 675 actibus
1300 629 1375 673 con-

191 732 338 799 ticiendis
353 734 515 818 scriptura
530 738 578 797 est
590 731 745 816 quaedam
762 731 949 797 solemnitas
963 730 1004 796 ad
1015 731 1256 815 probationem
1270 742 1374 817 actus,

193 878 258 923 non
281 858 322 924 ad
338 862 406 925 eius
421 856 644 925 substanttam
651 878 665 939 ,·
689 858 812 923 scilieet
828 864 921 923 actus
944 858 976 922 vi
992 876 1052 922 sua
1067 858 1176 943 pollet,
1200 856 1373 925 deficiente

190 997 318 1066 quoque
341 983 564 1055 instrumento,
582 970 752 1045 dum‘modo
776 980 856 1045 alias
879 980 1010 1065 probari
1027 982 1144 1047 valeat.
1163 983 1372 1049 Contrarium

191 1108 308 1191 passim
333 1107 468 1171 invaluit
492 1104 653 1171 codicibus
670 1104 843 1178 hodiernis,
860 1104 974 1189 quibus
989 1108 1153 1191 scriptura
1169 1108 1315 1192 exigitur
1330 1106 1371 1171 ad

192 1232 291 1315 ipsam
315 1239 408 1297 actus
431 1229 639 1297 substantiam
664 1230 721 1315 (1).

282 1355 357 1419 508.
386 1355 441 1419 Ius
470 1352 696 1439 praescribens
726 1354 921 1437 scripturam
952 1372 1011 1438 pro
1041 1352 1199 1437 aliquibus
1229 1353 1371 1427 actibus,

190 1476 332 1543 eiusdem
358 1476 484 1541 modum
508 1484 540 1540 et
558 1477 694 1540 sormam
719 1477 891 1544 constituit.
908 1495 966 1541 seu
989 1477 1133 1540 notarios
1151 1475 1320 1561 deputarit
1337 1483 1370 1542 et

189 1602 271 1666 alias
303 1603 491 1689 recognovit
521 1602 667 1687 publicas
698 1622 853 1686 personas
882 1624 942 1688 pro
973 1602 1097 1668 actibus
1124 1603 1368 1670 conscribendis

190 1722 253 1789 snb
277 1728 369 1789 corta
391 1722 517 1805 forma.
543 1722 637 1787 Tales
666 1724 848 1809 scripturae
879 1729 954 1788 sunt
977 1726 1192 1789 instrumenta
1218 1724 1375 1807 publica.

286 1846 505 1911 Instrumenta
520 1866 598 1909 vero
614 1845 743 1911 dicuntu
749 1866 765 1910 r
775 1846 925 1929 priuata,
938 1867 1022 1931 quae
1038 1844 1253 1912 conficiuntur
1267 1868 1288 1912 a
1300 1870 1375 1935 per-

191 1988 273 2033 sona
295 1970 422 2054 privata
446 1967 503 2032 snb
526 1988 724 2053 quacumque
745 1968 860 2050 torma,
892 1974 1005 2053 suapte
1027 1968 1069 2048 vi,
1094 1970 1301 2035 accommoda
1330 1972 1372 2035 ad

192 2090 286 2157 fidem
313 2092 493 2169 faciendam
519 2096 566 2159 rei
591 2099 716 2179 gestae;
743 2094 784 2159 cl.
799 2115 826 2159 c.
844 2114 871 2159 c.
892 2094 983 2174 7,11,
1001 2095 1051 2161 De
1070 2094 1167 2177 prob.
1180 2096 1215 2159 X
1228 2094 1285 2179 (ll,
1309 2096 1373 2182 ro).

281 2216 462 2284 Publicium
475 2218 556 2283 solet
568 2218 726 2283 subdividi
742 2221 774 2281 in
792 2216 1003 2302 protocollum
1017 2216 1063 2303 (2)
1078 2224 1110 2282 et
1122 2224 1373 2304 transumptum.

192 2342 423 2409 Protocoltam
447 2348 494 2407 est
510 2343 684 2407 summaria
707 2340 863 2425 quaedam
887 2349 920 2405 et
943 2342 1089 2406 succinta
1106 2347 1197 2407 actus
1221 2344 1303 2427 gesti
1321 2343 1375 2407 ad-

193 2468 314 2534 notatio
346 2470 519 2533 memoriae
550 2470 650 2533 causa
679 2467 776 2535 tacta.
809 2487 851 2531 ex
885 2479 949 2551 qua
983 2462 1093 2551 postea
1123 2469 1372 2533 instrumentum

193 2594 226 2657 in
251 2591 424 2657 solemnem
452 2592 588 2657 formam
620 2590 806 2657 extenditur
837 2597 869 2656 et
899 2590 1066 2677 redigitur.
1101 2592 1373 2675 Transamptam

192 2722 300 2783 autem
332 2721 381 2783 est
415 2718 517 2802 ipsum
553 2717 710 2801 originale
746 2718 993 2781 instrumentum
1030 2736 1072 2780 ex
1105 2718 1287 2802 protocollo
1318 2718 1375 2783 de·

191 2848 364 2927 sumptum,
384 2845 496 2925 inquo
521 2842 615 2939 plene
638 2847 670 2907 et
694 2862 765 2906 curn
791 2841 905 2907 debitis
928 2843 1181 2909 solemnitatibus
1206 2866 1259 2910 res
1283 2851 1376 2931 gesta

194 2988 252 3052 per
283 2974 450 3032 extensum
475 2968 655 3054 exponitur.
686 2968 829 3051 Utraque
858 2968 1062 3032 instrumenti
1095 2968 1202 3033 forma
1225 2970 1290 3033 vim
1314 2990 1376 3054 pu-

192 3091 267 3157 blici
291 3096 381 3157 actus
411 3091 518 3165 habet,
547 3092 759 3157 dummodoa
789 3091 918 3177 publica
949 3112 1106 3177 persona,
1132 3092 1239 3159 debita
1268 3095 1375 3161 torma

186 3216 342 3282 ‚conlecta
366 3219 415 3282 slt.

282 3338 359 3403 509.
374 3338 484 3413 Quoad
501 3340 626 3423 privata
642 3339 855 3403 instrumenta
870 3340 1016 3423 apprime
1032 3338 1271 3424 distinguantur
1286 3360 1377 3425 quae
1458 3410 1463 3426 ,

194 3460 343 3525 referunt
374 3460 639 3545 subscriptionem
665 3462 822 3525 interesse
846 3459 1002 3531 habentis.
1028 3468 1060 3526 et
1083 3461 1188 3528 solent
1210 3463 1373 3547 appellari

193 3586 336 3669 apocha,
353 3586 630 3672 chirographum,
647 3586 850 3672 syngrapha
854 3606 869 3669 ‚·
893 3592 925 3651 et
940 3606 1022 3670 quae
1046 3607 1110 3651 non
1137 3587 1284 3652 referunt
1298 3587 1376 3663 sub-

194 3712 411 3797 scriptionem,
428 3719 464 3778 ut
478 3716 553 3777 sunt
575 3711 649 3776 libri
665 3712 841 3779 rationum
865 3718 1103 3785 mercatorum,
1120 3714 1377 3780 nummulario-

194 3858 283 3918 ram,
309 3842 469 3910 tutorum,
494 3843 692 3905 curatorum
722 3842 754 3901 et
777 3836 1107 3909 administratoriam,
1129 3843 1161 3902 et
1191 3839 1225 3901 in
1248 3857 1375 3923 genere

193 3980 305 4027 omnes
329 3959 411 4025 aliae
435 3963 580 4047 privatae
603 3960 837 4027 adnotationes.

284 4151 323 4222 (l)
344 4152 383 4207 Ct.
404 4152 574 4207 D'Annibale
593 4152 625 4219 ll,
644 4151 698 4205 312
723 4157 751 4205 et
777 4152 834 4204 cod.
861 4150 1057 4205 hodiernorum
1081 4151 1316 4221 praescriptiones
1335 4151 1375 4204 ibi

195 4258 355 4315 recensitas.

284 4369 323 4438 (2)
344 4368 494 4421 Protocolli
509 4384 609 4421 nomen
630 4366 738 4421 derivat
751 4383 767 4417 a
780 4364 862 4434 signo
880 4364 998 4435 quodam
1012 4365 1040 4418 iu
1053 4365 1145 4434 capite
1158 4364 1273 4419 chartae
1292 4381 1378 4435 appo·

195 4477 266 4541 sit03
287 4490 385 4545 nempe
404 4492 420 4528 a
439 4473 536 4528 charta
555 4472 650 4543 sigillo
670 4472 779 4527 munita
798 4471 843 4526 rel
863 4472 978 4526 battuta.
997 4470 1038 4527 Ct.
1059 4472 1130 4526 Nou.
1149 4472 1200 4537 44,
1219 4491 1272 4543 cap
1293 4474 1321 4524 2.
