3350 5117
541 261 585 308 ns
608 259 749 309 runicus
771 261 1037 310 scennsrusrrcrs
1314 242 1382 310 219

198 383 261 449 ius
285 383 415 450 dominii
437 384 604 451 limitando
627 387 696 450 eius
717 385 855 450 liberum
879 385 1089 453 eae-citium.
1115 385 1271 472 Distingui
1296 387 1382 452 enim

198 506 349 591 apprime
371 505 466 573 debet
488 509 591 594 ipsum
607 507 662 573 ius
684 507 825 583 dominii,
843 507 927 592 quod
949 509 1021 573 iure
1036 507 1175 574 naturali
1197 509 1383 574 continetur

199 651 309 717 neque
331 633 398 699 ulla
416 634 558 699 humana
581 635 654 720 lege
676 634 842 700 inductum
867 635 936 708 tuit,
953 633 994 699 eb
1010 635 1095 701 illius
1110 635 1280 708 etoercitiu
1298 632 1383 719 quod

197 757 277 843 lege
309 759 452 824 naturali
485 780 550 824 uon
585 759 714 824 iubetur
748 766 781 824 et
813 759 914 825 multo
955 761 1060 826 minus
1096 759 1137 825 ad
1168 765 1290 826 certam
1318 759 1383 824 ior-

200 899 288 945 mam
311 879 556 947 determinatur.
582 882 745 966 Siquidem
769 883 917 949 homines
941 883 1069 949 civilem
1096 883 1282 950 societatem
1309 901 1383 948 con·

199 1004 374 1070 stituentes
403 1005 515 1071 retent
538 1008 739 1073 renunciare
761 1009 888 1093 privato
911 1009 1069 1073 exercitio
1092 1008 1172 1074 iuris
1195 1007 1325 1073 dominii
1349 1010 1382 1071 et

200 1127 287 1193 bona
308 1132 342 1194 in
366 1129 569 1196 communem
592 1152 684 1198 usum
709 1131 904 1198 distribuere
921 1131 980 1216 (l).
997 1169 1040 1182 -
1057 1134 1189 1199 Potiore
1212 1134 1284 1198 iure
1303 1151 1381 1198 oon-

199 1255 333 1321 stitutae
355 1261 431 1322 sunt
453 1258 637 1330 servitutes,
657 1276 739 1341 quae
762 1258 900 1322 limitent
923 1257 1055 1323 dominii
1078 1279 1179 1340 usum,
1197 1257 1253 1323 sed
1276 1259 1380 1343 ipsum

199 1376 375 1444 dominium
399 1399 465 1444 non
488 1380 647 1454 scindunt,
672 1381 718 1446 uti
741 1380 910 1466 eleganter
933 1383 1086 1466 exprimit
1109 1383 1167 1447 leuc
1188 1381 1248 1456 25,
1271 1383 1307 1466 ff.
1327 1379 1382 1446 De

199 1500 292 1567 verb.
307 1503 446 1588 siqnifi:
472 1506 580 1588 <quia
603 1504 805 1570 ususfructus
828 1524 893 1569 non
916 1504 1047 1570 dominii
1070 1525 1146 1590 pars
1161 1504 1217 1570 sed
1241 1505 1382 1571 servitus

200 1628 252 1699 sit,
277 1633 315 1694 ut
334 1628 390 1692 via
413 1633 446 1693 et
468 1630 541 1702 iter,
565 1649 627 1694 nec
651 1629 735 1695 falso
758 1628 820 1695 dici
844 1619 946 1695 totum
968 1649 1074 1696 meum
1097 1649 1177 1703 esse,
1201 1629 1292 1694 ouius
1315 1648 1380 1693 non

198 1756 306 1836 potest
328 1753 395 1817 ulla
417 1773 495 1839 pars
517 1753 581 1820 dici
603 1755 737 1821 alterius
760 1774 831 1820 esse
922 1777 940 1820 a
967 1755 1012 1836 (2)

290 1875 325 1961 2)
350 1879 554 1962 disponendi
560 1898 575 1963 ,·
598 1899 655 1944 seu
679 1881 779 1964 ipsam
805 1899 873 1944 rem
898 1877 982 1964 apud
1004 1898 1039 1943 se
1056 1877 1215 1944 retinendi
1233 1898 1270 1943 eo
1287 1876 1381 1942 modo

198 1999 374 2082 quolibet,
398 2001 452 2066 vel
473 2000 645 2083 alienandi,
669 2002 722 2066 vel
746 2003 843 2066 etiam
867 2002 1104 2068 immutationes
1132 2021 1189 2066 seu
1219 1996 1379 2065 diversam

292 2245 333 2318 (1)
352 2244 477 2302 Maxime
500 2248 619 2303 interest
642 2247 815 2318 distinguere
838 2253 882 2302 ius
901 2251 1017 2303 dominii
1037 2251 1073 2304 eb
1097 2249 1158 2303 eius
1182 2247 1323 2314 euercitiq
1345 2245 1379 2299 ad

202 2351 346 2407 reicienda
368 2350 539 2422 sophismate
562 2353 715 2407 socialisms'
733 2358 761 2407 et
785 2355 984 2408 communismi.
1005 2351 1166 2407 Huiusmodi
1189 2353 1264 2408 enim
1287 2356 1379 2424 syste-

199 2459 287 2511 matis
303 2461 428 2514 fautores
447 2465 576 2515 asserunt
593 2461 710 2514 dominii
721 2463 765 2514 ius
784 2477 839 2513 non
859 2476 954 2515 essee
978 2465 1078 2514 nature
1103 2457 1245 2512 hominum
1270 2473 1380 2527 compa·

199 2570 305 2629 ratum,
323 2566 372 2621 sed
389 2567 524 2636 prodiisse
543 2585 560 2621 a
579 2569 824 2622 constitutionibus
844 2568 974 2637 politicis.
993 2568 1064 2622 Hinc
1089 2572 1188 2622 notant
1213 2567 1284 2636 apud
1304 2568 1378 2620 anti-

199 2676 314 2744 quiores
333 2673 449 2744 populos
468 2680 551 2730 antee
564 2675 682 2730 inveniri
701 2678 819 2730 sormam
836 2677 1036 2730 communionis
1049 2677 1192 2738 bonorum,
1206 2678 1303 2744 postea
1313 2691 1378 2744 pro·

196 2786 337 2853 prietatis.
348 2812 384 2826 -
396 2783 450 2838 Sed
462 2785 545 2838 cardo
558 2783 728 2855 quaestionis
740 2791 784 2839 est
796 2803 831 2838 an
846 2785 1001 2838 huiusmodi
1021 2786 1176 2838 communio
1190 2782 1320 2838 excludet
1335 2785 1380 2836 ius

198 2893 327 2945 dominii.
347 2890 471 2945 lamvoro
490 2893 518 2945 in
537 2891 613 2947 hisce
632 2893 766 2946 bonorum
795 2893 1043 2958 communionibus,
1061 2907 1133 2962 quae
1152 2890 1332 2945 inveniuntur
1350 2889 1378 2942 in

198 3000 323 3056 exordiis
340 2999 386 3054 vel
404 3000 498 3069 gentis
515 2998 653 3055 bumenee
672 3000 717 3055 vel
737 3001 878 3055 cuiusdam
897 2999 1001 3070 popuii,
1020 2998 1138 3055 hebetur
1157 3001 1311 3053 dominium
1323 2999 1380 3054 col·

203 3109 354 3174 testebant,-
372 3107 444 3177 qnod
463 3106 565 3162 residet
583 3106 655 3176 apud
671 3105 808 3177 singulos,
827 3109 905 3162 cnins
925 3107 1098 3172 exercitium,
1116 3107 1151 3160 ob
1176 3123 1231 3160 non
1253 3089 1377 3160 habitem

201 3215 339 3268 bonorum
358 3212 530 3272 divisionem.
549 3230 578 3267 se
598 3214 724 3268 extendit
736 3213 883 3267 adomnia
895 3214 968 3267 bona
982 3213 1103 3266 obnoxia
1116 3213 1176 3266 usui
1189 3211 1265 3265 illius
1278 3212 1377 3282 gentis.

199 3350 238 3362 -
255 3321 300 3374 lia
318 3322 412 3385 etiam,
434 3321 542 3390 partim,
561 3323 665 3375 sactum
685 3338 745 3376 esse
764 3321 920 3375 invenimus
944 3321 972 3375 in
998 3319 1115 3374 historie
1140 3318 1233 3388 popuii
1257 3319 1377 3382 romani;

199 3426 329 3495 quamvis
347 3425 392 3477 ius
404 3426 520 3478 dominii
532 3424 610 3478 nuile
629 3425 692 3495 lege
711 3435 760 3479 aut
773 3431 880 3479 statuto
893 3425 1034 3478 inductum
1048 3424 1093 3477 sit.
1106 3453 1142 3506 ''.
1155 3423 1193 3478 De
1212 3429 1296 3492 gente
1308 3423 1377 3478 Ger-

201 3528 315 3582 manica
333 3533 363 3582 et
381 3527 465 3580 Sieve
478 3528 545 3581 item
564 3528 762 3582 advertendum
782 3533 831 3582 est.
851 3527 892 3580 Cf.
912 3529 999 3582 Tacit.
1019 3547 1040 3582 c.
1066 3529 1121 3591 263
1147 3531 1176 3580 et
1201 3525 1376 3582 lui-Caesar.

198 3633 241 3685 De
262 3631 349 3685 Bello
364 3631 484 3697 Gallico,
499 3630 549 3693 IV,
564 3633 587 3697 t,·
605 3630 762 3697 vt,21-22‚·
782 3636 811 3685 et
828 3630 933 3684 Alfi-ed.
953 3631 1039 3685 Sudre
1057 3631 1180 3684 Histoire
1199 3633 1237 3684 du
1253 3631 1379 3684 Commu·

198 3742 291 3792 nisme
310 3755 347 3792 ou
365 3739 528 3808 Resutution
546 3739 713 3808 historiques
730 3739 781 3792 des
799 3736 1378 3808 tctopiessoeialr'steuBruxelies18503et

201 3843 331 3899 Laurent
357 3845 464 3899 Etudes
488 3861 539 3898 sur
568 3845 704 3899 l'histoire
730 3847 766 3899 de
794 3845 963 3910 i'humunite',
988 3847 1017 3900 T.
1040 3845 1129 3913 11,0t
1153 3845 1251 3909 Divum
1279 3842 1375 3897 Thom.

205 3953 316 4011 Quaem.
335 3951 442 4020 Disp'ut.
462 3951 505 4005 De
523 3951 611 4016 Molo,
630 3967 655 4020 q.
677 3949 762 4007 xm.
780 3969 806 4004 a.
826 3951 848 4018 1,
869 3979 882 3990 ·
902 3951 943 4004 De
969 3951 1098 4016 Veritatis,
1118 3967 1142 4021 q.
1168 3949 1230 4016 VII,
1248 3967 1273 4003 α.
1296 3949 1323 4002 7.

288 4059 329 4127 (2)
349 4057 441 4119 Quare
460 4059 606 4112 admodum
625 4058 776 4128 impropria
794 4063 837 4112 est
856 4057 998 4112 distinctio
1018 4061 1044 4112 in
1070 4060 1221 4114 dominium
1241 4061 1377 4115 directum

201 4168 231 4218 et
252 4165 335 4232 utile3
348 4166 470 4235 pienum
488 4169 517 4220 et
535 4167 628 4218 minus
645 4166 776 4235 plenum,¹
795 4165 861 4235 quie
887 4165 999 4219 unicum
1024 4171 1052 4220 et
1076 4166 1248 4220 individuum
1274 4166 1377 4220 estius

196 4271 324 4336 dominii,
342 4275 373 4326 et
390 4271 542 4327 dominium
561 4273 642 4338 utile,
659 4276 752 4326 minus
766 4274 895 4343 plenum,
910 4278 1008 4343 utpute
1021 4273 1049 4326 in
1062 4272 1247 4344 emphyteusi,
1262 4290 1317 4328 non
1330 4271 1378 4326 ha-

196 4375 288 4443 betur,
305 4373 355 4430 md
371 4375 417 4429 ius
434 4377 465 4428 s'n
482 4393 516 4430 re
532 4375 636 4430 clieta.
