3350 5117
462 299 506 345 on
530 299 669 345 runicus
693 299 957 348 eccnnsmsrrcrs
1232 283 1296 346 477

129 417 320 504 dispendium
343 417 451 484 iudicii
475 419 603 504 priuata
625 419 841 485 conventione
872 440 936 485 una
962 411 1039 505 pars
1061 421 1157 486 alteri
1181 421 1298 501 defert,

128 541 181 606 sub
202 561 241 606 ea
264 542 457 622 conditione,
473 549 507 608 ut
528 544 555 607 si
581 563 661 608 ausa
676 543 777 608 fuerit
791 545 912 616 iurare,
930 545 1145 610 iuramentum
1161 567 1222 632 pro
1244 566 1298 610 ve·

128 670 216 734 ritate
231 669 401 744 habeatur,
420 675 454 736 et
469 673 580 735 iurans
595 670 715 754 absque
731 671 796 735 alio
811 690 966 756 processu
981 692 1070 736 suam
1087 673 1297 739 intentionem

127 803 319 880 assequatur.
335 795 403 863 Sub
419 800 482 863 boc
498 818 595 864 sensu
610 818 690 862 vera
706 805 755 865 est
771 799 866 864 Pauli
881 797 1028 864 doctrina
1050 799 1083 863 in
1107 801 1127 866 t.
1143 799 1178 870 2,
1194 800 1230 882 ff.
1247 799 1298 864 De

126 921 277 987 iureiurs
304 939 322 983 ‹
338 920 583 986 iusiurandum
595 921 743 1004 speciem
764 920 1006 988 transactionis
1026 921 1173 987 conduct
1188 943 1217 985 ›.
1236 921 1296 996 Qui

126 1051 204 1112 euim
233 1047 343 1114 taliter
374 1046 587 1126 conveniunt,
612 1045 730 1111 cedunt
760 1047 821 1112 iuri
854 1067 911 1112 sno
939 1049 1074 1113 ulterius
1102 1047 1295 1131 inquirendi,

125 1172 264 1256 idemque
295 1171 487 1256 experiundi
511 1173 544 1236 in
568 1170 684 1236 iudicio
707 1191 767 1256 per
797 1170 1034 1256 diligentiorem
1059 1172 1107 1236 sui
1131 1173 1210 1237 iuris
1240 1174 1295 1236 in-

125 1299 320 1382 quisitionem
344 1317 407 1364 nec
429 1317 495 1361 uon
518 1297 744 1362 solemniorem
762 1300 1005 1364 controversiae
1021 1295 1248 1364 definitionem.

205 1421 280 1488 457.
306 1423 359 1486 Ex
390 1421 452 1485 hac
482 1425 602 1487 natura
636 1422 809 1490 iuramenti
845 1422 1097 1488 extraiudicialis
1128 1423 1293 1505 sequitur:

208 1547 240 1626 l)
263 1567 320 1611 eos
342 1565 454 1611 omnes
485 1545 555 1610 boc'
579 1545 735 1612 adhibere
765 1567 868 1632 posse,
890 1549 943 1632 qui
974 1547 1158 1632 transigere
1185 1547 1297 1610 valent

121 1669 227 1752 eisque
249 1670 283 1733 in
306 1669 413 1733 causis
435 1668 647 1733 transactioni
671 1667 830 1734 obnoxiis.

203 1791 239 1876 2)
263 1792 426 1856 Praestito
449 1793 632 1859 iuramento
655 1812 720 1856 uon
737 1797 840 1876 potest
855 1794 907 1878 agi
924 1791 964 1857 ad
981 1792 1058 1856 illud
1076 1791 1293 1857 revocandum

119 1937 172 1981 seu
195 1917 445 1983 rescindendum
469 1909 641 2005 praetextu
663 1920 861 2003 pe1·iu1·ii,ut
883 1917 981 1983 habet
996 1919 1016 1982 l.
1033 1921 1052 1982 1
1067 1919 1140 1984 cod.
1157 1919 1207 1984 De
1221 1918 1291 1985 reb.

118 2042 202 2108 cred.
220 2079 265 2092 -
289 2043 400 2106 Veluti
424 2042 450 2106 si
476 2046 588 2126 postea
610 2043 818 2126 reperiantur
838 2043 1060 2114 instrumenta,
1074 2040 1159 2105 unde
1175 2046 1293 2126 patent,

118 2167 231 2233 falsum
256 2169 397 2232 iuratum
421 2167 538 2242 luisse;
563 2186 638 2231 nam
658 2166 876 2251 praesumitur
891 2167 1105 2232 iuramentum
1123 2165 1211 2233 boun
1225 2167 1293 2252 fide

115 2296 303 2378 praestitum
326 2294 436 2373 fuisse,
460 2294 521 2358 nisi
545 2292 744 2357 contrarium
768 2293 941 2359 euidenter
964 2299 1097 2367 constet,
1123 2299 1233 2380 utputa
1249 2313 1290 2358 ex

115 2419 317 2486 confessione
339 2420 439 2503 ipsius
463 2418 611 2483 iurantis.
635 2453 679 2466 —
703 2418 793 2482 Tunc
823 2435 903 2481 sane
930 2417 1144 2482 iuramentum
1169 2419 1291 2482 rescin-

116 2541 198 2608 ditur
228 2550 262 2610 et
292 2546 358 2610 alia
379 2564 456 2629 pars
488 2543 636 2608 redditur
665 2540 834 2608 indemnis.
859 2541 1107 2606 -Praeterea
1136 2539 1171 2607 fit
1201 2543 1292 2606 locus

115 2670 306 2743 remissioni,
323 2671 350 2734 si
367 2672 493 2734 constet
514 2669 690 2733 laesionem
713 2667 827 2732 adesse
851 2667 1117 2740 enormissimam,
1135 2670 1226 2732 iuxta
1243 2667 1290 2732 di-

112 2797 162 2857 cta
184 2815 244 2858 suo
267 2794 349 2869 loco;
373 2793 417 2875 cf.
441 2813 476 2858 u.
501 2791 554 2857 13.

197 2917 232 3000 3)
268 2917 415 3000 Denique
449 2914 591 2982 advertit
626 2916 781 3013 Ulpianus
817 2917 850 2980 in
886 2917 907 2980 l.
938 2916 971 2997 5,
1000 2917 1111 3000 ffiDe
1134 2915 1291 2982 iuretur..¹

113 3039 237 3107 «Dato
260 3040 488 3107 iureiurando
518 3059 589 3105 uon
615 3039 713 3105 aliud
735 3041 915 3125 quaeritur
937 3059 1043 3124 quous
1067 3058 1113 3105 au
1136 3040 1290 3104 iuratum

107 3164 157 3236 sit,
173 3165 320 3231 remissa
335 3165 531 3249 quaestione
553 3183 602 3229 ou
624 3163 805 3231 debeatur:
829 3165 930 3250 quasi
945 3165 1027 3230 sotis
1038 3162 1224 3248 probatum
1246 3163 1290 3228 sit

107 3289 333 3358 iureiurando
351 3312 381 3354 a.
402 3291 466 3354 lste
488 3287 632 3371 effectus,
645 3295 755 3374 utpote
779 3292 960 3356 iuramento
977 3288 1160 3356 necessario
1176 3288 1287 3353 inhae-

106 3436 191 3492 rens,
217 3437 316 3502 qunm
339 3417 555 3482 iuramentum
579 3416 701 3479 eximat
727 3413 767 3479 ab
791 3435 892 3479 onere
914 3415 1050 3479 ulterius
1073 3411 1239 3498 probandi,
1253 3432 1290 3477 se

106 3540 210 3606 refert
232 3539 275 3605 ad
300 3559 425 3606 omnem
451 3539 621 3604 iuramenti
645 3539 795 3623 speciem.

194 3666 271 3731 458.
299 3665 519 3728 luramentum
544 3662 706 3728 iudiciale
721 3661 809 3726 aliud
826 3665 875 3726 est
890 3660 954 3726 litis
970 3660 1183 3735 decisoriam,
1201 3659 1287 3724 aliud

101 3790 365 3874 suppletorium,
386 3788 474 3854 aliud
505 3789 570 3854 litis
600 3785 880 3854 aestimatorium.
903 3821 949 3834 -
973 3787 1193 3851 Iuramentum
1221 3784 1290 3849 titis

102 3913 311 3980 derisorium
333 3910 482 3984 habetur,
497 3911 625 3995 quando
650 3931 714 3976 una
736 3931 813 3996 pars
830 3931 873 3975 es
893 3908 1153 3995 collitigautibus‚
1171 3927 1289 3992 nempe

101 4040 170 4103 siue
193 4042 290 4104 actor
312 4039 381 4102 siue
406 4057 492 4110 reus,
517 4035 700 4100 abhorrens
722 4055 831 4100 moras
854 4036 994 4120 incoepti
1011 4034 1116 4099 iudicii
1140 4033 1194 4098 uel
1217 4031 1287 4098 effi-

100 4161 295 4226 cacioribus
309 4161 461 4227 destituta
484 4159 736 4246 probationibus,
753 4161 823 4225 uult
847 4179 1021 4226 recurrere
1043 4158 1083 4223 ad
1114 4159 1287 4223 iuramenti

99 4286 517 4373 subsidium3‘quapropter
547 4288 677 4352 invocat
700 4286 814 4352 indicis
844 4287 1078 4358 auctoritatem,
1098 4289 1135 4349 ut
1158 4285 1187 4349 ei
1211 4303 1285 4369 per-

97 4415 206 4480 mittat
229 4413 328 4478 alteri
352 4411 484 4476 deferre
509 4412 722 4476 iuramentum
748 4411 806 4476 snb
830 4431 870 4477 ea
893 4411 1085 4492 conditione,
1098 4415 1134 4475 ut
1157 4410 1183 4476 si
1207 4427 1287 4474 ausa
