<?xml version="1.0" encoding="UTF-8"?>
<!DOCTYPE html PUBLIC "-//W3C//DTD XHTML 1.0 Transitional//EN"
    "http://www.w3.org/TR/xhtml1/DTD/xhtml1-transitional.dtd">
<html xmlns="http://www.w3.org/1999/xhtml" xml:lang="en" lang="en">
 <head>
  <title>
</title>
<meta http-equiv="Content-Type" content="text/html;charset=utf-8" />
  <meta name='ocr-system' content='tesseract 3.04.00' />
  <meta name='ocr-capabilities' content='ocr_page ocr_carea ocr_par ocr_line ocrx_word'/>
</head>
<body>
  <div class='ocr_page' id='page_1' title='image "./praelectionesin01legagoog_0604.png"; bbox 0 0 3350 5117; ppageno 0'>
   <div class='ocr_carea' id='block_1_1' title="bbox 315 320 970 389">
    <p class='ocr_par' dir='ltr' id='par_1_1' title="bbox 315 320 970 389">
     <span class='ocr_line' id='line_1_1' title="bbox 315 320 970 389; baseline 0.002 -5"><span class='ocrx_word' id='word_1_1' title='bbox 315 320 383 386; x_wconf 81' lang='lat'>602</span> <span class='ocrx_word' id='word_1_2' title='bbox 838 340 923 389; x_wconf 76' lang='lat' dir='ltr'>runs</span> <span class='ocrx_word' id='word_1_3' title='bbox 948 340 970 387; x_wconf 91' lang='lat'>1.</span> 
     </span>
    </p>
   </div>
   <div class='ocr_carea' id='block_1_2' title="bbox 311 464 1494 1424">
    <p class='ocr_par' dir='ltr' id='par_1_2' title="bbox 314 394 1661 675">
     <span class='ocr_line' id='line_1_2' title="bbox 403 464 1492 555; baseline 0.002 -24"><span class='ocrx_word' id='word_1_4' title='bbox 403 464 479 531; x_wconf 84' lang='lat'><strong>620.</strong></span> <span class='ocrx_word' id='word_1_5' title='bbox 508 465 630 542; x_wconf 77' lang='lat' dir='ltr'>Quibus</span> <span class='ocrx_word' id='word_1_6' title='bbox 652 486 697 533; x_wconf 87' lang='lat' dir='ltr'>ex</span> <span class='ocrx_word' id='word_1_7' title='bbox 726 464 1069 541; x_wconf 84' lang='lat' dir='ltr'>animadversionibus,</span> <span class='ocrx_word' id='word_1_8' title='bbox 1094 468 1250 533; x_wconf 91' lang='lat' dir='ltr'>nonnulla</span> <span class='ocrx_word' id='word_1_9' title='bbox 1278 468 1385 555; x_wconf 80' lang='lat' dir='ltr'>magni</span> <span class='ocrx_word' id='word_1_10' title='bbox 1416 486 1492 554; x_wconf 92' lang='lat' dir='ltr'>pon·</span> 
     </span>
     <span class='ocr_line' id='line_1_3' title="bbox 314 588 843 675; baseline 0.008 -22"><span class='ocrx_word' id='word_1_11' title='bbox 314 588 399 654; x_wconf 89' lang='lat' dir='ltr'>deris</span> <span class='ocrx_word' id='word_1_12' title='bbox 423 594 601 675; x_wconf 88' lang='lat' dir='ltr'>sequuntur</span> <span class='ocrx_word' id='word_1_13' title='bbox 623 591 843 658; x_wconf 82' lang='lat' dir='ltr'>consectaria:</span> 
     </span>
    </p>

    <p class='ocr_par' dir='ltr' id='par_1_3' title="bbox 311 710 1494 1424">
     <span class='ocr_line' id='line_1_4' title="bbox 403 710 1493 799; baseline 0 -22"><span class='ocrx_word' id='word_1_14' title='bbox 403 712 436 796; x_wconf 92' lang='grc'>1)</span> <span class='ocrx_word' id='word_1_15' title='bbox 458 713 523 778; x_wconf 89' lang='lat' dir='ltr'>DD.</span> <span class='ocrx_word' id='word_1_16' title='bbox 554 714 671 797; x_wconf 90' lang='lat' dir='ltr'>passim</span> <span class='ocrx_word' id='word_1_17' title='bbox 703 713 821 779; x_wconf 82' lang='lat' dir='ltr'>docent</span> <span class='ocrx_word' id='word_1_18' title='bbox 850 712 1100 799; x_wconf 79' lang='lat' dir='ltr'>appellationem</span> <span class='ocrx_word' id='word_1_19' title='bbox 1131 712 1234 797; x_wconf 91' lang='lat' dir='ltr'>quoad</span> <span class='ocrx_word' id='word_1_20' title='bbox 1266 710 1493 780; x_wconf 73' lang='lat' dir='ltr'><em>substantiam</em></span> 
     </span>
     <span class='ocr_line' id='line_1_5' title="bbox 313 838 1494 927; baseline -0.001 -22"><span class='ocrx_word' id='word_1_21' title='bbox 313 858 385 905; x_wconf 83' lang='lat' dir='ltr'>esse</span> <span class='ocrx_word' id='word_1_22' title='bbox 406 840 486 905; x_wconf 91' lang='lat' dir='ltr'>iuris</span> <span class='ocrx_word' id='word_1_23' title='bbox 508 845 655 914; x_wconf 89' lang='lat' dir='ltr'>naturae,</span> <span class='ocrx_word' id='word_1_24' title='bbox 680 839 784 925; x_wconf 91' lang='lat' dir='ltr'>quoad</span> <span class='ocrx_word' id='word_1_25' title='bbox 805 838 959 922; x_wconf 77' lang='lat' dir='ltr'>somnam</span> <span class='ocrx_word' id='word_1_26' title='bbox 982 840 1062 906; x_wconf 90' lang='lat' dir='ltr'>iuris</span> <span class='ocrx_word' id='word_1_27' title='bbox 1085 841 1222 927; x_wconf 80' lang='lat' dir='ltr'>positivi,</span> <span class='ocrx_word' id='word_1_28' title='bbox 1246 845 1282 906; x_wconf 90' lang='lat' dir='ltr'>ut</span> <span class='ocrx_word' id='word_1_29' title='bbox 1309 838 1420 905; x_wconf 87' lang='lat' dir='ltr'>videre</span> <span class='ocrx_word' id='word_1_30' title='bbox 1444 844 1494 904; x_wconf 86' lang='lat' dir='ltr'>est</span> 
     </span>
     <span class='ocr_line' id='line_1_6' title="bbox 312 961 1494 1049; baseline -0.001 -24"><span class='ocrx_word' id='word_1_31' title='bbox 312 961 396 1047; x_wconf 87' lang='lat' dir='ltr'>apud</span> <span class='ocrx_word' id='word_1_32' title='bbox 419 962 618 1049; x_wconf 86' lang='lat' dir='ltr'>Schmalzgr.</span> <span class='ocrx_word' id='word_1_33' title='bbox 643 963 675 1028; x_wconf 78' lang='lat' dir='ltr'>lt.</span> <span class='ocrx_word' id='word_1_34' title='bbox 700 968 722 1029; x_wconf 91' lang='lat' dir='ltr'>t.</span> <span class='ocrx_word' id='word_1_35' title='bbox 744 983 780 1029; x_wconf 91' lang='lat' dir='ltr'>n.</span> <span class='ocrx_word' id='word_1_36' title='bbox 804 964 836 1036; x_wconf 86' lang='lat'>6,</span> <span class='ocrx_word' id='word_1_37' title='bbox 866 969 899 1029; x_wconf 91' lang='lat' dir='ltr'>et</span> <span class='ocrx_word' id='word_1_38' title='bbox 930 964 1126 1029; x_wconf 89' lang='lat' dir='ltr'>Leurenium</span> <span class='ocrx_word' id='word_1_39' title='bbox 1154 964 1234 1031; x_wconf 83' lang='lat' dir='ltr'>For.</span> <span class='ocrx_word' id='word_1_40' title='bbox 1265 964 1381 1030; x_wconf 81' lang='lat' dir='ltr'>eccles.</span> <span class='ocrx_word' id='word_1_41' title='bbox 1412 962 1444 1027; x_wconf 87' lang='lat' dir='ltr'>h.</span> <span class='ocrx_word' id='word_1_42' title='bbox 1468 967 1494 1026; x_wconf 93' lang='lat' dir='ltr'>t.</span> 
     </span>
     <span class='ocr_line' id='line_1_7' title="bbox 312 1086 1493 1174; baseline 0.003 -23"><span class='ocrx_word' id='word_1_43' title='bbox 312 1106 344 1171; x_wconf 82' lang='lat' dir='ltr'>q.</span> <span class='ocrx_word' id='word_1_44' title='bbox 367 1086 470 1153; x_wconf 84' lang='lat'><strong><em>1006.</em></strong></span> <span class='ocrx_word' id='word_1_45' title='bbox 494 1090 547 1153; x_wconf 83' lang='lat' dir='ltr'>Ex</span> <span class='ocrx_word' id='word_1_46' title='bbox 569 1088 663 1155; x_wconf 87' lang='lat' dir='ltr'>dictis</span> <span class='ocrx_word' id='word_1_47' title='bbox 685 1094 775 1174; x_wconf 89' lang='lat' dir='ltr'>patet</span> <span class='ocrx_word' id='word_1_48' title='bbox 796 1088 861 1154; x_wconf 90' lang='lat' dir='ltr'>hoc</span> <span class='ocrx_word' id='word_1_49' title='bbox 880 1108 994 1154; x_wconf 87' lang='lat' dir='ltr'>vemm</span> <span class='ocrx_word' id='word_1_50' title='bbox 1011 1107 1093 1161; x_wconf 87' lang='lat' dir='ltr'>esse,</span> <span class='ocrx_word' id='word_1_51' title='bbox 1110 1089 1138 1153; x_wconf 92' lang='lat' dir='ltr'>si</span> <span class='ocrx_word' id='word_1_52' title='bbox 1153 1107 1213 1173; x_wconf 86' lang='lat' dir='ltr'>per</span> <span class='ocrx_word' id='word_1_53' title='bbox 1227 1086 1493 1171; x_wconf 79' lang='lat' dir='ltr'>appellationem</span> 
     </span>
     <span class='ocr_line' id='line_1_8' title="bbox 312 1200 1494 1297; baseline 0.001 -23"><span class='ocrx_word' id='word_1_54' title='bbox 312 1200 515 1297; x_wconf 84' lang='lat' dir='ltr'>intelligatur</span> <span class='ocrx_word' id='word_1_55' title='bbox 524 1212 679 1297; x_wconf 76' lang='lat' dir='ltr'>penerice</span> <span class='ocrx_word' id='word_1_56' title='bbox 694 1211 915 1297; x_wconf 90' lang='lat' dir='ltr'>quodcumque</span> <span class='ocrx_word' id='word_1_57' title='bbox 930 1210 1109 1277; x_wconf 89' lang='lat' dir='ltr'>remedium</span> <span class='ocrx_word' id='word_1_58' title='bbox 1129 1210 1279 1277; x_wconf 88' lang='lat' dir='ltr'>iudiciale</span> <span class='ocrx_word' id='word_1_59' title='bbox 1301 1216 1358 1277; x_wconf 89' lang='lat' dir='ltr'>aut</span> <span class='ocrx_word' id='word_1_60' title='bbox 1381 1214 1494 1275; x_wconf 87' lang='lat' dir='ltr'>extra-</span> 
     </span>
     <span class='ocr_line' id='line_1_9' title="bbox 311 1336 1494 1424; baseline 0.001 -24"><span class='ocrx_word' id='word_1_61' title='bbox 311 1337 460 1403; x_wconf 83' lang='lat' dir='ltr'>iudiciale</span> <span class='ocrx_word' id='word_1_62' title='bbox 483 1338 665 1403; x_wconf 89' lang='lat' dir='ltr'>ordinatum</span> <span class='ocrx_word' id='word_1_63' title='bbox 681 1336 724 1409; x_wconf 92' lang='lat' dir='ltr'>ad</span> <span class='ocrx_word' id='word_1_64' title='bbox 745 1336 972 1424; x_wconf 83' lang='lat' dir='ltr'>corrigendam</span> <span class='ocrx_word' id='word_1_65' title='bbox 988 1336 1128 1403; x_wconf 89' lang='lat' dir='ltr'>iudicum</span> <span class='ocrx_word' id='word_1_66' title='bbox 1143 1336 1336 1424; x_wconf 79' lang='lat' dir='ltr'>imperitiam</span> <span class='ocrx_word' id='word_1_67' title='bbox 1352 1336 1406 1402; x_wconf 89' lang='lat' dir='ltr'>vel</span> <span class='ocrx_word' id='word_1_68' title='bbox 1422 1357 1494 1403; x_wconf 90' lang='lat' dir='ltr'>ma-</span> 
     </span>
    </p>
   </div>
   <div class='ocr_carea' id='block_1_3' title="bbox 312 1442 1493 1549">
    <p class='ocr_par' dir='ltr' id='par_1_4' title="bbox 312 1442 1493 1549">
     <span class='ocr_line' id='line_1_10' title="bbox 312 1442 1493 1549; baseline 0.001 -21"><span class='ocrx_word' id='word_1_69' title='bbox 312 1463 428 1539; x_wconf 87' lang='lat' dir='ltr'>litiam;</span> <span class='ocrx_word' id='word_1_70' title='bbox 452 1484 517 1529; x_wconf 91' lang='lat' dir='ltr'>non</span> <span class='ocrx_word' id='word_1_71' title='bbox 540 1464 733 1531; x_wconf 85' lang='lat' dir='ltr'>adamussim</span> <span class='ocrx_word' id='word_1_72' title='bbox 756 1472 907 1531; x_wconf 85' lang='lat' dir='ltr'>exactum</span> <span class='ocrx_word' id='word_1_73' title='bbox 931 1464 995 1530; x_wconf 91' lang='lat' dir='ltr'>hoc</span> <span class='ocrx_word' id='word_1_74' title='bbox 1017 1463 1132 1547; x_wconf 88' lang='lat' dir='ltr'>videri,</span> <span class='ocrx_word' id='word_1_75' title='bbox 1149 1464 1175 1530; x_wconf 88' lang='lat' dir='ltr'>si</span> <span class='ocrx_word' id='word_1_76' title='bbox 1198 1465 1328 1529; x_wconf 91' lang='lat' dir='ltr'>nomine</span> <span class='ocrx_word' id='word_1_77' title='bbox 1351 1442 1493 1549; x_wconf 81' lang='lat' dir='ltr'>appella-</span> 
     </span>
    </p>
   </div>
   <div class='ocr_carea' id='block_1_4' title="bbox 236 1589 1518 4530">
    <p class='ocr_par' dir='ltr' id='par_1_5' title="bbox 236 1589 1494 1797">
     <span class='ocr_line' id='line_1_11' title="bbox 236 1589 1494 1679; baseline 0.001 -25"><span class='ocrx_word' id='word_1_78' title='bbox 236 1673 240 1679; x_wconf 20' lang='lat'><em>*</em></span> <span class='ocrx_word' id='word_1_79' title='bbox 311 1590 408 1657; x_wconf 88' lang='lat' dir='ltr'>tionis</span> <span class='ocrx_word' id='word_1_80' title='bbox 430 1592 581 1677; x_wconf 77' lang='lat' dir='ltr'>specifice</span> <span class='ocrx_word' id='word_1_81' title='bbox 603 1596 749 1657; x_wconf 88' lang='lat' dir='ltr'>sumatur</span> <span class='ocrx_word' id='word_1_82' title='bbox 771 1589 949 1657; x_wconf 89' lang='lat' dir='ltr'>remedium</span> <span class='ocrx_word' id='word_1_83' title='bbox 972 1590 1129 1657; x_wconf 86' lang='lat' dir='ltr'>iudicialis</span> <span class='ocrx_word' id='word_1_84' title='bbox 1152 1590 1390 1677; x_wconf 90' lang='lat' dir='ltr'>provocationis</span> <span class='ocrx_word' id='word_1_85' title='bbox 1406 1609 1427 1655; x_wconf 90' lang='lat' dir='ltr'>a</span> <span class='ocrx_word' id='word_1_86' title='bbox 1442 1590 1494 1655; x_wconf 91' lang='lat' dir='ltr'>iu·</span> 
     </span>
     <span class='ocr_line' id='line_1_12' title="bbox 310 1713 864 1797; baseline -0.004 -18"><span class='ocrx_word' id='word_1_87' title='bbox 310 1713 382 1779; x_wconf 88' lang='lat' dir='ltr'>dice</span> <span class='ocrx_word' id='word_1_88' title='bbox 404 1714 560 1778; x_wconf 82' lang='lat' dir='ltr'>interiore</span> <span class='ocrx_word' id='word_1_89' title='bbox 583 1713 625 1778; x_wconf 94' lang='lat' dir='ltr'>ad</span> <span class='ocrx_word' id='word_1_90' title='bbox 650 1714 864 1797; x_wconf 87' lang='lat' dir='ltr'>superiorem.</span> 
     </span>
    </p>

    <p class='ocr_par' dir='ltr' id='par_1_6' title="bbox 308 1810 1496 2669">
     <span class='ocr_line' id='line_1_13' title="bbox 399 1810 1496 1923; baseline -0.001 -23"><span class='ocrx_word' id='word_1_91' title='bbox 399 1835 433 1917; x_wconf 78' lang='lat'>2)</span> <span class='ocrx_word' id='word_1_92' title='bbox 457 1810 585 1901; x_wconf 87' lang='lat' dir='ltr'>Exinde</span> <span class='ocrx_word' id='word_1_93' title='bbox 608 1841 696 1921; x_wconf 88' lang='lat' dir='ltr'>patet</span> <span class='ocrx_word' id='word_1_94' title='bbox 719 1836 781 1901; x_wconf 91' lang='lat' dir='ltr'>iuri</span> <span class='ocrx_word' id='word_1_95' title='bbox 797 1842 935 1901; x_wconf 86' lang='lat' dir='ltr'>naturae</span> <span class='ocrx_word' id='word_1_96' title='bbox 952 1855 1018 1900; x_wconf 90' lang='lat' dir='ltr'>non</span> <span class='ocrx_word' id='word_1_97' title='bbox 1033 1834 1208 1923; x_wconf 84' lang='lat' dir='ltr'>derogasse</span> <span class='ocrx_word' id='word_1_98' title='bbox 1223 1833 1400 1901; x_wconf 86' lang='lat' dir='ltr'>Pontifices</span> <span class='ocrx_word' id='word_1_99' title='bbox 1416 1854 1496 1919; x_wconf 93' lang='lat' dir='ltr'>quo·</span> 
     </span>
     <span class='ocr_line' id='line_1_14' title="bbox 308 1960 1492 2045; baseline -0.002 -18"><span class='ocrx_word' id='word_1_100' title='bbox 308 1963 507 2045; x_wconf 90' lang='lat' dir='ltr'>tiescumque</span> <span class='ocrx_word' id='word_1_101' title='bbox 529 1980 643 2027; x_wconf 89' lang='lat' dir='ltr'>causas</span> <span class='ocrx_word' id='word_1_102' title='bbox 666 1961 838 2027; x_wconf 88' lang='lat' dir='ltr'>nonnullas</span> <span class='ocrx_word' id='word_1_103' title='bbox 863 1961 1050 2027; x_wconf 92' lang='lat' dir='ltr'>iudicandas</span> <span class='ocrx_word' id='word_1_104' title='bbox 1072 1963 1302 2027; x_wconf 89' lang='lat' dir='ltr'>commiserunt</span> <span class='ocrx_word' id='word_1_105' title='bbox 1320 1960 1378 2027; x_wconf 89' lang='lat' dir='ltr'>sub</span> <span class='ocrx_word' id='word_1_106' title='bbox 1401 1962 1492 2027; x_wconf 92' lang='lat' dir='ltr'>clau-</span> 
     </span>
     <span class='ocr_line' id='line_1_15' title="bbox 311 2083 1491 2171; baseline -0.002 -21"><span class='ocrx_word' id='word_1_107' title='bbox 311 2085 389 2158; x_wconf 88' lang='lat' dir='ltr'>sula,</span> <span class='ocrx_word' id='word_1_108' title='bbox 407 2084 501 2151; x_wconf 84' lang='lat' dir='ltr'>omni</span> <span class='ocrx_word' id='word_1_109' title='bbox 515 2084 744 2168; x_wconf 79' lang='lat' dir='ltr'>appellatione</span> <span class='ocrx_word' id='word_1_110' title='bbox 758 2090 901 2167; x_wconf 84' lang='lat' dir='ltr'>remota,</span> <span class='ocrx_word' id='word_1_111' title='bbox 919 2086 994 2168; x_wconf 90' lang='lat' dir='ltr'>quia</span> <span class='ocrx_word' id='word_1_112' title='bbox 1009 2090 1259 2171; x_wconf 86' lang='lat' dir='ltr'>praesumuntur</span> <span class='ocrx_word' id='word_1_113' title='bbox 1279 2085 1342 2150; x_wconf 91' lang='lat' dir='ltr'>hoc</span> <span class='ocrx_word' id='word_1_114' title='bbox 1362 2083 1491 2165; x_wconf 84' lang='lat' dir='ltr'>secisse,</span> 
     </span>
     <span class='ocr_line' id='line_1_16' title="bbox 310 2209 1491 2296; baseline -0.003 -20"><span class='ocrx_word' id='word_1_115' title='bbox 310 2210 436 2295; x_wconf 90' lang='lat' dir='ltr'>quando</span> <span class='ocrx_word' id='word_1_116' title='bbox 460 2210 499 2275; x_wconf 91' lang='lat' dir='ltr'>ob</span> <span class='ocrx_word' id='word_1_117' title='bbox 523 2210 663 2277; x_wconf 91' lang='lat' dir='ltr'>iudicum</span> <span class='ocrx_word' id='word_1_118' title='bbox 694 2211 864 2296; x_wconf 86' lang='lat' dir='ltr'>qualitates</span> <span class='ocrx_word' id='word_1_119' title='bbox 892 2216 925 2276; x_wconf 91' lang='lat' dir='ltr'>et</span> <span class='ocrx_word' id='word_1_120' title='bbox 951 2230 1121 2277; x_wconf 85' lang='lat' dir='ltr'>causarum</span> <span class='ocrx_word' id='word_1_121' title='bbox 1151 2209 1351 2277; x_wconf 86' lang='lat' dir='ltr'>conditiones</span> <span class='ocrx_word' id='word_1_122' title='bbox 1381 2212 1491 2296; x_wconf 85' lang='lat' dir='ltr'>cogni·</span> 
     </span>
     <span class='ocr_line' id='line_1_17' title="bbox 308 2333 1491 2424; baseline -0.003 -21"><span class='ocrx_word' id='word_1_123' title='bbox 308 2338 387 2403; x_wconf 90' lang='lat' dir='ltr'>tioni</span> <span class='ocrx_word' id='word_1_124' title='bbox 410 2335 607 2421; x_wconf 88' lang='lat' dir='ltr'>quaestionis</span> <span class='ocrx_word' id='word_1_125' title='bbox 629 2336 726 2399; x_wconf 88' lang='lat' dir='ltr'>etiam</span> <span class='ocrx_word' id='word_1_126' title='bbox 750 2354 809 2419; x_wconf 91' lang='lat' dir='ltr'>per</span> <span class='ocrx_word' id='word_1_127' title='bbox 832 2354 931 2399; x_wconf 89' lang='lat' dir='ltr'>unum</span> <span class='ocrx_word' id='word_1_128' title='bbox 946 2354 1085 2400; x_wconf 82' lang='lat' dir='ltr'>examen</span> <span class='ocrx_word' id='word_1_129' title='bbox 1109 2334 1308 2400; x_wconf 82' lang='lat' dir='ltr'>satisfactum</span> <span class='ocrx_word' id='word_1_130' title='bbox 1324 2333 1420 2398; x_wconf 82' lang='lat' dir='ltr'>foret.</span> <span class='ocrx_word' id='word_1_131' title='bbox 1438 2334 1491 2424; x_wconf 88' lang='lat' dir='ltr'>ln·</span> 
     </span>
     <span class='ocr_line' id='line_1_18' title="bbox 310 2456 1491 2545; baseline -0.001 -21"><span class='ocrx_word' id='word_1_132' title='bbox 310 2478 407 2545; x_wconf 86' lang='lat' dir='ltr'>super</span> <span class='ocrx_word' id='word_1_133' title='bbox 429 2462 464 2524; x_wconf 91' lang='lat' dir='ltr'>in</span> <span class='ocrx_word' id='word_1_134' title='bbox 486 2458 576 2526; x_wconf 81' lang='lat' dir='ltr'>hanc</span> <span class='ocrx_word' id='word_1_135' title='bbox 590 2458 793 2534; x_wconf 74' lang='lat' dir='ltr'>clausulam,</span> <span class='ocrx_word' id='word_1_136' title='bbox 808 2477 891 2543; x_wconf 92' lang='lat' dir='ltr'>quae</span> <span class='ocrx_word' id='word_1_137' title='bbox 916 2458 987 2523; x_wconf 89' lang='lat' dir='ltr'>fere</span> <span class='ocrx_word' id='word_1_138' title='bbox 1003 2456 1043 2522; x_wconf 90' lang='lat' dir='ltr'>ab</span> <span class='ocrx_word' id='word_1_139' title='bbox 1060 2478 1119 2524; x_wconf 88' lang='lat' dir='ltr'>usu</span> <span class='ocrx_word' id='word_1_140' title='bbox 1136 2460 1280 2529; x_wconf 83' lang='lat' dir='ltr'>recessit.</span> <span class='ocrx_word' id='word_1_141' title='bbox 1297 2478 1491 2525; x_wconf 83' lang='lat' dir='ltr'>revocamus</span> 
     </span>
     <span class='ocr_line' id='line_1_19' title="bbox 308 2580 1432 2669; baseline -0.001 -21"><span class='ocrx_word' id='word_1_142' title='bbox 308 2602 391 2667; x_wconf 91' lang='lat' dir='ltr'>quae</span> <span class='ocrx_word' id='word_1_143' title='bbox 413 2583 610 2649; x_wconf 84' lang='lat' dir='ltr'>advertimus</span> <span class='ocrx_word' id='word_1_144' title='bbox 634 2604 665 2648; x_wconf 93' lang='lat' dir='ltr'>n.</span> <span class='ocrx_word' id='word_1_145' title='bbox 689 2584 733 2648; x_wconf 86' lang='grc'>93</span> <span class='ocrx_word' id='word_1_146' title='bbox 756 2583 959 2669; x_wconf 81' lang='lat' dir='ltr'>explicantes</span> <span class='ocrx_word' id='word_1_147' title='bbox 982 2580 1121 2647; x_wconf 88' lang='lat' dir='ltr'>officium</span> <span class='ocrx_word' id='word_1_148' title='bbox 1144 2582 1258 2649; x_wconf 87' lang='lat' dir='ltr'>iudicis</span> <span class='ocrx_word' id='word_1_149' title='bbox 1282 2583 1432 2668; x_wconf 89' lang='lat' dir='ltr'>delegati.</span> 
     </span>
    </p>

    <p class='ocr_par' dir='ltr' id='par_1_7' title="bbox 308 2706 1492 3291">
     <span class='ocr_line' id='line_1_20' title="bbox 397 2706 1492 2792; baseline 0 -19"><span class='ocrx_word' id='word_1_150' title='bbox 397 2707 431 2792; x_wconf 88' lang='lat'>3)</span> <span class='ocrx_word' id='word_1_151' title='bbox 453 2706 633 2775; x_wconf 87' lang='lat' dir='ltr'>Praeterea</span> <span class='ocrx_word' id='word_1_152' title='bbox 655 2710 816 2774; x_wconf 88' lang='lat' dir='ltr'>evincitur</span> <span class='ocrx_word' id='word_1_153' title='bbox 838 2710 911 2773; x_wconf 86' lang='lat' dir='ltr'>iure</span> <span class='ocrx_word' id='word_1_154' title='bbox 934 2708 1113 2792; x_wconf 90' lang='lat' dir='ltr'>meritoque</span> <span class='ocrx_word' id='word_1_155' title='bbox 1142 2706 1316 2773; x_wconf 85' lang='lat' dir='ltr'>Pontifices</span> <span class='ocrx_word' id='word_1_156' title='bbox 1348 2708 1492 2773; x_wconf 89' lang='lat' dir='ltr'>valuisse</span> 
     </span>
     <span class='ocr_line' id='line_1_21' title="bbox 309 2831 1491 2917; baseline 0 -20"><span class='ocrx_word' id='word_1_157' title='bbox 309 2852 367 2897; x_wconf 94' lang='lat' dir='ltr'>suo</span> <span class='ocrx_word' id='word_1_158' title='bbox 390 2833 506 2899; x_wconf 89' lang='lat' dir='ltr'>iudicio</span> <span class='ocrx_word' id='word_1_159' title='bbox 530 2851 702 2898; x_wconf 88' lang='lat' dir='ltr'>reservare</span> <span class='ocrx_word' id='word_1_160' title='bbox 725 2831 897 2899; x_wconf 86' lang='lat' dir='ltr'>nonnullas</span> <span class='ocrx_word' id='word_1_161' title='bbox 921 2852 1034 2898; x_wconf 86' lang='lat' dir='ltr'>causas</span> <span class='ocrx_word' id='word_1_162' title='bbox 1064 2852 1180 2917; x_wconf 92' lang='lat' dir='ltr'>nempe</span> <span class='ocrx_word' id='word_1_163' title='bbox 1210 2832 1359 2899; x_wconf 82' lang='lat' dir='ltr'>maiores</span> <span class='ocrx_word' id='word_1_164' title='bbox 1388 2832 1491 2900; x_wconf 75' lang='lat' dir='ltr'>veluti</span> 
     </span>
     <span class='ocr_line' id='line_1_22' title="bbox 308 2958 1491 3045; baseline 0 -21"><span class='ocrx_word' id='word_1_165' title='bbox 308 2979 421 3025; x_wconf 87' lang='lat' dir='ltr'>causas</span> <span class='ocrx_word' id='word_1_166' title='bbox 445 2960 629 3026; x_wconf 88' lang='lat' dir='ltr'>criminales</span> <span class='ocrx_word' id='word_1_167' title='bbox 651 2960 895 3045; x_wconf 84' lang='lat' dir='ltr'>Episcoporum,</span> <span class='ocrx_word' id='word_1_168' title='bbox 921 2961 1066 3043; x_wconf 89' lang='lat' dir='ltr'>quamvis</span> <span class='ocrx_word' id='word_1_169' title='bbox 1097 2958 1214 3025; x_wconf 90' lang='lat' dir='ltr'>exinde</span> <span class='ocrx_word' id='word_1_170' title='bbox 1241 2961 1275 3023; x_wconf 91' lang='lat' dir='ltr'>in</span> <span class='ocrx_word' id='word_1_171' title='bbox 1307 2959 1491 3025; x_wconf 88' lang='lat' dir='ltr'>huiusmodi</span> 
     </span>
     <span class='ocr_line' id='line_1_23' title="bbox 309 3082 1492 3170; baseline 0.001 -22"><span class='ocrx_word' id='word_1_172' title='bbox 309 3082 433 3150; x_wconf 87' lang='lat' dir='ltr'>iudiciis</span> <span class='ocrx_word' id='word_1_173' title='bbox 448 3086 506 3149; x_wconf 90' lang='lat' dir='ltr'>etsi</span> <span class='ocrx_word' id='word_1_174' title='bbox 523 3084 731 3169; x_wconf 85' lang='lat' dir='ltr'>gravissimis,</span> <span class='ocrx_word' id='word_1_175' title='bbox 744 3086 848 3149; x_wconf 87' lang='lat' dir='ltr'>omnis</span> <span class='ocrx_word' id='word_1_176' title='bbox 865 3082 1074 3170; x_wconf 87' lang='lat' dir='ltr'>impediretur</span> <span class='ocrx_word' id='word_1_177' title='bbox 1089 3084 1278 3170; x_wconf 87' lang='lat' dir='ltr'>provocatio</span> <span class='ocrx_word' id='word_1_178' title='bbox 1293 3083 1334 3149; x_wconf 88' lang='lat' dir='ltr'>ad</span> <span class='ocrx_word' id='word_1_179' title='bbox 1351 3082 1492 3149; x_wconf 89' lang='lat' dir='ltr'>iudicem</span> 
     </span>
     <span class='ocr_line' id='line_1_24' title="bbox 310 3207 520 3291; baseline 0 -21"><span class='ocrx_word' id='word_1_180' title='bbox 310 3207 520 3291; x_wconf 90' lang='lat' dir='ltr'>superiorem.</span> 
     </span>
    </p>

    <p class='ocr_par' dir='ltr' id='par_1_8' title="bbox 301 3330 1518 4409">
     <span class='ocr_line' id='line_1_25' title="bbox 398 3330 1494 3419; baseline 0.002 -23"><span class='ocrx_word' id='word_1_181' title='bbox 398 3331 431 3417; x_wconf 83' lang='lat'>4)</span> <span class='ocrx_word' id='word_1_182' title='bbox 454 3332 536 3398; x_wconf 89' lang='lat' dir='ltr'>Item</span> <span class='ocrx_word' id='word_1_183' title='bbox 559 3351 624 3397; x_wconf 93' lang='lat' dir='ltr'>non</span> <span class='ocrx_word' id='word_1_184' title='bbox 648 3336 697 3397; x_wconf 89' lang='lat' dir='ltr'>est</span> <span class='ocrx_word' id='word_1_185' title='bbox 719 3331 878 3419; x_wconf 85' lang='lat' dir='ltr'>possibilis</span> <span class='ocrx_word' id='word_1_186' title='bbox 900 3331 1073 3417; x_wconf 89' lang='lat' dir='ltr'>appellatio</span> <span class='ocrx_word' id='word_1_187' title='bbox 1096 3350 1153 3397; x_wconf 88' lang='lat' dir='ltr'>seu</span> <span class='ocrx_word' id='word_1_188' title='bbox 1176 3333 1366 3417; x_wconf 85' lang='lat' dir='ltr'>provocatio</span> <span class='ocrx_word' id='word_1_189' title='bbox 1391 3330 1430 3397; x_wconf 91' lang='lat' dir='ltr'>ad</span> <span class='ocrx_word' id='word_1_190' title='bbox 1446 3334 1494 3398; x_wconf 92' lang='lat' dir='ltr'>iu·</span> 
     </span>
     <span class='ocr_line' id='line_1_26' title="bbox 308 3431 1492 3544; baseline -0.003 -20"><span class='ocrx_word' id='word_1_191' title='bbox 308 3457 411 3524; x_wconf 91' lang='lat' dir='ltr'>dicem</span> <span class='ocrx_word' id='word_1_192' title='bbox 435 3458 645 3544; x_wconf 87' lang='lat' dir='ltr'>superiorem,</span> <span class='ocrx_word' id='word_1_193' title='bbox 670 3431 753 3543; x_wconf 89' lang='lat' dir='ltr'>apud</span> <span class='ocrx_word' id='word_1_194' title='bbox 777 3457 1053 3542; x_wconf 64' lang='lat' dir='ltr'>Gongreffationes</span> <span class='ocrx_word' id='word_1_195' title='bbox 1077 3456 1249 3529; x_wconf 87' lang='lat' dir='ltr'>Romanas,</span> <span class='ocrx_word' id='word_1_196' title='bbox 1274 3474 1381 3540; x_wconf 88' lang='lat' dir='ltr'>quare</span> <span class='ocrx_word' id='word_1_197' title='bbox 1411 3475 1492 3521; x_wconf 87' lang='lat' dir='ltr'>con-</span> 
     </span>
     <span class='ocr_line' id='line_1_27' title="bbox 309 3579 1491 3666; baseline -0.003 -20"><span class='ocrx_word' id='word_1_198' title='bbox 309 3582 434 3647; x_wconf 91' lang='lat' dir='ltr'>ceditur</span> <span class='ocrx_word' id='word_1_199' title='bbox 456 3580 652 3666; x_wconf 79' lang='lat' dir='ltr'>beneficinm</span> <span class='ocrx_word' id='word_1_200' title='bbox 675 3598 784 3648; x_wconf 85' lang='lat' dir='ltr'>novoe</span> <span class='ocrx_word' id='word_1_201' title='bbox 815 3579 1020 3651; x_wconf 82' lang='lat' dir='ltr'>audientiae,</span> <span class='ocrx_word' id='word_1_202' title='bbox 1038 3588 1101 3644; x_wconf 88' lang='lat' dir='ltr'>&#39;seu</span> <span class='ocrx_word' id='word_1_203' title='bbox 1133 3579 1347 3645; x_wconf 86' lang='lat' dir='ltr'>reassumitur</span> <span class='ocrx_word' id='word_1_204' title='bbox 1369 3588 1491 3644; x_wconf 78' lang='lat' dir='ltr'>causae</span> 
     </span>
     <span class='ocr_line' id='line_1_28' title="bbox 307 3704 1492 3791; baseline -0.002 -20"><span class='ocrx_word' id='word_1_205' title='bbox 307 3726 444 3771; x_wconf 86' lang='lat' dir='ltr'>examen</span> <span class='ocrx_word' id='word_1_206' title='bbox 464 3706 549 3791; x_wconf 89' lang='lat' dir='ltr'>apud</span> <span class='ocrx_word' id='word_1_207' title='bbox 565 3706 694 3772; x_wconf 88' lang='lat' dir='ltr'>eosdem</span> <span class='ocrx_word' id='word_1_208' title='bbox 709 3706 842 3780; x_wconf 90' lang='lat' dir='ltr'>iudices,</span> <span class='ocrx_word' id='word_1_209' title='bbox 860 3704 975 3790; x_wconf 90' lang='lat' dir='ltr'>quibus</span> <span class='ocrx_word' id='word_1_210' title='bbox 990 3712 1099 3771; x_wconf 86' lang='lat' dir='ltr'>tamen</span> <span class='ocrx_word' id='word_1_211' title='bbox 1115 3724 1200 3770; x_wconf 90' lang='lat' dir='ltr'>nova</span> <span class='ocrx_word' id='word_1_212' title='bbox 1214 3705 1280 3771; x_wconf 88' lang='lat' dir='ltr'>litis</span> <span class='ocrx_word' id='word_1_213' title='bbox 1295 3710 1492 3790; x_wconf 84' lang='lat' dir='ltr'>argumenta</span> 
     </span>
     <span class='ocr_line' id='line_1_29' title="bbox 306 3826 1492 3917; baseline 0 -23"><span class='ocrx_word' id='word_1_214' title='bbox 306 3830 448 3917; x_wconf 80' lang='lat' dir='ltr'>proferri</span> <span class='ocrx_word' id='word_1_215' title='bbox 471 3835 614 3916; x_wconf 89' lang='lat' dir='ltr'>possunt.</span> <span class='ocrx_word' id='word_1_216' title='bbox 639 3828 744 3894; x_wconf 88' lang='lat' dir='ltr'>Porro</span> <span class='ocrx_word' id='word_1_217' title='bbox 767 3830 800 3893; x_wconf 92' lang='lat' dir='ltr'>in</span> <span class='ocrx_word' id='word_1_218' title='bbox 824 3826 888 3893; x_wconf 92' lang='lat' dir='ltr'>hoc</span> <span class='ocrx_word' id='word_1_219' title='bbox 920 3827 1063 3893; x_wconf 91' lang='lat' dir='ltr'>remedio</span> <span class='ocrx_word' id='word_1_220' title='bbox 1094 3828 1204 3895; x_wconf 89' lang='lat' dir='ltr'>exulat</span> <span class='ocrx_word' id='word_1_221' title='bbox 1230 3833 1407 3914; x_wconf 84' lang='lat' dir='ltr'>conceptus</span> <span class='ocrx_word' id='word_1_222' title='bbox 1428 3849 1492 3915; x_wconf 90' lang='lat' dir='ltr'>ap-</span> 
     </span>
     <span class='ocr_line' id='line_1_30' title="bbox 306 3949 1491 4037; baseline -0.001 -20"><span class='ocrx_word' id='word_1_223' title='bbox 306 3953 497 4037; x_wconf 86' lang='lat' dir='ltr'>pellationis,</span> <span class='ocrx_word' id='word_1_224' title='bbox 522 3957 556 4017; x_wconf 92' lang='lat' dir='ltr'>at</span> <span class='ocrx_word' id='word_1_225' title='bbox 578 3952 724 4016; x_wconf 90' lang='lat' dir='ltr'>consistit</span> <span class='ocrx_word' id='word_1_226' title='bbox 745 3951 923 4036; x_wconf 86' lang='lat' dir='ltr'>legitimum</span> <span class='ocrx_word' id='word_1_227' title='bbox 949 3949 1087 4015; x_wconf 91' lang='lat' dir='ltr'>medium</span> <span class='ocrx_word' id='word_1_228' title='bbox 1115 3949 1311 4015; x_wconf 82' lang='lat' dir='ltr'>defensionis</span> <span class='ocrx_word' id='word_1_229' title='bbox 1335 3957 1491 4017; x_wconf 89' lang='lat' dir='ltr'>exactum</span> 
     </span>
     <span class='ocr_line' id='line_1_31' title="bbox 306 4066 1518 4161; baseline 0.001 -21"><span class='ocrx_word' id='word_1_230' title='bbox 306 4075 412 4142; x_wconf 90' lang='lat' dir='ltr'>adius</span> <span class='ocrx_word' id='word_1_231' title='bbox 426 4080 572 4145; x_wconf 88' lang='lat' dir='ltr'>naturae,</span> <span class='ocrx_word' id='word_1_232' title='bbox 590 4074 737 4158; x_wconf 88' lang='lat' dir='ltr'>idemque</span> <span class='ocrx_word' id='word_1_233' title='bbox 751 4074 805 4139; x_wconf 90' lang='lat' dir='ltr'>vel</span> <span class='ocrx_word' id='word_1_234' title='bbox 820 4079 1046 4160; x_wconf 77' lang='lat' dir='ltr'>opportunum,</span> <span class='ocrx_word' id='word_1_235' title='bbox 1064 4074 1138 4161; x_wconf 88' lang='lat' dir='ltr'>quia</span> <span class='ocrx_word' id='word_1_236' title='bbox 1153 4075 1251 4142; x_wconf 89' lang='lat' dir='ltr'>iidem</span> <span class='ocrx_word' id='word_1_237' title='bbox 1267 4074 1399 4147; x_wconf 88' lang='lat' dir='ltr'>iudices,</span> <span class='ocrx_word' id='word_1_238' title='bbox 1416 4082 1492 4161; x_wconf 90' lang='lat' dir='ltr'>post</span> <span class='ocrx_word' id='word_1_239' title='bbox 1514 4066 1518 4077; x_wconf 71' lang='grc'>’</span> 
     </span>
     <span class='ocr_line' id='line_1_32' title="bbox 306 4195 1492 4285; baseline -0.001 -20"><span class='ocrx_word' id='word_1_240' title='bbox 306 4199 441 4265; x_wconf 89' lang='lat' dir='ltr'>ulterius</span> <span class='ocrx_word' id='word_1_241' title='bbox 472 4198 609 4285; x_wconf 83' lang='lat' dir='ltr'>diligens</span> <span class='ocrx_word' id='word_1_242' title='bbox 639 4217 774 4263; x_wconf 81' lang='lat' dir='ltr'>examen</span> <span class='ocrx_word' id='word_1_243' title='bbox 808 4197 951 4263; x_wconf 90' lang='lat' dir='ltr'>eiusdem</span> <span class='ocrx_word' id='word_1_244' title='bbox 982 4198 1226 4264; x_wconf 88' lang='lat' dir='ltr'>controversiae</span> <span class='ocrx_word' id='word_1_245' title='bbox 1256 4195 1433 4263; x_wconf 87' lang='lat' dir='ltr'>difficiliter</span> <span class='ocrx_word' id='word_1_246' title='bbox 1457 4201 1492 4264; x_wconf 93' lang='lat' dir='ltr'>in</span> 
     </span>
     <span class='ocr_line' id='line_1_33' title="bbox 301 4317 1031 4409; baseline -0.007 -19"><span class='ocrx_word' id='word_1_247' title='bbox 301 4317 402 4409; x_wconf 80' lang='lat' dir='ltr'>peius</span> <span class='ocrx_word' id='word_1_248' title='bbox 420 4322 576 4406; x_wconf 79' lang='lat' dir='ltr'>priorem</span> <span class='ocrx_word' id='word_1_249' title='bbox 600 4322 800 4387; x_wconf 76' lang='lat' dir='ltr'>sententiam</span> <span class='ocrx_word' id='word_1_250' title='bbox 825 4320 1031 4404; x_wconf 80' lang='lat' dir='ltr'>reformant.</span> 
     </span>
    </p>

    <p class='ocr_par' dir='ltr' id='par_1_9' title="bbox 395 4442 1492 4530">
     <span class='ocr_line' id='line_1_34' title="bbox 395 4442 1492 4530; baseline -0.002 -18"><span class='ocrx_word' id='word_1_251' title='bbox 395 4446 470 4512; x_wconf 79' lang='lat'>621.</span> <span class='ocrx_word' id='word_1_252' title='bbox 495 4445 594 4510; x_wconf 88' lang='lat' dir='ltr'>Hisce</span> <span class='ocrx_word' id='word_1_253' title='bbox 617 4443 812 4530; x_wconf 84' lang='lat' dir='ltr'>praemissis,</span> <span class='ocrx_word' id='word_1_254' title='bbox 837 4442 1003 4509; x_wconf 90' lang='lat' dir='ltr'>videamus</span> <span class='ocrx_word' id='word_1_255' title='bbox 1027 4443 1182 4527; x_wconf 90' lang='lat' dir='ltr'>quomodo</span> <span class='ocrx_word' id='word_1_256' title='bbox 1206 4444 1256 4510; x_wconf 87' lang='lat' dir='ltr'>ius</span> <span class='ocrx_word' id='word_1_257' title='bbox 1279 4462 1350 4508; x_wconf 88' lang='lat' dir='ltr'>can.</span> <span class='ocrx_word' id='word_1_258' title='bbox 1367 4442 1492 4529; x_wconf 80' lang='lat' dir='ltr'>gradus</span> 
     </span>
    </p>
   </div>
   <div class='ocr_carea' id='block_1_5' title="bbox 0 0 1680 5117">
    <p class='ocr_par' dir='ltr' id='par_1_10' title="bbox 0 0 1680 5117">
     <span class='ocr_line' id='line_1_35' title="bbox 0 0 1680 5117; baseline 0 2"><span class='ocrx_word' id='word_1_259' title='bbox 0 0 1680 5117; x_wconf 95' lang='lat' dir='ltr'> </span> 
     </span>
    </p>
   </div>
  </div>
 </body>
</html>
