3350 5117
313 314 377 379 182
845 334 929 380 raas
955 334 976 379 1.

310 456 385 540 ficio
410 476 619 556 assessorum
642 463 674 521 et
697 478 738 523 ex
762 457 838 524 Cod.
863 458 914 523 De
936 458 1160 525 assessoribus
1190 463 1220 523 et
1243 456 1433 523 domesticis
1456 463 1488 523 et

310 582 524 648 cancellariis
545 582 706 649 iudicum.
723 619 767 631 -
785 585 821 648 ln
844 584 981 648 ecclesia
1004 584 1125 649 indices
1141 584 1318 655 Ordinarii,
1335 584 1489 647 nimirum

311 707 469 791 Episcopi,
496 726 590 791 quum
624 712 782 793 potestate
824 708 977 773 fruantur
1006 710 1180 794 episcopali
1214 710 1264 773 vel
1296 728 1396 793 supra
1423 709 1487 792 epi·

272 882 279 895 .
310 833 585 917 scopulipraeter
608 831 729 895 ordinis
754 833 976 901 ministerium,
1005 834 1230 898 auctoritatem
1259 838 1416 896 exercent
1440 833 1488 897 le·

309 957 512 1041 pistatiaarn,
530 958 742 1022 caecutioaoc
759 962 789 1021 et
806 958 1010 1022 iudicialem.
1029 957 1180 1023 -Unde
1203 955 1275 1021 fieri
1295 978 1360 1020 non
1384 964 1493 1041 potest

310 1079 393 1162 quod
410 1080 468 1164 ipsi
485 1100 544 1164 per
567 1100 602 1145 se
626 1083 734 1145 omnia
758 1082 933 1166 expediant
955 1082 1081 1162 iudicia,
1099 1101 1159 1146 nec
1176 1088 1280 1167 potest
1303 1079 1343 1145 ab
1367 1082 1406 1145 iis
1429 1101 1490 1145 ex·

311 1205 476 1289 postulari,
501 1211 536 1269 ut
559 1205 700 1271 habeant
724 1226 766 1271 ex
790 1227 824 1271 se
848 1207 1026 1273 absolutam
1052 1208 1132 1271 iuris
1152 1208 1300 1291 peritiam
1324 1207 1400 1271 huic
1423 1226 1491 1269 rnu-

312 1332 383 1393 neri
406 1333 633 1405 necessariam,
659 1332 818 1397 cuniam
842 1333 1010 1396 scientiam
1037 1333 1252 1416 theologicam
1277 1336 1310 1396 et
1332 1331 1489 1394 moralem

311 1475 381 1519 cum
399 1456 511 1538 primis
527 1456 648 1521 callere
665 1456 811 1523 debeant.
830 1456 956 1521 Exinde
974 1456 1152 1521 Concilium
1169 1456 1256 1520 l'rid.
1274 1458 1306 1519 in
1322 1454 1409 1521 Sess.
1425 1454 1489 1521 22.

311 1598 384 1661 cap.
401 1580 435 1651 2,
454 1580 503 1645 De
518 1579 623 1663 refer.
642 1580 737 1651 iubet,
755 1581 931 1664 Episcopus
954 1581 1108 1646 doctores
1130 1600 1202 1644 esse
1224 1586 1280 1644 aut
1303 1579 1490 1645 licentiatos

311 1704 441 1767 intare
473 1704 635 1771 canonico
665 1704 718 1768 vel
749 1705 782 1768 in
814 1724 916 1769 sacra
947 1705 1123 1790 tlreotopia.
1150 1704 1199 1770 Ob
1229 1705 1313 1768 hauc
1342 1708 1391 1767 tot
1418 1724 1489 1766 mu-

311 1850 424 1895 nerum
448 1830 697 1895 cumulationem
722 1834 752 1894 in
778 1832 945 1915 Episcopo,
971 1832 1075 1897 iudice
1099 1832 1273 1902 ordinario,
1303 1849 1371 1893 mos
1395 1829 1488 1891 inva-

309 1956 368 2019 luit
391 1955 604 2019 constituendi
629 1956 810 2029 adiutores,
835 1978 951 2040 nempe
975 1958 1188 2023 consiliarios
1210 1976 1267 2020 seu
1291 1972 1488 2025 assessores,

310 2081 403 2143 etiam
429 2081 584 2144 incuriis
615 2082 851 2154 ecclesiasticis,
877 2081 961 2163 quod
992 2086 1245 2145 commemorant
1269 2086 1301 2143 et
1323 2078 1490 2143 inculcant

309 2224 335 2267 c.
362 2224 388 2269 c.
413 2203 463 2267 27
487 2203 539 2268 De
563 2206 616 2286 off.
641 2204 712 2268 iud.
738 2202 846 2289 detep.
871 2203 908 2287 (l,
934 2204 989 2287 29)
1021 2209 1054 2269 et
1083 2204 1118 2267 a
1144 2204 1193 2268 De
1222 2203 1375 2284 rescript.
1405 2201 1442 2265 ia
1464 2200 1491 2264 6

308 2322 347 2406 (Ι,
372 2324 417 2403 3).
440 2359 485 2371 -
510 2326 673 2408 Expresso
697 2324 760 2389 hoc
785 2325 930 2391 decrevit
955 2324 1019 2388 Leo
1042 2326 1075 2388 X
1098 2326 1132 2387 in
1156 2324 1276 2389 Concil.
1302 2324 1372 2387 Lat.
1396 2323 1429 2386 V
1454 2324 1489 2385 in

309 2448 393 2513 Sess.
419 2450 450 2513 X
474 2450 655 2533 per·Const.
672 2448 862 2536 Repirniuis
885 2452 977 2515 uuio.
1003 2452 1080 2517 eccl.
1098 2487 1112 2497 -
1129 2451 1152 2515 4
1168 2452 1256 2515 ,ituit
1271 2451 1366 2523 1515,
1392 2468 1488 2534 prae·

310 2574 431 2656 cipicns
455 2571 610 2636 iudicibus
627 2572 782 2657 delegatis
804 2594 824 2637 a
848 2574 879 2639 S.
896 2575 989 2647 Sede,
1015 2576 1047 2638 in
1071 2575 1175 2638 altero
1192 2574 1310 2638 iuriam
1326 2594 1391 2636 non
1416 2593 1489 2657 gra·

310 2692 423 2765 ductis,
439 2698 472 2757 ut
490 2714 508 2756 t
525 2714 721 2759 assessorem
738 2694 881 2778 partibus
898 2716 963 2759 non
979 2701 1171 2779 suspectum,
1188 2695 1228 2758 ab
1246 2695 1322 2779 ipsis
1341 2694 1489 2779 partibus

309 2820 361 2882 vel
379 2838 489 2883 earum
502 2819 606 2883 altera
620 2822 772 2903 requisiti,
787 2840 954 2886 assumere
969 2827 1002 2886 et
1018 2820 1192 2885 secundum
1210 2821 1277 2884 eius
1294 2820 1487 2883 relationem

309 2946 453 3012 iudicare
478 2952 652 3011 teneantur
676 2970 705 3011 a.
732 2950 815 3014 Sane
845 2949 1026 3013 huiusmodi
1055 2948 1230 3019 decretum,
1256 2968 1316 3032 per
1346 2964 1490 3010 canones

309 3072 513 3136 'tridentinos
537 3090 601 3135 non
625 3076 825 3141 renovatum,
850 3072 993 3135 moribus
1024 3072 1161 3156 amplius
1193 3090 1257 3134 non
1290 3070 1488 3141 continetur,

309 3206 343 3263 at
366 3204 432 3260 turn
457 3197 637 3279 antiquiore
660 3202 726 3261 tum
750 3198 933 3261 recentiore
957 3197 1125 3281 disciplina
1141 3198 1217 3260 huic
1239 3198 1405 3261 curiarum
1429 3212 1488 3257 ne·

310 3325 449 3389 cessitati
474 3323 580 3405 aliqua
603 3322 731 3385 ratione
755 3321 936 3386 consultum
960 3322 1030 3385 fuit.

398 3449 505 3530 Usque
535 3447 576 3511 ad
598 3446 761 3511 saeculum
791 3448 936 3529 quintum
963 3449 1127 3511 curiarum
1163 3448 1347 3512 constitutio
1375 3447 1487 3531 expri-

309 3576 406 3639 mitur
429 3576 462 3637 in
486 3572 608 3639 celebri
632 3571 974 3665 ffl„,001].⁰ili.i
999 3572 1360 3667 CarthaginemislV:‘
1374 3592 1393 3633 a
1409 3570 1489 3653 Epi·
1518 3556 1530 3574 ’

221 3782 225 3789 Ι
307 3717 430 3780 scopus
453 3698 567 3763 uultus
591 3716 730 3761 cassam
759 3696 878 3761 audiat
901 3695 1028 3780 absque
1055 3697 1253 3777 praeseutia
1284 3694 1489 3762 clericorum

307 3840 466 3888 suorum:
477 3820 630 3904 alioquin
646 3819 746 3883 irrita
761 3817 824 3882 crit
840 3817 1005 3882 scateat-ia
1016 3818 1186 3901 Episcopi,
1200 3818 1267 3882 uisi
1282 3816 1488 3883 cloacarum

307 3947 472 4010 sententia
495 3946 714 4030 confirmetur
737 3964 767 4005 a.
794 3943 941 4026 Rigidior
967 3949 1017 4008 est
1041 3964 1144 4008 canon
1175 3949 1209 4008 et
1232 3942 1411 4007 conformis
1441 3944 1488 4007 in·

308 4072 402 4155 genio
419 4070 585 4134 Ecclesiae
610 4070 795 4143 Africanae,
815 4074 922 4132 tamen
945 4069 1040 4134 docet
1055 4090 1255 4134 communem
1273 4069 1487 4155 disciplinam,

307 4217 370 4280 qua
386 4197 578 4282 presbyteri,
596 4198 712 4261 sivein
729 4197 859 4281 Synodo
875 4216 934 4281 pro
951 4196 1154 4281 gravioribus
1171 4197 1287 4265 causis,
1304 4197 1374 4261 sive
1390 4202 1487 4261 extra

309 4324 487 4410 Synmlum,
520 4327 613 4387 erant
640 4322 790 4405 Episcopi
820 4340 1005 4387 assessores
1032 4320 1072 4384 ad
1100 4322 1174 4386 lites
1205 4320 1413 4385 dirimendas
1442 4356 1486 4368 -

310 4449 427 4513 Postea
443 4469 513 4512 cuni
531 4447 648 4512 sensim
665 4464 827 4511 recessum
845 4448 886 4511 sit
900 4446 939 4510 ab
963 4447 1025 4510 hac
1041 4446 1147 4510 iudicii
1166 4447 1353 4531 simpliciori
1368 4446 1487 4517 forma,
