3350 5117
506 315 551 361 nn
575 277 714 361 runicus
744 312 1010 361 nccunsmsrrcrs
1282 295 1347 360 411

672 562 785 629 Garun·
808 562 851 627 V.

390 736 438 791 DE
457 736 758 793 CONFIRMATIONE
779 738 878 793 UTILI
896 738 969 792 VEL
989 736 1134 792 lNUTlLl.

550 864 602 906 Huc
617 862 709 907 reseret.
725 864 762 907 tlt.
778 864 813 916 30,
829 862 868 907 lib.
883 863 916 912 11.
929 864 960 906 X.

171 1018 389 1077 summarium.
401 1052 436 1065 ·-
454 1022 515 1076 379.
536 1023 638 1092 Agitur
655 1023 689 1077 de
703 1023 812 1077 actibus
831 1023 1006 1077 iudicialibus
1025 1040 1073 1077 seu
1092 1023 1127 1077 de
1145 1024 1229 1077 rebus
1246 1020 1349 1075 indicio

256 1128 386 1181 obnoxiis
404 1145 421 1180 a
435 1127 460 1181 S.
476 1128 613 1181 Pontifice
632 1128 803 1181 confirmatis
821 1133 851 1181 et
864 1128 1008 1197 quaeritur
1026 1143 1062 1181 an
1074 1124 1127 1180 bac
1145 1141 1201 1181 non
1219 1127 1348 1179 obstante
1454 1134 1457 1139 '

257 1233 477 1299 confirmatione,
495 1233 549 1287 ista
569 1234 675 1303 possint
696 1234 862 1303 impugnari.
876 1262 910 1274 -
923 1233 985 1286 380.
1004 1232 1169 1301 Explicatur
1187 1232 1232 1285 vis
1251 1233 1349 1286 confir·

256 1340 395 1393 metionis
415 1368 449 1380 ·-
474 1340 536 1394 381.
556 1339 698 1402 Quomodo
716 1345 902 1409 cognoscatur
920 1356 956 1393 an
981 1338 1155 1392 confirmatio
1180 1338 1246 1391 data
1263 1336 1301 1391 sit
1318 1337 1347 1390 in

256 1452 350 1517 ferma
376 1449 517 1503 communi
540 1454 589 1503 aut
615 1450 643 1502 in
662 1451 757 1519 somna
774 1450 912 1519 specifico.
936 1476 972 1489 -
993 1446 1054 1501 382
1080 1447 1238 1517 Aliquando
1262 1448 1347 1501 etiam

255 1554 480 1609 confirmationes
499 1556 527 1608 in
541 1556 631 1610 forma
642 1554 775 1625 specifica
789 1571 842 1608 non
862 1570 942 1608 secus
954 1570 987 1607 ac
1001 1560 1095 1609 cetera
1108 1553 1242 1623 rescripta
1255 1553 1348 1622 Papae

255 1657 387 1713 nullitate
403 1659 540 1713 laborant.
552 1688 590 1699 -
603 1658 663 1712 383.
678 1658 749 1713 Hinc
763 1659 921 1729 postolatur
935 1658 1054 1729 aperitio
1074 1661 1139 1710 oris
1153 1685 1187 1698 -
1200 1656 1261 1711 384.
1272 1656 1347 1711 llaec

255 1782 310 1819 non
331 1767 491 1821 conceditur
510 1768 563 1820 nisi
583 1769 735 1836 praemisso
755 1770 883 1823 examine
901 1766 1035 1822 iudiciali.

255 1928 331 1994 379.
357 1930 428 1995 Hac
452 1928 585 1994 rubrica
608 1929 796 1996 inscribitur
822 1929 1021 2001 1110111130.
1046 1928 1101 1995 lib.
1119 1929 1167 2003 II,
1191 1927 1226 1991 X
1231 1948 1246 2009 ,·
1268 1928 1347 1991 eius·

168 2076 229 2140 que
253 2056 388 2121 intentio
413 2061 462 2120 est
475 2055 639 2129 letissima,
654 2058 771 2142 quippe
795 2054 982 2121 confirmari
998 2055 1109 2120 valent
1124 2060 1197 2119 acta
1218 2058 1287 2118 turn
1302 2054 1347 2117 iu·

166 2174 294 2241 11010110
309 2181 378 2240 tum
399 2176 666 2251 extraiudicialia,
680 2184 713 2245 et
727 2178 780 2243 vel
797 2179 975 2264 praemisse
996 2177 1180 2262 cognitione
1194 2174 1345 2255 iudiciali,

165 2300 218 2364 vel
236 2299 299 2364 hac
315 2301 444 2365 omnino
457 2320 523 2365 uon
535 2300 686 2375 adhibita,
700 2301 832 2367 concedi
852 2304 957 2387 potest
971 2305 1117 2367 actorum
1133 2296 1345 2365 confirmatio.

164 2462 207 2475 -
232 2424 441 2491 Confirmatio
457 2433 512 2492 aut
536 2426 709 2493 infirmatio
733 2428 901 2511 iudicialis,
919 2447 1001 2511 quae
1025 2427 1250 2513 expostuletur
1265 2445 1286 2489 a
1301 2426 1347 2490 iu·

165 2551 235 2617 dice
259 2554 429 2637 superiore
446 2556 534 2619 circa
557 2557 748 2621 sententiam
773 2556 916 2621 aiudice
940 2556 1096 2620 inferiore
1119 2554 1277 2639 prolatam
1293 2573 1346 2639 ap·

164 2673 304 2757 pellatur
326 2676 480 2741 instantia
503 2678 743 2760 appellationis
750 2698 764 2760 ;
788 2677 827 2741 de
851 2678 915 2742 hac
938 2698 1002 2741 non
1030 2677 1154 2762 agimus
1176 2675 1280 2757 modu,
1305 2675 1345 2740 de

164 2818 226 2883 qua
239 2819 297 2865 suo
309 2801 380 2865 loco
394 2800 614 2866 disserendum
631 2804 703 2867 erit.
720 2838 760 2851 -
776 2804 886 2885 Neque
901 2805 1026 2886 egimus
1037 2802 1077 2868 de
1089 2802 1345 2888 confimatioae

164 2920 268 3003 quoad
291 2924 364 2985 ecta
388 2921 662 2998 extraiudicialie;
695 2928 808 3007 utputa
830 2922 870 2987 de
894 2920 1137 2987 confirmatione
1160 2942 1242 3006 qnae
1268 2942 1343 2987 con-

164 3043 234 3109 cedi
251 3042 346 3110 debet
361 3052 595 3131 acompetente
612 3048 781 3131 superiore
798 3048 945 3117 electioni
964 3048 1183 3131 praelatorum
1201 3053 1256 3111 eut
1271 3066 1345 3111 cona

163 3168 246 3235 ciliis
258 3170 522 3255 provincialibus,
535 3206 578 3219 -
593 3172 654 3237 Sed
669 3171 708 3238 de
721 3172 981 3258 confirmatione
993 3194 1100 3238 sermo
1116 3180 1173 3247 est,
1187 3179 1345 3258 quatenus

163 3296 291 3381 singula
307 3301 380 3361 ecta
403 3297 566 3363 iudicialis
582 3304 714 3383 possunt
731 3318 751 3362 e
774 3300 945 3383 superiore
962 3298 1065 3363 iudice
1087 3296 1273 3363 confirmari
1288 3305 1344 3363 aut

165 3418 325 3485 infirmari
341 3443 399 3487 sua
415 3424 625 3498 auctoritate;
643 3423 797 3507 quocirca
812 3421 1030 3507 quaerendum
1046 3430 1096 3487 est
1112 3424 1143 3487 in
1164 3442 1226 3507 quo
1243 3422 1344 3490 consi·

164 3546 228 3607 stat
243 3542 426 3607 huiusmodi
443 3542 642 3609 confirmatio
658 3551 691 3608 et
707 3544 781 3628 quid
799 3545 1020 3629 expostuletur
1033 3549 1068 3612 ut
1082 3564 1173 3609 suum
1190 3545 1344 3609 sortiatur

164 3663 334 3742 effectum
357 3686 472 3753 nempe
496 3673 530 3733 ut
554 3670 595 3735 sit
617 3668 718 3749 utilis,
744 3688 808 3732 non
833 3668 1073 3733 101010011111.

251 3791 436 3856 Necessitas
460 3791 554 3856 huius
577 3792 791 3875 inquisitionis
807 3792 949 3877 perspici
970 3798 1130 3876 potestex
1145 3792 1341 3875 quaestione,

166 3934 261 3997 quam
290 3916 390 4000 agitat
416 3917 555 3997 capell
578 3916 609 3979 h.
633 3920 675 3980 t..·
698 3935 740 3978 an
774 3935 889 4000 nempe
913 3915 1010 3981 iudex
1040 3917 1140 4001 possit
1167 3915 1279 3987 videre
1303 3915 1343 3981 de

163 4037 234 4103 iure
250 4043 472 4111 controverso,
490 4037 572 4121 quod
591 4039 680 4123 Papa
696 4037 910 4124 confirmavit
934 4040 1111 4123 possessori
1131 4059 1188 4103 seu
1205 4058 1272 4112 rec,
1289 4058 1344 4102 an-

162 4169 290 4248 tequam
314 4164 576 4231 introduceretur
600 4166 762 4230 iudicium.
780 4200 812 4213 -
847 4167 888 4230 Et
905 4165 1126 4251 respondetur,
1145 4169 1253 4253 Papae
1269 4188 1342 4233 con·

162 4286 378 4357 firmationem
405 4310 470 4356 non
493 4292 648 4377 impedire
675 4290 872 4375 subsequens
900 4291 1061 4367 iudicium,
1080 4294 1342 4378 quotiescumque

156 4434 220 4482 sua
236 4412 480 4479 confirmatione
506 4415 595 4500 Papa
618 4434 683 4479 non
707 4415 845 4480 intendit
868 4417 1087 4499 quaestionem
1111 4416 1263 4482 dirimere
1286 4422 1343 4482 aut
