3350 5117
522 325 566 371 on
590 324 729 371 runicus
752 322 1019 371 sccassrssricis
1314 309 1360 373 45

268 448 319 511 16.
344 448 408 512 Hic
432 447 544 513 modus
566 447 668 512 litium
692 445 987 532 componendarum
1004 452 1053 511 est
1068 445 1237 511 admodum
1259 467 1356 512 acco·

175 572 322 640 modatus
345 574 506 639 humanae
529 579 675 646 naturae,
692 579 759 639 tum
776 574 851 658 quia
870 592 1013 659 persona
1036 571 1151 654 electa,
1166 592 1210 639 ex
1224 574 1356 659 speciali

175 696 381 784 delegatione
403 697 675 769 contendentium,
693 698 912 783 praesumitur
927 696 1034 783 aptior
1049 696 1098 761 illi
1113 697 1242 783 negotio
1260 715 1357 785 expe

173 823 309 901 diendo;
332 829 401 889 tum
425 824 501 908 quia
530 828 639 910 partes
669 822 820 889 libentius
847 824 1059 908 acquiescent
1085 823 1267 889 sententiae
1292 823 1355 888 riri

174 950 275 1025 illins,
298 954 409 1014 mutuo
432 968 601 1023 consensu,
625 948 666 1013 ad
691 947 896 1015 iudicandum
918 949 1025 1014 electi.
1052 948 1124 1014 Hac
1152 949 1192 1014 de
1221 949 1357 1029 ratione,

175 1074 445 1156 compromissum
476 1076 527 1138 est
554 1072 717 1157 antiquior
743 1071 850 1135 forma
880 1076 913 1137 et
941 1070 1112 1164 methodus
1141 1071 1357 1137 contentionis

176 1190 353 1266 iudicialis;
377 1196 413 1258 ut
436 1192 551 1257 Cicero
573 1194 725 1258 testatur:
751 1190 831 1276 (Pro
848 1190 975 1259 Cluent.
992 1192 1048 1277 43)
1066 1211 1085 1255 s
1101 1190 1281 1257 Neminem
1303 1210 1359 1259 vo

176 1316 317 1383 luerint
332 1316 482 1383 maiores
496 1315 605 1383 nostri
618 1334 689 1381 uon
704 1316 806 1383 modo
822 1316 866 1383 de
881 1316 1133 1383 aestimatione
1155 1316 1358 1401 cuiusquam

174 1438 238 1505 sed
260 1456 304 1505 ae
322 1438 529 1523 pecuniaria
551 1438 688 1523 quidem
711 1438 754 1505 dc
775 1458 815 1505 rc
837 1438 992 1513 minimo,
1017 1438 1165 1503 iudicem
1187 1456 1266 1519 esse,
1290 1436 1359 1503 nisi

175 1563 239 1649 qui
262 1564 351 1631 inter
373 1563 591 1629 adversarios
614 1562 819 1630 conuenisset
835 1586 854 1625 a
872 1562 930 1649 (l).

275 1688 326 1753 17.
350 1688 403 1768 At,
428 1706 471 1753 ex
499 1686 654 1761 adverso,
686 1687 792 1772 palam
820 1692 887 1761 est,
919 1685 1071 1751 iudicium
1103 1686 1259 1754 arbitrale
1288 1706 1353 1750 non

177 1810 381 1877 sufficienter
403 1812 593 1879 satisfacere
615 1813 884 1879 administrationi
914 1813 1065 1886 iustitiae,
1097 1814 1212 1897 quippe
1242 1811 1358 1877 arbitri

177 1955 247 2001 non
271 1956 311 2001 ea
333 1936 474 2023 gaudent
496 1936 696 2009 auctoritate,
721 1954 787 2001 non
810 1935 911 2000 semel
935 1935 1121 2001 necessaria
1143 1932 1184 1998 ad
1207 1932 1358 1999 iudicium

179 2056 451 2145 persequendum.
467 2056 646 2143 Aliquando
663 2059 749 2123 enim
773 2058 959 2123 necessaria
975 2063 1024 2123 est
1039 2058 1204 2137 coercitio,
1221 2054 1274 2120 vel
1289 2075 1358 2121 mo-

180 2185 265 2259 dica,
283 2186 351 2251 sire
373 2184 414 2249 ad
437 2189 562 2269 partem
585 2183 799 2251 reluctantem
821 2184 856 2249 in
873 2183 1031 2271 iudicium
1049 2181 1280 2264 adducendam,
1295 2187 1354 2247 aut

178 2312 221 2378 ad
245 2312 326 2377 alias
349 2332 504 2397 personas
526 2310 644 2377 iudicio
667 2310 856 2377 instruendo
880 2312 1096 2376 inservientes
1123 2309 1358 2383 convocandas,

270 2629 310 2697 (l)
331 2627 388 2682 lam
413 2628 485 2698 apud
510 2629 637 2683 lndianos
663 2634 692 2683 el
715 2628 835 2683 Graecos
860 2628 919 2683 late
944 2629 1067 2698 viguisse
1093 2628 1249 2683 huiusmodi
1268 2645 1362 2685 mores

183 2735 305 2803 probant
324 2734 439 2788 eruditi:
458 2734 492 2789 cs.
511 2734 657 2789 blattirolo
675 2736 850 2805 epotato.
867 2753 897 2805 p.
913 2734 977 2788 619.
997 2734 1060 2789 lure
1079 2749 1194 2788 romano
1211 2733 1362 2803 diligenter

180 2839 342 2893 institutum
361 2839 528 2895 arbitrorum
547 2839 718 2909 explicatum
736 2840 799 2905 ruit,
812 2816 841 2893 in
857 2812 992 2909 Digestis,
1008 2837 1093 2892 titulo
1111 2840 1154 2894 De
1171 2840 1299 2909 receptis,
1313 2840 1362 2908 put

179 2948 329 3001 arbitrium
347 2956 514 3018 receperunt
533 2958 563 3001 ut
580 2948 746 3002 sententiam
759 2949 854 3001 dicunt
866 2946 924 3017 (IV,
938 2946 967 3013 8)
980 2950 1009 3001 st
1022 2946 1051 2999 in
1066 2945 1166 3000 Codice
1179 2946 1222 2999 De
1240 2948 1360 3016 receptis

178 3055 296 3107 arbitris
314 3053 426 3125 (11,56).
446 3053 507 3109 lura
526 3055 669 3118 canonico,
684 3054 831 3123 disciplina
849 3054 994 3108 arbitralis
1013 3054 1162 3108 maximam
1181 3052 1280 3108 habuit
1297 3070 1362 3108 exe·

180 3157 321 3212 cntionem
347 3156 375 3210 in
401 3172 431 3213 rs
448 3156 586 3211 criminali
605 3161 635 3211 st
653 3156 744 3223 civili,
764 3158 798 3211 ct.
818 3154 1031 3211 Thomassinum
1051 3158 1124 3223 (Vel.
1144 3166 1172 3211 et
1190 3156 1262 3209 Nos.
1282 3156 1360 3210 Eccl.

180 3264 332 3335 disciplina
348 3280 418 3333 pars
431 3262 470 3329 II,
491 3264 535 3317 lib.
549 3264 578 3331 3,
598 3282 657 3334 cop.
672 3264 723 3315 101
741 3266 801 3333 sp).
819 3263 866 3317 Ius
884 3263 1086 3318 Germanorum
1105 3262 1259 3334 antiquum,
1278 3278 1359 3333 prae·

182 3369 261 3437 cipue
279 3366 407 3421 innixum
431 3373 461 3421 st
485 3367 664 3421 informatum
690 3366 744 3421 iuri
769 3367 955 3434 familiarum,
974 3367 1073 3421 hahuit
1096 3368 1150 3421 sibi
1175 3366 1361 3422 connaturale

180 3478 306 3546 systema
323 3472 473 3529 arbitrale:
491 3474 590 3543 probat
609 3472 744 3543 Schopfer
758 3476 812 3545 (op.
826 3477 870 3528 cit.
885 3475 932 3528 lid.
947 3473 1001 3545 11).
1021 3473 1052 3527 ln
1071 3448 1161 3539 ltalia,
1174 3490 1224 3543 per
1242 3472 1361 3528 mediam

182 3583 311 3645 aetatem,
325 3578 539 3634 constitutiones
557 3579 739 3650 municipales
756 3580 877 3635 manime
889 3581 1023 3635 favebant
1038 3579 1147 3634 iudiciis
1165 3578 1360 3643 arbitralibus;

182 3686 215 3739 ci.
233 3684 341 3740 Pertile
360 3660 470 3754 (Storia
488 3686 537 3761 del
555 3686 655 3739 Diritto
671 3684 800 3753 Italicam,
814 3688 870 3741 sol.
892 3686 932 3740 VI
941 3715 956 3729 -
969 3686 1133 3740 Proceduro
1149 3714 1163 3727 ·
1175 3688 1188 3752 l
1200 3686 1278 3754 216).
1299 3685 1363 3740 lure

183 3790 315 3847 hodierno
334 3792 407 3861 apud
425 3791 522 3847 civiles
541 3792 668 3847 nationes
686 3791 913 3862 compromissum
926 3792 956 3845 in
969 3791 1090 3845 arbitros
1103 3792 1224 3845 maximo
1242 3790 1362 3845 habetor

183 3899 211 3955 in
228 3898 344 3967 honore,
357 3903 386 3955 et
399 3898 460 3969 plus
473 3898 599 3954 minusve
618 3905 748 3969 urgetur;
768 3900 816 3955 sed
835 3900 914 3970 leges
932 3898 1082 3955 hodiernae
1101 3898 1185 3969 longe
1204 3900 1308 3953 distant
1326 3900 1363 3954 ab

183 4022 296 4062 excessu
315 4008 344 4061 in
364 4017 447 4079 quem
471 4006 627 4063 inciderant
651 4006 745 4077 legum
770 4007 875 4062 latores
893 4007 923 4061 in
940 4005 1043 4073 Gallia,
1063 4010 1187 4076 tempore
1210 4006 1364 4062 eversionis

184 4128 276 4166 rerum
296 4111 480 4183 publicarum,
493 4114 714 4183 praescribentes
728 4113 769 4167 oti
782 4112 970 4169 necessarium
984 4113 1013 4166 in
1026 4112 1155 4168 omnibus
1168 4113 1362 4168 controversiis

184 4215 425 4286 compromissum
444 4220 474 4271 et
498 4232 547 4286 pro
571 4216 735 4287 quibusdam
761 4216 938 4284 criminibus,
963 4216 1089 4271 admissis
1114 4221 1213 4271 contra
1236 4216 1362 4271 ordinem

183 4320 361 4389 familiarum,
379 4322 581 4377 constituentes
604 4324 709 4377 iudicia
727 4325 886 4379 domesticu.
907 4322 1070 4379 Huiusmodi
1094 4322 1172 4393 leges
1196 4321 1359 4394 iampridem

185 4429 307 4486 abolitae
325 4430 448 4486 fuerunt.
