<?xml version="1.0" encoding="UTF-8"?>
<!DOCTYPE html PUBLIC "-//W3C//DTD XHTML 1.0 Transitional//EN"
    "http://www.w3.org/TR/xhtml1/DTD/xhtml1-transitional.dtd">
<html xmlns="http://www.w3.org/1999/xhtml" xml:lang="en" lang="en">
 <head>
  <title>
</title>
<meta http-equiv="Content-Type" content="text/html;charset=utf-8" />
  <meta name='ocr-system' content='tesseract 3.04.00' />
  <meta name='ocr-capabilities' content='ocr_page ocr_carea ocr_par ocr_line ocrx_word'/>
</head>
<body>
  <div class='ocr_page' id='page_1' title='image "./praelectionesin01legagoog_0629.png"; bbox 0 0 3350 5117; ppageno 0'>
   <div class='ocr_carea' id='block_1_1' title="bbox 531 296 1368 365">
    <p class='ocr_par' dir='ltr' id='par_1_1' title="bbox 531 296 1368 365">
     <span class='ocr_line' id='line_1_1' title="bbox 531 296 1368 365; baseline 0 -6"><span class='ocrx_word' id='word_1_1' title='bbox 531 311 576 359; x_wconf 83' lang='lat' dir='ltr'>nn</span> <span class='ocrx_word' id='word_1_2' title='bbox 598 311 737 360; x_wconf 83' lang='lat' dir='ltr'>ruamus</span> <span class='ocrx_word' id='word_1_3' title='bbox 761 312 1027 361; x_wconf 81' lang='lat' dir='ltr'>accnnsmsrrcrs</span> <span class='ocrx_word' id='word_1_4' title='bbox 1303 296 1368 365; x_wconf 80' lang='lat'>627</span> 
     </span>
    </p>
   </div>
   <div class='ocr_carea' id='block_1_2' title="bbox 131 433 1374 4501">
    <p class='ocr_par' dir='ltr' id='par_1_2' title="bbox 177 433 1370 2505">
     <span class='ocr_line' id='line_1_2' title="bbox 177 433 1368 523; baseline 0.006 -24"><span class='ocrx_word' id='word_1_5' title='bbox 177 434 315 519; x_wconf 82' lang='lat' dir='ltr'>expetiti</span> <span class='ocrx_word' id='word_1_6' title='bbox 339 434 483 518; x_wconf 82' lang='lat' dir='ltr'>apostoli</span> <span class='ocrx_word' id='word_1_7' title='bbox 505 433 546 500; x_wconf 93' lang='lat' dir='ltr'>ob</span> <span class='ocrx_word' id='word_1_8' title='bbox 576 435 800 520; x_wconf 77' lang='lat' dir='ltr'>interpositam</span> <span class='ocrx_word' id='word_1_9' title='bbox 829 436 1087 521; x_wconf 83' lang='lat' dir='ltr'>appellationem,</span> <span class='ocrx_word' id='word_1_10' title='bbox 1113 437 1170 502; x_wconf 89' lang='lat' dir='ltr'>sed</span> <span class='ocrx_word' id='word_1_11' title='bbox 1196 439 1368 523; x_wconf 85' lang='lat' dir='ltr'>postulatio</span> 
     </span>
     <span class='ocr_line' id='line_1_3' title="bbox 180 554 1370 647; baseline 0.007 -27"><span class='ocrx_word' id='word_1_12' title='bbox 180 576 340 642; x_wconf 84' lang='lat' dir='ltr'>expressa</span> <span class='ocrx_word' id='word_1_13' title='bbox 369 554 442 622; x_wconf 90' lang='lat' dir='ltr'>fleri</span> <span class='ocrx_word' id='word_1_14' title='bbox 472 556 576 639; x_wconf 89' lang='lat' dir='ltr'>debet,</span> <span class='ocrx_word' id='word_1_15' title='bbox 607 563 641 623; x_wconf 93' lang='lat' dir='ltr'>et</span> <span class='ocrx_word' id='word_1_16' title='bbox 668 577 737 623; x_wconf 84' lang='lat' dir='ltr'>nno</span> <span class='ocrx_word' id='word_1_17' title='bbox 761 564 923 625; x_wconf 76' lang='lat' dir='ltr'>connata</span> <span class='ocrx_word' id='word_1_18' title='bbox 945 561 1119 645; x_wconf 84' lang='lat' dir='ltr'>appellatio</span> <span class='ocrx_word' id='word_1_19' title='bbox 1148 562 1314 647; x_wconf 91' lang='lat' dir='ltr'>interponi</span> <span class='ocrx_word' id='word_1_20' title='bbox 1338 568 1370 628; x_wconf 89' lang='lat' dir='ltr'>et</span> 
     </span>
     <span class='ocr_line' id='line_1_4' title="bbox 177 679 1369 769; baseline 0.008 -26"><span class='ocrx_word' id='word_1_21' title='bbox 177 679 327 762; x_wconf 82' lang='lat' dir='ltr'>apostoli</span> <span class='ocrx_word' id='word_1_22' title='bbox 349 682 413 766; x_wconf 88' lang='lat' dir='ltr'>peti</span> <span class='ocrx_word' id='word_1_23' title='bbox 436 685 579 765; x_wconf 83' lang='lat' dir='ltr'>possunt,</span> <span class='ocrx_word' id='word_1_24' title='bbox 595 681 676 747; x_wconf 85' lang='lat' dir='ltr'>adeo</span> <span class='ocrx_word' id='word_1_25' title='bbox 692 688 799 747; x_wconf 84' lang='lat' dir='ltr'>tamen</span> <span class='ocrx_word' id='word_1_26' title='bbox 815 686 853 747; x_wconf 83' lang='lat' dir='ltr'>ut</span> <span class='ocrx_word' id='word_1_27' title='bbox 880 682 1081 749; x_wconf 79' lang='lat' dir='ltr'>«instanter</span> <span class='ocrx_word' id='word_1_28' title='bbox 1096 688 1127 749; x_wconf 89' lang='lat' dir='ltr'>et</span> <span class='ocrx_word' id='word_1_29' title='bbox 1147 685 1286 767; x_wconf 83' lang='lat' dir='ltr'>saepius</span> <span class='ocrx_word' id='word_1_30' title='bbox 1304 705 1369 769; x_wconf 87' lang='lat' dir='ltr'>po-</span> 
     </span>
     <span class='ocr_line' id='line_1_5' title="bbox 178 799 1369 874; baseline 0.008 -10"><span class='ocrx_word' id='word_1_31' title='bbox 178 802 350 866; x_wconf 77' lang='lat' dir='ltr'>stulentur</span> <span class='ocrx_word' id='word_1_32' title='bbox 366 821 383 866; x_wconf 79' lang='lat'><strong>&gt;</strong></span> <span class='ocrx_word' id='word_1_33' title='bbox 401 803 446 867; x_wconf 92' lang='lat' dir='ltr'>ita</span> <span class='ocrx_word' id='word_1_34' title='bbox 468 802 502 867; x_wconf 89' lang='lat' dir='ltr'>in</span> <span class='ocrx_word' id='word_1_35' title='bbox 522 799 623 868; x_wconf 81' lang='lat' dir='ltr'>Clam.</span> <span class='ocrx_word' id='word_1_36' title='bbox 641 802 667 867; x_wconf 98' lang='grc'><em>2</em></span> <span class='ocrx_word' id='word_1_37' title='bbox 683 803 714 867; x_wconf 84' lang='lat' dir='ltr'>b.</span> <span class='ocrx_word' id='word_1_38' title='bbox 733 809 754 868; x_wconf 88' lang='lat' dir='ltr'>t.</span> <span class='ocrx_word' id='word_1_39' title='bbox 771 840 815 853; x_wconf 96' lang='lat'>-</span> <span class='ocrx_word' id='word_1_40' title='bbox 831 806 869 870; x_wconf 95' lang='lat' dir='ltr'>ln</span> <span class='ocrx_word' id='word_1_41' title='bbox 894 804 957 871; x_wconf 89' lang='lat' dir='ltr'>hac</span> <span class='ocrx_word' id='word_1_42' title='bbox 974 808 1200 873; x_wconf 90' lang='lat' dir='ltr'>constitutione</span> <span class='ocrx_word' id='word_1_43' title='bbox 1216 808 1318 874; x_wconf 82' lang='lat' dir='ltr'>Clem.</span> <span class='ocrx_word' id='word_1_44' title='bbox 1337 809 1369 873; x_wconf 92' lang='lat' dir='ltr'>V</span> 
     </span>
     <span class='ocr_line' id='line_1_6' title="bbox 181 926 1368 1015; baseline 0.007 -26"><span class='ocrx_word' id='word_1_45' title='bbox 181 926 246 990; x_wconf 85' lang='lat' dir='ltr'>iam</span> <span class='ocrx_word' id='word_1_46' title='bbox 269 928 497 1013; x_wconf 77' lang='lat' dir='ltr'>simpliciorem</span> <span class='ocrx_word' id='word_1_47' title='bbox 521 928 626 995; x_wconf 87' lang='lat' dir='ltr'>reddit</span> <span class='ocrx_word' id='word_1_48' title='bbox 648 930 778 995; x_wconf 90' lang='lat' dir='ltr'>illorum</span> <span class='ocrx_word' id='word_1_49' title='bbox 793 931 1055 1015; x_wconf 90' lang='lat' dir='ltr'>postulationem;</span> <span class='ocrx_word' id='word_1_50' title='bbox 1073 938 1169 1000; x_wconf 89' lang='lat' dir='ltr'>antea</span> <span class='ocrx_word' id='word_1_51' title='bbox 1193 933 1280 999; x_wconf 88' lang='lat' dir='ltr'>enim</span> <span class='ocrx_word' id='word_1_52' title='bbox 1305 935 1368 999; x_wconf 88' lang='lat' dir='ltr'>tri·</span> 
     </span>
     <span class='ocr_line' id='line_1_7' title="bbox 181 1052 1369 1139; baseline 0.008 -23"><span class='ocrx_word' id='word_1_53' title='bbox 181 1052 257 1137; x_wconf 86' lang='lat' dir='ltr'>plici</span> <span class='ocrx_word' id='word_1_54' title='bbox 281 1054 352 1117; x_wconf 81' lang='lat' dir='ltr'>rice</span> <span class='ocrx_word' id='word_1_55' title='bbox 374 1052 555 1139; x_wconf 90' lang='lat' dir='ltr'>postulandi</span> <span class='ocrx_word' id='word_1_56' title='bbox 579 1061 682 1127; x_wconf 91' lang='lat' dir='ltr'>erant,</span> <span class='ocrx_word' id='word_1_57' title='bbox 705 1054 882 1129; x_wconf 79' lang='lat' dir='ltr'>instanter,</span> <span class='ocrx_word' id='word_1_58' title='bbox 899 1055 1090 1128; x_wconf 83' lang='lat' dir='ltr'>instantias,</span> <span class='ocrx_word' id='word_1_59' title='bbox 1107 1058 1369 1125; x_wconf 81' lang='lat' dir='ltr'>instantissime·</span> 
     </span>
     <span class='ocr_line' id='line_1_8' title="bbox 185 1163 1365 1261; baseline 0.006 -24"><span class='ocrx_word' id='word_1_60' title='bbox 185 1172 345 1239; x_wconf 83' lang='lat' dir='ltr'>Processu</span> <span class='ocrx_word' id='word_1_61' title='bbox 366 1177 522 1261; x_wconf 88' lang='lat' dir='ltr'>temporis</span> <span class='ocrx_word' id='word_1_62' title='bbox 536 1163 687 1261; x_wconf 70' lang='lat' dir='ltr'>quidquid</span> <span class='ocrx_word' id='word_1_63' title='bbox 703 1176 913 1242; x_wconf 80' lang='lat' dir='ltr'>solemnitatis</span> <span class='ocrx_word' id='word_1_64' title='bbox 930 1177 1129 1260; x_wconf 86' lang='lat' dir='ltr'>inhaerebat,</span> <span class='ocrx_word' id='word_1_65' title='bbox 1146 1182 1265 1246; x_wconf 87' lang='lat' dir='ltr'>sensim</span> <span class='ocrx_word' id='word_1_66' title='bbox 1286 1200 1365 1245; x_wconf 83' lang='lat' dir='ltr'>exo·</span> 
     </span>
     <span class='ocr_line' id='line_1_9' title="bbox 180 1295 1370 1386; baseline 0.007 -25"><span class='ocrx_word' id='word_1_67' title='bbox 180 1295 275 1373; x_wconf 85' lang='lat' dir='ltr'>lerit;</span> <span class='ocrx_word' id='word_1_68' title='bbox 288 1304 418 1364; x_wconf 85' lang='lat' dir='ltr'>serrata</span> <span class='ocrx_word' id='word_1_69' title='bbox 433 1300 481 1365; x_wconf 90' lang='lat' dir='ltr'>rei</span> <span class='ocrx_word' id='word_1_70' title='bbox 496 1300 682 1383; x_wconf 87' lang='lat' dir='ltr'>substantia,</span> <span class='ocrx_word' id='word_1_71' title='bbox 700 1302 829 1365; x_wconf 91' lang='lat' dir='ltr'>nomine</span> <span class='ocrx_word' id='word_1_72' title='bbox 849 1302 956 1386; x_wconf 91' lang='lat' dir='ltr'>potius</span> <span class='ocrx_word' id='word_1_73' title='bbox 972 1306 1093 1367; x_wconf 88' lang='lat' dir='ltr'>mutato</span> <span class='ocrx_word' id='word_1_74' title='bbox 1111 1308 1143 1368; x_wconf 90' lang='lat' dir='ltr'>et</span> <span class='ocrx_word' id='word_1_75' title='bbox 1159 1304 1275 1379; x_wconf 88' lang='lat' dir='ltr'>forma,</span> <span class='ocrx_word' id='word_1_76' title='bbox 1299 1323 1370 1369; x_wconf 90' lang='lat' dir='ltr'>mos</span> 
     </span>
     <span class='ocr_line' id='line_1_10' title="bbox 182 1422 1370 1511; baseline 0.008 -26"><span class='ocrx_word' id='word_1_77' title='bbox 182 1422 344 1487; x_wconf 85' lang='lat' dir='ltr'>retinetur</span> <span class='ocrx_word' id='word_1_78' title='bbox 366 1422 449 1508; x_wconf 89' lang='lat' dir='ltr'>apud</span> <span class='ocrx_word' id='word_1_79' title='bbox 473 1425 581 1488; x_wconf 89' lang='lat' dir='ltr'>curias</span> <span class='ocrx_word' id='word_1_80' title='bbox 605 1429 637 1488; x_wconf 91' lang='lat' dir='ltr'>et</span> <span class='ocrx_word' id='word_1_81' title='bbox 659 1425 744 1509; x_wconf 89' lang='lat' dir='ltr'>ipsas</span> <span class='ocrx_word' id='word_1_82' title='bbox 764 1424 881 1509; x_wconf 87' lang='lat' dir='ltr'>Gongr.</span> <span class='ocrx_word' id='word_1_83' title='bbox 902 1424 1036 1489; x_wconf 73' lang='lat' dir='ltr'>Roman.</span> <span class='ocrx_word' id='word_1_84' title='bbox 1054 1425 1204 1511; x_wconf 87' lang='lat' dir='ltr'>exigendi</span> <span class='ocrx_word' id='word_1_85' title='bbox 1220 1447 1240 1492; x_wconf 90' lang='lat' dir='ltr'>a</span> <span class='ocrx_word' id='word_1_86' title='bbox 1258 1427 1370 1495; x_wconf 88' lang='lat' dir='ltr'>iudice</span> 
     </span>
     <span class='ocr_line' id='line_1_11' title="bbox 179 1546 1363 1635; baseline 0.009 -29"><span class='ocrx_word' id='word_1_87' title='bbox 179 1562 206 1606; x_wconf 93' lang='lat' dir='ltr'>a</span> <span class='ocrx_word' id='word_1_88' title='bbox 221 1563 288 1629; x_wconf 83' lang='lat' dir='ltr'>qno</span> <span class='ocrx_word' id='word_1_89' title='bbox 307 1546 489 1632; x_wconf 89' lang='lat' dir='ltr'>appellatur</span> <span class='ocrx_word' id='word_1_90' title='bbox 504 1554 700 1633; x_wconf 89' lang='lat' dir='ltr'>opportunas</span> <span class='ocrx_word' id='word_1_91' title='bbox 715 1549 854 1619; x_wconf 87' lang='lat' dir='ltr'>notitias,</span> <span class='ocrx_word' id='word_1_92' title='bbox 871 1549 940 1613; x_wconf 89' lang='lat' dir='ltr'>sive</span> <span class='ocrx_word' id='word_1_93' title='bbox 955 1548 995 1613; x_wconf 89' lang='lat' dir='ltr'>ad</span> <span class='ocrx_word' id='word_1_94' title='bbox 1011 1550 1194 1616; x_wconf 89' lang='lat' dir='ltr'>instantiam</span> <span class='ocrx_word' id='word_1_95' title='bbox 1207 1553 1363 1635; x_wconf 87' lang='lat' dir='ltr'>partium,</span> 
     </span>
     <span class='ocr_line' id='line_1_12' title="bbox 180 1666 1368 1751; baseline 0.008 -19"><span class='ocrx_word' id='word_1_96' title='bbox 180 1670 252 1733; x_wconf 86' lang='lat' dir='ltr'>sive</span> <span class='ocrx_word' id='word_1_97' title='bbox 275 1688 319 1733; x_wconf 83' lang='lat' dir='ltr'>ex</span> <span class='ocrx_word' id='word_1_98' title='bbox 343 1666 465 1733; x_wconf 85' lang='lat' dir='ltr'>officio:</span> <span class='ocrx_word' id='word_1_99' title='bbox 489 1669 534 1733; x_wconf 89' lang='lat' dir='ltr'>ita</span> <span class='ocrx_word' id='word_1_100' title='bbox 564 1674 700 1733; x_wconf 86' lang='lat' dir='ltr'>testatur</span> <span class='ocrx_word' id='word_1_101' title='bbox 730 1669 826 1734; x_wconf 90' lang='lat' dir='ltr'>etiam</span> <span class='ocrx_word' id='word_1_102' title='bbox 852 1670 973 1743; x_wconf 88' lang='lat' dir='ltr'>Devoti,</span> <span class='ocrx_word' id='word_1_103' title='bbox 999 1672 1057 1737; x_wconf 82' lang='lat' dir='ltr'>Ias</span> <span class='ocrx_word' id='word_1_104' title='bbox 1085 1669 1168 1738; x_wconf 87' lang='lat' dir='ltr'>Can.</span> <span class='ocrx_word' id='word_1_105' title='bbox 1193 1674 1265 1741; x_wconf 86' lang='lat' dir='ltr'>Lib.</span> <span class='ocrx_word' id='word_1_106' title='bbox 1291 1676 1368 1751; x_wconf 84' lang='grc' dir='ltr'><em>ΙΙΙ,</em></span> 
     </span>
     <span class='ocr_line' id='line_1_13' title="bbox 190 1791 1364 1884; baseline 0.007 -29"><span class='ocrx_word' id='word_1_107' title='bbox 190 1792 253 1856; x_wconf 81' lang='lat' dir='ltr'>Tit.</span> <span class='ocrx_word' id='word_1_108' title='bbox 276 1792 329 1867; x_wconf 88' lang='lat'>15,</span> <span class='ocrx_word' id='word_1_109' title='bbox 353 1792 445 1875; x_wconf 67' lang='lat'>511.</span> <span class='ocrx_word' id='word_1_110' title='bbox 470 1791 578 1867; x_wconf 85' lang='lat' dir='ltr'>Quare</span> <span class='ocrx_word' id='word_1_111' title='bbox 602 1793 739 1879; x_wconf 85' lang='lat' dir='ltr'>simplex</span> <span class='ocrx_word' id='word_1_112' title='bbox 761 1794 889 1859; x_wconf 90' lang='lat' dir='ltr'>libellus</span> <span class='ocrx_word' id='word_1_113' title='bbox 912 1796 1134 1882; x_wconf 87' lang='lat' dir='ltr'>appellationis</span> <span class='ocrx_word' id='word_1_114' title='bbox 1158 1796 1276 1863; x_wconf 82' lang='lat' dir='ltr'>sufficit</span> <span class='ocrx_word' id='word_1_115' title='bbox 1299 1818 1364 1884; x_wconf 90' lang='lat' dir='ltr'>pro</span> 
     </span>
     <span class='ocr_line' id='line_1_14' title="bbox 181 1912 1369 2009; baseline 0.006 -26"><span class='ocrx_word' id='word_1_116' title='bbox 181 1917 296 1983; x_wconf 88' lang='lat' dir='ltr'>eadem</span> <span class='ocrx_word' id='word_1_117' title='bbox 312 1919 556 2004; x_wconf 86' lang='lat' dir='ltr'>interponenda.</span> <span class='ocrx_word' id='word_1_118' title='bbox 573 1956 617 1969; x_wconf 96' lang='lat'>-</span> <span class='ocrx_word' id='word_1_119' title='bbox 633 1912 857 1987; x_wconf 80' lang='lat' dir='ltr'>Nihilominus</span> <span class='ocrx_word' id='word_1_120' title='bbox 870 1920 968 1987; x_wconf 81' lang='lat' dir='ltr'>iudex</span> <span class='ocrx_word' id='word_1_121' title='bbox 984 1922 1078 1989; x_wconf 90' lang='lat' dir='ltr'>debet</span> <span class='ocrx_word' id='word_1_122' title='bbox 1102 1924 1299 2009; x_wconf 89' lang='lat' dir='ltr'>respondere</span> <span class='ocrx_word' id='word_1_123' title='bbox 1322 1927 1369 1990; x_wconf 92' lang='lat' dir='ltr'>in-</span> 
     </span>
     <span class='ocr_line' id='line_1_15' title="bbox 182 2041 1365 2133; baseline 0.008 -30"><span class='ocrx_word' id='word_1_124' title='bbox 182 2041 321 2107; x_wconf 89' lang='lat' dir='ltr'>tentioni</span> <span class='ocrx_word' id='word_1_125' title='bbox 336 2041 415 2107; x_wconf 86' lang='lat' dir='ltr'>iuris</span> <span class='ocrx_word' id='word_1_126' title='bbox 432 2042 657 2114; x_wconf 88' lang='lat' dir='ltr'>Decretalium,</span> <span class='ocrx_word' id='word_1_127' title='bbox 674 2044 882 2128; x_wconf 86' lang='lat' dir='ltr'>suppeditans</span> <span class='ocrx_word' id='word_1_128' title='bbox 899 2044 993 2110; x_wconf 90' lang='lat' dir='ltr'>iudici</span> <span class='ocrx_word' id='word_1_129' title='bbox 1010 2046 1169 2131; x_wconf 89' lang='lat' dir='ltr'>superiori</span> <span class='ocrx_word' id='word_1_130' title='bbox 1185 2067 1365 2133; x_wconf 82' lang='lat' dir='ltr'>congruam</span> 
     </span>
     <span class='ocr_line' id='line_1_16' title="bbox 183 2163 1370 2251; baseline 0.007 -23"><span class='ocrx_word' id='word_1_131' title='bbox 183 2165 332 2229; x_wconf 89' lang='lat' dir='ltr'>notitiam</span> <span class='ocrx_word' id='word_1_132' title='bbox 355 2163 396 2230; x_wconf 88' lang='lat' dir='ltr'>de</span> <span class='ocrx_word' id='word_1_133' title='bbox 419 2167 534 2230; x_wconf 89' lang='lat' dir='ltr'>merito</span> <span class='ocrx_word' id='word_1_134' title='bbox 557 2166 788 2251; x_wconf 88' lang='lat' dir='ltr'>appellationis.</span> <span class='ocrx_word' id='word_1_135' title='bbox 815 2166 886 2232; x_wconf 88' lang='lat' dir='ltr'>Hac</span> <span class='ocrx_word' id='word_1_136' title='bbox 909 2167 949 2233; x_wconf 88' lang='lat' dir='ltr'>dc</span> <span class='ocrx_word' id='word_1_137' title='bbox 972 2188 1069 2233; x_wconf 86' lang='lat' dir='ltr'>causa</span> <span class='ocrx_word' id='word_1_138' title='bbox 1092 2170 1188 2235; x_wconf 89' lang='lat' dir='ltr'>etiam</span> <span class='ocrx_word' id='word_1_139' title='bbox 1212 2170 1312 2236; x_wconf 90' lang='lat' dir='ltr'>hodie</span> <span class='ocrx_word' id='word_1_140' title='bbox 1336 2172 1370 2235; x_wconf 93' lang='lat' dir='ltr'>in</span> 
     </span>
     <span class='ocr_line' id='line_1_17' title="bbox 182 2292 1370 2383; baseline 0.005 -25"><span class='ocrx_word' id='word_1_141' title='bbox 182 2292 217 2358; x_wconf 89' lang='lat' dir='ltr'>S.</span> <span class='ocrx_word' id='word_1_142' title='bbox 245 2294 343 2380; x_wconf 83' lang='lat' dir='ltr'>Cong.</span> <span class='ocrx_word' id='word_1_143' title='bbox 368 2294 501 2359; x_wconf 76' lang='lat' dir='ltr'>concilii</span> <span class='ocrx_word' id='word_1_144' title='bbox 525 2292 704 2358; x_wconf 87' lang='lat' dir='ltr'>huiusmodi</span> <span class='ocrx_word' id='word_1_145' title='bbox 728 2294 857 2359; x_wconf 86' lang='lat' dir='ltr'>litterae</span> <span class='ocrx_word' id='word_1_146' title='bbox 881 2296 1160 2365; x_wconf 86' lang='lat' dir='ltr'>commendatitiae</span> <span class='ocrx_word' id='word_1_147' title='bbox 1180 2318 1280 2383; x_wconf 89' lang='lat' dir='ltr'>usque</span> <span class='ocrx_word' id='word_1_148' title='bbox 1305 2318 1370 2363; x_wconf 85' lang='lat' dir='ltr'>ex·</span> 
     </span>
     <span class='ocr_line' id='line_1_18' title="bbox 186 2418 1219 2505; baseline 0.008 -25"><span class='ocrx_word' id='word_1_149' title='bbox 186 2418 397 2501; x_wconf 87' lang='lat' dir='ltr'>postulantur,</span> <span class='ocrx_word' id='word_1_150' title='bbox 422 2424 454 2483; x_wconf 89' lang='lat' dir='ltr'>et</span> <span class='ocrx_word' id='word_1_151' title='bbox 476 2419 621 2501; x_wconf 85' lang='lat' dir='ltr'>apostoli</span> <span class='ocrx_word' id='word_1_152' title='bbox 643 2438 871 2503; x_wconf 89' lang='lat' dir='ltr'>nonnunquam</span> <span class='ocrx_word' id='word_1_153' title='bbox 896 2423 1075 2505; x_wconf 91' lang='lat' dir='ltr'>nuncupari</span> <span class='ocrx_word' id='word_1_154' title='bbox 1102 2423 1219 2489; x_wconf 85' lang='lat' dir='ltr'>solent.</span> 
     </span>
    </p>

    <p class='ocr_par' dir='ltr' id='par_1_3' title="bbox 131 2541 1374 4501">
     <span class='ocr_line' id='line_1_19' title="bbox 275 2541 1368 2625; baseline 0.007 -21"><span class='ocrx_word' id='word_1_155' title='bbox 275 2541 349 2605; x_wconf 81' lang='grc'><strong>645.</strong></span> <span class='ocrx_word' id='word_1_156' title='bbox 365 2542 544 2607; x_wconf 88' lang='lat' dir='ltr'>Praeterea</span> <span class='ocrx_word' id='word_1_157' title='bbox 552 2543 623 2607; x_wconf 91' lang='lat' dir='ltr'>iure</span> <span class='ocrx_word' id='word_1_158' title='bbox 634 2562 696 2625; x_wconf 92' lang='lat' dir='ltr'>quo</span> <span class='ocrx_word' id='word_1_159' title='bbox 705 2544 827 2606; x_wconf 93' lang='lat' dir='ltr'>utimur</span> <span class='ocrx_word' id='word_1_160' title='bbox 839 2562 881 2607; x_wconf 83' lang='lat' dir='ltr'>ex</span> <span class='ocrx_word' id='word_1_161' title='bbox 892 2544 1001 2611; x_wconf 88' lang='lat' dir='ltr'>relatis</span> <span class='ocrx_word' id='word_1_162' title='bbox 1014 2544 1152 2613; x_wconf 89' lang='lat' dir='ltr'>decretis</span> <span class='ocrx_word' id='word_1_163' title='bbox 1166 2547 1264 2613; x_wconf 85' lang='lat' dir='ltr'>Olem.</span> <span class='ocrx_word' id='word_1_164' title='bbox 1276 2548 1325 2613; x_wconf 89' lang='lat' dir='ltr'>Vl</span> <span class='ocrx_word' id='word_1_165' title='bbox 1336 2548 1368 2612; x_wconf 93' lang='lat' dir='ltr'>ll</span> 
     </span>
     <span class='ocr_line' id='line_1_20' title="bbox 185 2659 1368 2752; baseline 0.007 -26"><span class='ocrx_word' id='word_1_166' title='bbox 185 2686 207 2726; x_wconf 74' lang='lat' dir='ltr'>a</span> <span class='ocrx_word' id='word_1_167' title='bbox 224 2664 273 2729; x_wconf 84' lang='lat' dir='ltr'>Ad</span> <span class='ocrx_word' id='word_1_168' title='bbox 296 2664 488 2729; x_wconf 82' lang='lat' dir='ltr'>tollendas»</span> <span class='ocrx_word' id='word_1_169' title='bbox 505 2659 558 2748; x_wconf 66' lang='lat'>§5</span> <span class='ocrx_word' id='word_1_170' title='bbox 576 2666 607 2738; x_wconf 85' lang='lat'>9,</span> <span class='ocrx_word' id='word_1_171' title='bbox 625 2667 670 2738; x_wconf 85' lang='lat'>11,</span> <span class='ocrx_word' id='word_1_172' title='bbox 696 2667 861 2752; x_wconf 88' lang='lat' dir='ltr'>conceptis</span> <span class='ocrx_word' id='word_1_173' title='bbox 884 2669 974 2732; x_wconf 82' lang='lat' dir='ltr'>iuxta</span> <span class='ocrx_word' id='word_1_174' title='bbox 998 2674 1136 2733; x_wconf 89' lang='lat' dir='ltr'>mentem</span> <span class='ocrx_word' id='word_1_175' title='bbox 1159 2670 1255 2736; x_wconf 84' lang='lat' dir='ltr'>Gonc.</span> <span class='ocrx_word' id='word_1_176' title='bbox 1278 2670 1368 2735; x_wconf 84' lang='lat' dir='ltr'>Trid.</span> 
     </span>
     <span class='ocr_line' id='line_1_21' title="bbox 183 2790 1370 2877; baseline 0.005 -22"><span class='ocrx_word' id='word_1_177' title='bbox 183 2790 340 2867; x_wconf 79' lang='lat' dir='ltr'>-ress.13,</span> <span class='ocrx_word' id='word_1_178' title='bbox 365 2809 439 2874; x_wconf 83' lang='lat' dir='ltr'>cap.</span> <span class='ocrx_word' id='word_1_179' title='bbox 464 2791 488 2857; x_wconf 88' lang='grc'><em>3</em></span> <span class='ocrx_word' id='word_1_180' title='bbox 511 2792 561 2857; x_wconf 89' lang='lat' dir='ltr'>De</span> <span class='ocrx_word' id='word_1_181' title='bbox 583 2791 646 2875; x_wconf 81' lang='lat' dir='ltr'>ref.</span> <span class='ocrx_word' id='word_1_182' title='bbox 673 2798 704 2858; x_wconf 89' lang='lat' dir='ltr'>et</span> <span class='ocrx_word' id='word_1_183' title='bbox 729 2812 806 2857; x_wconf 84' lang='lat' dir='ltr'>sess.</span> <span class='ocrx_word' id='word_1_184' title='bbox 832 2792 891 2867; x_wconf 84' lang='grc'>24,</span> <span class='ocrx_word' id='word_1_185' title='bbox 917 2813 992 2876; x_wconf 81' lang='lat' dir='ltr'>cap.</span> <span class='ocrx_word' id='word_1_186' title='bbox 1016 2794 1068 2859; x_wconf 86' lang='grc'>20</span> <span class='ocrx_word' id='word_1_187' title='bbox 1091 2795 1141 2860; x_wconf 89' lang='lat' dir='ltr'>De</span> <span class='ocrx_word' id='word_1_188' title='bbox 1166 2795 1230 2877; x_wconf 72' lang='lat' dir='ltr'>ref.</span> <span class='ocrx_word' id='word_1_189' title='bbox 1250 2804 1277 2860; x_wconf 71' lang='lat' dir='ltr'>&#39;a</span> <span class='ocrx_word' id='word_1_190' title='bbox 1309 2798 1370 2861; x_wconf 88' lang='lat' dir='ltr'>tn&#39;·</span> 
     </span>
     <span class='ocr_line' id='line_1_22' title="bbox 186 2914 1371 3000; baseline 0.003 -20"><span class='ocrx_word' id='word_1_191' title='bbox 186 2914 293 2981; x_wconf 89' lang='lat' dir='ltr'>bunali</span> <span class='ocrx_word' id='word_1_192' title='bbox 319 2916 466 2982; x_wconf 82' lang='lat' dir='ltr'>inferiori</span> <span class='ocrx_word' id='word_1_193' title='bbox 490 2916 738 2981; x_wconf 89' lang='lat' dir='ltr'>transmittenda</span> <span class='ocrx_word' id='word_1_194' title='bbox 763 2922 838 2981; x_wconf 88' lang='lat' dir='ltr'>sunt</span> <span class='ocrx_word' id='word_1_195' title='bbox 862 2936 918 2981; x_wconf 90' lang='lat' dir='ltr'>seu</span> <span class='ocrx_word' id='word_1_196' title='bbox 942 2918 1229 3000; x_wconf 79' lang='lat' dir='ltr'>transportando,</span> <span class='ocrx_word' id='word_1_197' title='bbox 1254 2923 1290 2983; x_wconf 91' lang='lat' dir='ltr'>ut</span> <span class='ocrx_word' id='word_1_198' title='bbox 1321 2918 1371 2983; x_wconf 93' lang='lat' dir='ltr'>lo-</span> 
     </span>
     <span class='ocr_line' id='line_1_23' title="bbox 182 3042 1372 3131; baseline 0.002 -24"><span class='ocrx_word' id='word_1_199' title='bbox 182 3048 329 3126; x_wconf 81' lang='lat' dir='ltr'>quuntur</span> <span class='ocrx_word' id='word_1_200' title='bbox 352 3045 553 3129; x_wconf 83' lang='lat' dir='ltr'>pragmatici,</span> <span class='ocrx_word' id='word_1_201' title='bbox 569 3048 644 3107; x_wconf 89' lang='lat' dir='ltr'>acta</span> <span class='ocrx_word' id='word_1_202' title='bbox 669 3044 838 3109; x_wconf 89' lang='lat' dir='ltr'>instantiae</span> <span class='ocrx_word' id='word_1_203' title='bbox 858 3042 1025 3117; x_wconf 90' lang='lat' dir='ltr'>iudicialis,</span> <span class='ocrx_word' id='word_1_204' title='bbox 1042 3044 1096 3109; x_wconf 85' lang='lat' dir='ltr'>rel</span> <span class='ocrx_word' id='word_1_205' title='bbox 1123 3046 1295 3131; x_wconf 85' lang='lat' dir='ltr'>originalia</span> <span class='ocrx_word' id='word_1_206' title='bbox 1318 3045 1372 3111; x_wconf 85' lang='lat' dir='ltr'>vel</span> 
     </span>
     <span class='ocr_line' id='line_1_24' title="bbox 183 3164 1371 3254; baseline 0.003 -25"><span class='ocrx_word' id='word_1_207' title='bbox 183 3168 387 3251; x_wconf 80' lang='lat' dir='ltr'>exemplaria</span> <span class='ocrx_word' id='word_1_208' title='bbox 409 3187 468 3251; x_wconf 93' lang='lat' dir='ltr'>pro</span> <span class='ocrx_word' id='word_1_209' title='bbox 484 3167 739 3252; x_wconf 79' lang='lat' dir='ltr'>opportunitate,</span> <span class='ocrx_word' id='word_1_210' title='bbox 764 3164 804 3229; x_wconf 91' lang='lat' dir='ltr'>ad</span> <span class='ocrx_word' id='word_1_211' title='bbox 828 3165 966 3231; x_wconf 90' lang='lat' dir='ltr'>indicem</span> <span class='ocrx_word' id='word_1_212' title='bbox 990 3166 1073 3251; x_wconf 91' lang='lat' dir='ltr'>apud</span> <span class='ocrx_word' id='word_1_213' title='bbox 1097 3188 1192 3252; x_wconf 90' lang='lat' dir='ltr'>quem</span> <span class='ocrx_word' id='word_1_214' title='bbox 1216 3168 1371 3254; x_wconf 87' lang='lat' dir='ltr'>agitanda</span> 
     </span>
     <span class='ocr_line' id='line_1_25' title="bbox 185 3258 1369 3375; baseline 0.005 -22"><span class='ocrx_word' id='word_1_215' title='bbox 185 3295 237 3356; x_wconf 90' lang='lat' dir='ltr'>est</span> <span class='ocrx_word' id='word_1_216' title='bbox 259 3290 481 3375; x_wconf 88' lang='lat' dir='ltr'>appellationis</span> <span class='ocrx_word' id='word_1_217' title='bbox 495 3258 611 3355; x_wconf 83' lang='lat' dir='ltr'>causa.</span> <span class='ocrx_word' id='word_1_218' title='bbox 639 3292 786 3355; x_wconf 87' lang='lat' dir='ltr'>lamvero</span> <span class='ocrx_word' id='word_1_219' title='bbox 810 3292 843 3355; x_wconf 93' lang='lat' dir='ltr'>in</span> <span class='ocrx_word' id='word_1_220' title='bbox 867 3310 945 3359; x_wconf 80' lang='lat' dir='ltr'>sess.</span> <span class='ocrx_word' id='word_1_221' title='bbox 963 3292 1014 3366; x_wconf 84' lang='lat'>13,</span> <span class='ocrx_word' id='word_1_222' title='bbox 1032 3293 1101 3359; x_wconf 83' lang='lat' dir='ltr'>a3</span> <span class='ocrx_word' id='word_1_223' title='bbox 1124 3314 1231 3359; x_wconf 89' lang='lat' dir='ltr'>sermo</span> <span class='ocrx_word' id='word_1_224' title='bbox 1255 3300 1305 3359; x_wconf 89' lang='lat' dir='ltr'>est</span> <span class='ocrx_word' id='word_1_225' title='bbox 1327 3296 1369 3361; x_wconf 88' lang='lat' dir='ltr'>de</span> 
     </span>
     <span class='ocr_line' id='line_1_26' title="bbox 186 3415 1370 3505; baseline 0.005 -26"><span class='ocrx_word' id='word_1_226' title='bbox 186 3418 292 3481; x_wconf 86' lang='lat' dir='ltr'>causis</span> <span class='ocrx_word' id='word_1_227' title='bbox 315 3416 543 3489; x_wconf 90' lang='lat' dir='ltr'>criminalibus,</span> <span class='ocrx_word' id='word_1_228' title='bbox 561 3436 663 3499; x_wconf 89' lang='lat' dir='ltr'>quare</span> <span class='ocrx_word' id='word_1_229' title='bbox 679 3415 911 3501; x_wconf 87' lang='lat' dir='ltr'>praescribitur</span> <span class='ocrx_word' id='word_1_230' title='bbox 927 3423 961 3482; x_wconf 91' lang='lat' dir='ltr'>ut</span> <span class='ocrx_word' id='word_1_231' title='bbox 978 3438 1034 3482; x_wconf 92' lang='lat' dir='ltr'>reo</span> <span class='ocrx_word' id='word_1_232' title='bbox 1050 3420 1226 3505; x_wconf 89' lang='lat' dir='ltr'>appellanti</span> <span class='ocrx_word' id='word_1_233' title='bbox 1245 3440 1263 3483; x_wconf 74' lang='lat' dir='ltr'>c</span> <span class='ocrx_word' id='word_1_234' title='bbox 1281 3423 1370 3485; x_wconf 91' lang='lat' dir='ltr'>intra</span> 
     </span>
     <span class='ocr_line' id='line_1_27' title="bbox 185 3536 1366 3625; baseline 0.005 -25"><span class='ocrx_word' id='word_1_235' title='bbox 185 3537 321 3621; x_wconf 88' lang='lat' dir='ltr'>triginta</span> <span class='ocrx_word' id='word_1_236' title='bbox 344 3536 412 3601; x_wconf 87' lang='lat' dir='ltr'>dies</span> <span class='ocrx_word' id='word_1_237' title='bbox 433 3542 508 3601; x_wconf 88' lang='lat' dir='ltr'>acta</span> <span class='ocrx_word' id='word_1_238' title='bbox 530 3537 598 3622; x_wconf 90' lang='lat' dir='ltr'>ipsa</span> <span class='ocrx_word' id='word_1_239' title='bbox 617 3536 790 3622; x_wconf 91' lang='lat' dir='ltr'>postulanti</span> <span class='ocrx_word' id='word_1_240' title='bbox 812 3538 922 3623; x_wconf 80' lang='lat' dir='ltr'>pratis</span> <span class='ocrx_word' id='word_1_241' title='bbox 946 3537 1133 3603; x_wconf 81' lang='lat' dir='ltr'>exhibeat»</span> <span class='ocrx_word' id='word_1_242' title='bbox 1152 3538 1366 3625; x_wconf 80' lang='lat' dir='ltr'>iudexaquo</span> 
     </span>
     <span class='ocr_line' id='line_1_28' title="bbox 184 3659 1369 3749; baseline 0.005 -26"><span class='ocrx_word' id='word_1_243' title='bbox 184 3659 382 3746; x_wconf 88' lang='lat' dir='ltr'>appellatum</span> <span class='ocrx_word' id='word_1_244' title='bbox 405 3661 512 3727; x_wconf 82' lang='lat' dir='ltr'>fuerit.</span> <span class='ocrx_word' id='word_1_245' title='bbox 531 3662 688 3727; x_wconf 88' lang='lat' dir='ltr'>Nimirum</span> <span class='ocrx_word' id='word_1_246' title='bbox 707 3664 740 3727; x_wconf 92' lang='lat' dir='ltr'>in</span> <span class='ocrx_word' id='word_1_247' title='bbox 764 3662 946 3727; x_wconf 92' lang='lat' dir='ltr'>huiusmodi</span> <span class='ocrx_word' id='word_1_248' title='bbox 970 3664 1145 3739; x_wconf 74' lang='lat' dir='ltr'>cacsiano</span> <span class='ocrx_word' id='word_1_249' title='bbox 1165 3684 1241 3730; x_wconf 88' lang='lat' dir='ltr'>reus</span> <span class='ocrx_word' id='word_1_250' title='bbox 1264 3667 1369 3749; x_wconf 89' lang='lat' dir='ltr'>impar</span> 
     </span>
     <span class='ocr_line' id='line_1_29' title="bbox 185 3784 1372 3872; baseline 0.005 -24"><span class='ocrx_word' id='word_1_251' title='bbox 185 3786 339 3869; x_wconf 82' lang='lat' dir='ltr'>expensis</span> <span class='ocrx_word' id='word_1_252' title='bbox 363 3785 506 3851; x_wconf 87' lang='lat' dir='ltr'>ferendis</span> <span class='ocrx_word' id='word_1_253' title='bbox 528 3784 569 3850; x_wconf 87' lang='lat' dir='ltr'>ad</span> <span class='ocrx_word' id='word_1_254' title='bbox 591 3791 665 3850; x_wconf 87' lang='lat' dir='ltr'>acta</span> <span class='ocrx_word' id='word_1_255' title='bbox 686 3786 739 3850; x_wconf 88' lang='lat' dir='ltr'>vel</span> <span class='ocrx_word' id='word_1_256' title='bbox 763 3787 796 3851; x_wconf 94' lang='lat' dir='ltr'>in</span> <span class='ocrx_word' id='word_1_257' title='bbox 819 3786 1020 3872; x_wconf 82' lang='lat' dir='ltr'>exemplaria</span> <span class='ocrx_word' id='word_1_258' title='bbox 1042 3788 1243 3853; x_wconf 71' lang='lat' dir='ltr'>ascribenda</span> <span class='ocrx_word' id='word_1_259' title='bbox 1258 3789 1313 3855; x_wconf 88' lang='lat' dir='ltr'>vel</span> <span class='ocrx_word' id='word_1_260' title='bbox 1332 3789 1372 3854; x_wconf 89' lang='lat' dir='ltr'>ad</span> 
     </span>
     <span class='ocr_line' id='line_1_30' title="bbox 131 3910 1374 4000; baseline 0.006 -27"><span class='ocrx_word' id='word_1_261' title='bbox 131 3936 136 3948; x_wconf 89' lang='lat'><strong>·</strong></span> <span class='ocrx_word' id='word_1_262' title='bbox 185 3910 300 3977; x_wconf 80' lang='lat' dir='ltr'>eadem</span> <span class='ocrx_word' id='word_1_263' title='bbox 324 3912 579 3986; x_wconf 88' lang='lat' dir='ltr'>transmittenda,</span> <span class='ocrx_word' id='word_1_264' title='bbox 604 3911 833 3997; x_wconf 89' lang='lat' dir='ltr'>praepediatur</span> <span class='ocrx_word' id='word_1_265' title='bbox 856 3932 876 3976; x_wconf 90' lang='lat' dir='ltr'>a</span> <span class='ocrx_word' id='word_1_266' title='bbox 899 3914 1044 3999; x_wconf 88' lang='lat' dir='ltr'>legitima</span> <span class='ocrx_word' id='word_1_267' title='bbox 1071 3914 1294 4000; x_wconf 87' lang='lat' dir='ltr'>appellationis</span> <span class='ocrx_word' id='word_1_268' title='bbox 1318 3915 1374 3981; x_wconf 92' lang='lat' dir='ltr'>de-</span> 
     </span>
     <span class='ocr_line' id='line_1_31' title="bbox 189 4034 1371 4123; baseline 0.007 -25"><span class='ocrx_word' id='word_1_269' title='bbox 189 4034 344 4110; x_wconf 85' lang='lat' dir='ltr'>fensione,</span> <span class='ocrx_word' id='word_1_270' title='bbox 361 4037 558 4123; x_wconf 89' lang='lat' dir='ltr'>praecipitur</span> <span class='ocrx_word' id='word_1_271' title='bbox 574 4036 658 4121; x_wconf 93' lang='lat' dir='ltr'>quod</span> <span class='ocrx_word' id='word_1_272' title='bbox 673 4043 747 4103; x_wconf 86' lang='lat' dir='ltr'>acta</span> <span class='ocrx_word' id='word_1_273' title='bbox 769 4038 879 4123; x_wconf 79' lang='lat' dir='ltr'>gratis</span> <span class='ocrx_word' id='word_1_274' title='bbox 904 4037 1130 4103; x_wconf 85' lang='lat' dir='ltr'>exhibeantur.</span> <span class='ocrx_word' id='word_1_275' title='bbox 1156 4039 1209 4104; x_wconf 78' lang='lat' dir='ltr'>Ex</span> <span class='ocrx_word' id='word_1_276' title='bbox 1232 4038 1371 4106; x_wconf 88' lang='lat' dir='ltr'>adverso</span> 
     </span>
     <span class='ocr_line' id='line_1_32' title="bbox 187 4158 1370 4248; baseline 0.007 -27"><span class='ocrx_word' id='word_1_277' title='bbox 187 4160 223 4221; x_wconf 84' lang='lat' dir='ltr'>iu</span> <span class='ocrx_word' id='word_1_278' title='bbox 245 4177 322 4225; x_wconf 79' lang='lat' dir='ltr'>sess.</span> <span class='ocrx_word' id='word_1_279' title='bbox 342 4159 401 4233; x_wconf 84' lang='grc'>24,</span> <span class='ocrx_word' id='word_1_280' title='bbox 426 4180 453 4225; x_wconf 91' lang='lat' dir='ltr'>c.</span> <span class='ocrx_word' id='word_1_281' title='bbox 470 4158 531 4233; x_wconf 85' lang='grc'>20,</span> <span class='ocrx_word' id='word_1_282' title='bbox 556 4158 671 4244; x_wconf 88' lang='lat' dir='ltr'>regula</span> <span class='ocrx_word' id='word_1_283' title='bbox 694 4160 846 4225; x_wconf 88' lang='lat' dir='ltr'>statuitur</span> <span class='ocrx_word' id='word_1_284' title='bbox 869 4160 1043 4245; x_wconf 90' lang='lat' dir='ltr'>generalis,</span> <span class='ocrx_word' id='word_1_285' title='bbox 1068 4162 1242 4247; x_wconf 88' lang='lat' dir='ltr'>praecipue</span> <span class='ocrx_word' id='word_1_286' title='bbox 1266 4162 1370 4248; x_wconf 89' lang='lat' dir='ltr'>quoad</span> 
     </span>
     <span class='ocr_line' id='line_1_33' title="bbox 189 4283 1374 4371; baseline 0.008 -25"><span class='ocrx_word' id='word_1_287' title='bbox 189 4283 318 4369; x_wconf 90' lang='lat' dir='ltr'>negotia</span> <span class='ocrx_word' id='word_1_288' title='bbox 339 4303 404 4349; x_wconf 90' lang='lat' dir='ltr'>non</span> <span class='ocrx_word' id='word_1_289' title='bbox 427 4284 558 4369; x_wconf 91' lang='lat' dir='ltr'>proprie</span> <span class='ocrx_word' id='word_1_290' title='bbox 582 4283 772 4358; x_wconf 88' lang='lat' dir='ltr'>criminalia,</span> <span class='ocrx_word' id='word_1_291' title='bbox 795 4304 955 4370; x_wconf 87' lang='lat' dir='ltr'>expensas</span> <span class='ocrx_word' id='word_1_292' title='bbox 979 4304 1096 4371; x_wconf 88' lang='lat' dir='ltr'>nempe</span> <span class='ocrx_word' id='word_1_293' title='bbox 1120 4289 1374 4355; x_wconf 87' lang='lat' dir='ltr'>transmissionis</span> 
     </span>
     <span class='ocr_line' id='line_1_34' title="bbox 183 4402 1374 4501; baseline 0.008 -28"><span class='ocrx_word' id='word_1_294' title='bbox 183 4415 335 4477; x_wconf 85' lang='lat' dir='ltr'>actorum</span> <span class='ocrx_word' id='word_1_295' title='bbox 366 4410 530 4477; x_wconf 88' lang='lat' dir='ltr'>inferioris</span> <span class='ocrx_word' id='word_1_296' title='bbox 560 4412 732 4476; x_wconf 88' lang='lat' dir='ltr'>instantiae</span> <span class='ocrx_word' id='word_1_297' title='bbox 762 4402 915 4479; x_wconf 80' lang='lat' dir='ltr'>ferendas</span> <span class='ocrx_word' id='word_1_298' title='bbox 943 4432 1014 4479; x_wconf 85' lang='lat' dir='ltr'>csse</span> <span class='ocrx_word' id='word_1_299' title='bbox 1042 4434 1062 4479; x_wconf 95' lang='lat' dir='ltr'>a</span> <span class='ocrx_word' id='word_1_300' title='bbox 1089 4414 1307 4501; x_wconf 86' lang='lat' dir='ltr'>producente:</span> <span class='ocrx_word' id='word_1_301' title='bbox 1332 4438 1374 4483; x_wconf 89' lang='lat' dir='ltr'>en</span> 
     </span>
    </p>
   </div>
   <div class='ocr_carea' id='block_1_3' title="bbox 0 0 1688 5117">
    <p class='ocr_par' dir='ltr' id='par_1_4' title="bbox 0 0 1688 5117">
     <span class='ocr_line' id='line_1_35' title="bbox 0 0 1688 5117; baseline 0 0"><span class='ocrx_word' id='word_1_302' title='bbox 0 0 1688 5117; x_wconf 95' lang='lat' dir='ltr'> </span> 
     </span>
    </p>
   </div>
  </div>
 </body>
</html>
