3350 5117
322 307 389 373 428
849 325 933 373 runs
957 325 979 370 1.

319 450 402 531 sier)
426 448 467 513 ad
490 446 584 514 fidem
608 446 788 513 faciendam
811 446 852 511 de
875 448 1029 513 citatione
1051 445 1092 511 ab
1115 450 1227 511 actore
1249 444 1291 510 ad
1307 464 1398 509 reum
1415 443 1501 509 data.

321 575 359 638 ln
383 571 494 638 codice
518 574 712 639 Germanico
735 577 924 657 acceptatur
953 572 1017 637 hoc
1040 578 1190 658 systema,
1216 570 1273 636 sed
1300 570 1406 635 codex
1437 572 1504 635 Au·
1559 584 1566 593 ·

320 698 458 763 striacus
474 699 593 764 retinet
608 699 687 763 iuris
704 718 774 763 can.
793 696 979 763 methodum
994 703 1027 762 et
1050 698 1211 763 citationis
1228 698 1396 761 rationem.
1421 693 1498 761 Ood.

319 824 374 887 cit.
399 824 508 908 Greg.,
532 843 591 908 pro
625 823 763 907 negotiis
793 820 956 900 ciuiliter,
989 822 1134 904 sequitur
1165 819 1308 885 codicem
1333 820 1492 885 Gallicum

320 952 385 1013 art.
410 946 502 1029 4675
526 952 558 1012 et
581 947 701 1031 excipit
723 950 847 1011 tanturn
864 964 974 1010 casum
990 964 1053 1028 quo
1076 944 1310 1010 descendentes
1325 945 1358 1008 in
1374 945 1425 1009 ius
1440 963 1503 1009 vo·

321 1090 399 1135 care
421 1072 522 1136 velint
544 1071 772 1147 ascendeutes;
804 1076 881 1135 tunc
910 1072 996 1135 enirn
1026 1070 1204 1153 requiritur
1223 1088 1374 1135 assensus
1400 1069 1503 1155 magi·

320 1202 449 1271 stratus.
468 1200 522 1281 qui
537 1201 634 1262 antea
653 1196 846 1262 concordiae
870 1196 1030 1261 ineundae
1054 1195 1184 1261 studere
1200 1194 1304 1266 debet,
1322 1201 1388 1260 art.
1412 1194 1500 1259 470.

318 1320 472 1387 -Hinc
496 1324 582 1387 inter
604 1322 881 1388 Oomrnentatores
906 1322 1010 1386 civilis
1025 1340 1196 1405 processus
1220 1319 1377 1387 iudicialis
1404 1319 1498 1385 ardet

318 1446 491 1526 contentio,
509 1444 674 1539 ¹quodnam
691 1465 733 1509 ex
756 1445 982 1530 systematibus
1006 1446 1110 1529 potius
1133 1444 1184 1509 sit.
1210 1442 1369 1527 Quidquid
1392 1445 1436 1510 sit
1462 1442 1501 1507 de

319 1570 406 1635 civili
430 1569 512 1643 soro.
529 1572 624 1655 plane
647 1571 681 1634 in
703 1570 906 1655 legislatione
921 1589 992 1634 cau.
1009 1569 1170 1656 praeferri
1186 1568 1324 1634 debebat
1337 1574 1495 1654 systema,

319 1696 402 1780 quod
432 1698 533 1782 magis
562 1694 676 1761 iudicis
702 1697 885 1763 auctoritati
909 1696 1032 1778 defert,
1057 1697 1087 1760 ei
1109 1695 1183 1760 lites
1206 1696 1239 1759 in
1263 1695 1332 1780 ipso
1359 1693 1496 1758 exordio

318 1820 480 1886 moderari
504 1826 537 1887 et
559 1822 655 1886 etiarn
680 1821 871 1905 praecidere
895 1823 1095 1908 permittens.

409 1946 483 2013 402.
510 1946 617 2012 Oblati
641 1945 741 2011 libelli
765 1946 875 2031 plures
898 1949 973 2010 sunt
996 1939 1147 2010 effectus:

411 2069 442 2155 1)
467 2064 608 2135 Effectus
623 2070 824 2135 immediatus
842 2076 875 2135 et
890 2069 1031 2135 directus
1046 2073 1095 2134 est
1110 2068 1285 2153 implorare
1302 2067 1416 2131 iudicis
1441 2066 1498 2129 mi-

260 2230 262 2235 ·
320 2190 488 2255 nisterium
511 2189 552 2255 ad
567 2190 798 2275 experiendum
815 2192 864 2255 ius
881 2192 912 2255 in
928 2191 1054 2255 iudicio.
1072 2191 1194 2253 Tamen
1217 2188 1325 2261 iudex,
1350 2189 1498 2272 inspecto

318 2314 443 2387 libello,
469 2320 500 2379 et
523 2315 657 2380 adnexis
680 2314 921 2400 probationibus
943 2316 1102 2398 pensatis,
1127 2312 1284 2394 eumdem,
1296 2314 1324 2377 si
1352 2313 1497 2397 ineptum

318 2442 375 2502 aut
397 2456 462 2501 non
486 2456 563 2502 suae
587 2439 820 2521 competentiae
844 2437 1027 2517 obnoxium,
1042 2437 1180 2501 reiicere
1195 2433 1307 2511 debet;
1327 2435 1388 2499 nisi
1406 2453 1503 2520 prae-

319 2564 380 2625 stet
402 2558 601 2645 persuadere
624 2559 717 2643 parti,
741 2562 777 2622 ut
799 2560 893 2622 istum
918 2562 1075 2623 retractet
1097 2558 1149 2621 vel
1170 2558 1276 2642 potius
1299 2558 1447 2643 corrigat
1469 2562 1502 2621 et

318 2681 467 2747 emendet
489 2681 541 2745 vel
565 2681 661 2745 etiam
685 2682 719 2744 ut
741 2679 826 2743 viam
850 2675 1002 2763 pacificae
1026 2678 1264 2763 compositionis
1290 2678 1388 2742 ineat.
1415 2678 1496 2763 Nam

318 2826 378 2890 per
401 2806 576 2891 simplicem
600 2804 699 2870 libelli
724 2802 917 2881 oblationem
933 2822 987 2867 res
1001 2801 1108 2867 adbuc
1132 2822 1197 2867 non
1221 2807 1270 2867 est
1286 2803 1496 2874 contentiosa

319 2931 375 2996 sed
391 2935 441 2997 est
462 2931 557 3016 plane
580 2933 723 3017 intepra,
748 2930 864 3014 quippe
887 2927 1044 2993 iudicialis
1068 2929 1282 2993 contentionis
1305 2947 1436 3040 expers.

408 3054 441 3142 2)
455 3055 573 3135 Quare,
583 3062 753 3139 antequam
768 3054 866 3120 iudex
878 3054 1003 3120 dederit
1015 3055 1198 3119 mandatum
1211 3054 1380 3133 citationis,
1395 3058 1498 3137 potest

319 3184 411 3244 actor
433 3180 486 3244 vel
510 3180 652 3245 libellum
676 3179 860 3263 retrahere,
888 3180 941 3244 vel
964 3182 1066 3264 ipsum
1089 3185 1225 3260 mutare,
1250 3198 1367 3263 nempe
1390 3178 1496 3243 aliam

319 3326 491 3389 conponere
511 3307 715 3388 petitionem,
731 3312 762 3372 et
778 3326 919 3372 consum
934 3306 1082 3388 petendi,
1099 3305 1153 3371 vel
1168 3306 1311 3370 libellum
1328 3306 1496 3391 corrigere

317 3429 544 3515 modificando
568 3430 605 3495 io
624 3435 725 3513 purte
747 3448 816 3495 noo
839 3428 1053 3494 substantiali
1074 3429 1188 3511 ipsum
1206 3430 1429 3511 petitionem.-
1452 3429 1494 3516 cis

320 3553 477 3621 Schmalz.
503 3553 534 3617 lt.
560 3557 581 3618 t.
605 3574 639 3619 ro.
664 3552 696 3635 8,
723 3550 776 3618 13.

409 3680 580 3761 Postquam
613 3696 692 3741 vero
723 3677 810 3741 tacta
841 3681 890 3741 est
920 3676 1045 3757 citatio,
1077 3676 1177 3742 libelli
1207 3679 1405 3743 correctioni
1438 3682 1492 3743 aut

318 3804 481 3868 mutationi
508 3823 571 3867 non
602 3806 652 3867 est
673 3802 773 3883 locus,
790 3803 852 3867 nisi
876 3801 993 3866 refusis
1017 3803 1185 3886 expensis,
1209 3821 1229 3865 a
1252 3806 1412 3866 convento
1446 3821 1496 3867 oc·

319 3928 448 3990 casione
465 3926 623 3991 citationis
647 3924 749 4005 lactis,
774 3926 844 3989 sire
866 3924 1084 3988 tautummodo
1108 3924 1312 4011 corripiatur,
1330 3926 1401 3990 sire
1416 3946 1490 3991 mn·

319 4052 407 4116 tetur
422 4068 477 4111 seu
493 4047 745 4112 substantialiter
761 4046 907 4110 diversus
923 4052 1121 4130 proponatur
1137 4046 1275 4112 libellus.
1286 4048 1366 4112 Nam
1384 4067 1495 4114 amen·

319 4168 399 4235 dato
433 4169 560 4250 libello,
592 4167 673 4233 liunt
700 4170 827 4233 inutiles
859 4175 991 4233 actosa
1015 4178 1107 4254 parte
1135 4175 1295 4234 conventa
1321 4172 1434 4256 positi,
1459 4174 1493 4233 ut

318 4292 396 4357 huic
421 4294 504 4377 parti
527 4293 626 4359 libelli
652 4293 880 4378 responderet3
905 4297 1034 4359 mutato
1057 4314 1137 4358 vero
1160 4291 1268 4359 libello
1292 4298 1385 4360 actus
1409 4293 1493 4358 cita-

319 4416 414 4479 tionis
441 4416 561 4482 inutilis
593 4414 718 4495 evadit,
751 4417 825 4499 quia
856 4415 896 4479 ob
926 4420 1080 4480 mutatam
1114 4417 1317 4501 petitionem,
1349 4418 1494 4481 instituta
