3350 5117
317 269 385 337 242
844 285 927 334 raas
952 286 974 332 t.

407 410 483 476 211.
509 412 615 476 Etiam
634 411 706 476 iure
729 411 885 475 canonico
908 407 971 474 duo
993 412 1117 474 tantum
1140 405 1242 472 habiti
1266 412 1340 472 snut
1363 401 1497 472 effectus

315 536 525 622 possessionis
540 555 560 600 a
574 537 647 622 lege
662 536 799 622 positiva
811 535 923 601 taliter
936 535 1123 618 recognitae
1135 537 1168 600 et
1183 537 1363 620 proiectam
1381 549 1495 616 nempe

315 658 496 725 interdicta
519 664 553 726 ct
573 659 801 743 praescriptio
832 677 890 722 seu
912 657 1088 738 usucapio.
1118 656 1182 721 Alii
1209 674 1320 720 omnes
1348 653 1494 728 allectus,

315 789 349 849 et
371 783 411 849 ad
434 787 639 872 septuaginta
662 785 740 850 duos
767 788 1002 850 enumerantur
1028 783 1146 869 passim
1171 801 1191 846 a
1213 780 1388 846 canonistis
1411 777 1495 842 anti·

315 915 480 997 quioribus
496 912 717 979 beatitudines
728 930 969 996 possessorum
981 908 1038 997 (l),
1052 929 1116 974 non
1133 917 1208 974 sunt
1223 904 1357 974 effectus
1373 925 1495 993 posses·

314 1038 421 1109 sionis,
435 1043 592 1122 quatenus
607 1035 722 1102 haece
737 1037 809 1101 iure
828 1036 1019 1120 protegitur,
1032 1032 1088 1100 sed
1104 1033 1208 1118 potius
1224 1036 1298 1097 sunl
1314 1030 1493 1098 commoda

313 1159 516 1244 possessoris,
541 1159 587 1224 uti
610 1159 708 1226 Gaius
731 1160 837 1224 innuit
863 1160 898 1223 in
922 1159 943 1223 l.
959 1155 1009 1222 24
1030 1157 1066 1240 ff.
1084 1155 1141 1222 -De
1164 1145 1294 1240 acqat'r.
1310 1155 1362 1220 vel
1386 1153 1492 1218 amitt.

308 1302 413 1366 poss,
429 1302 511 1366 qnae
527 1283 720 1348 naturaliter
742 1283 832 1348 facto
858 1281 1068 1368 possessionis
1084 1279 1266 1351 inhaerent,
1284 1278 1381 1342 etiam
1401 1274 1495 1340 desti·

313 1414 383 1474 tuto
416 1427 617 1494 quocumque
655 1409 735 1473 iuris
773 1408 902 1492 positivi
941 1405 1110 1492 praesidio.
1151 1404 1261 1470 Veluti
1300 1403 1492 1489 principium

315 1571 332 1583 ·
349 1536 470 1602 melior
484 1541 534 1600 cst
548 1535 694 1602 conditio
711 1535 921 1618 possidentis
937 1567 957 1582 ·
974 1533 1035 1612 (eoa
1049 1550 1120 1619 rep.
1137 1530 1195 1598 56.
1221 1531 1293 1596 lar.
1310 1530 1347 1595 in
1364 1528 1400 1617 6)
1422 1545 1492 1592 ma·

312 1660 400 1723 xime
423 1660 456 1723 in
483 1659 616 1731 iudiciis,
642 1659 717 1743 quia
751 1677 920 1744 possessor
955 1656 1121 1720 relevatur
1143 1653 1184 1719 ab
1207 1674 1307 1720 onere
1334 1651 1491 1740 probandi

312 1779 396 1865 quod
418 1782 522 1847 actori
544 1780 708 1854 incumbit,
733 1781 885 1866 provenit
908 1799 950 1844 ex
974 1781 1042 1865 ipsa
1065 1799 1175 1845 rerum
1200 1777 1392 1853 conditione,
1418 1797 1490 1842 cum

311 1908 470 1974 asserenti
503 1927 594 1972 suam
626 1925 697 1972 esse
729 1927 799 1972 rem
824 1905 864 1971 ab
887 1906 951 1971 alio
974 1925 1152 1990 possessam
1176 1903 1255 1970 fides
1283 1925 1348 1970 non
1375 1903 1490 1970 adiun-

310 2030 408 2115 gitur,
433 2028 493 2093 uisi
516 2029 687 2097 manifeste
710 2029 902 2116 probaverit
924 2047 1014 2095 suam
1039 2030 1248 2095 intentionem
1264 2029 1321 2116 (2).

400 2155 475 2223 212.
503 2157 626 2221 Verum
650 2158 830 2223 institutum
854 2157 1085 2242 possessorium
1110 2175 1277 2221 romanum
1293 2175 1313 2220 a
1327 2156 1399 2220 iure
1415 2175 1488 2220 can.

312 2288 499 2366 exceptum,
531 2287 627 2364 atque
660 2281 868 2365 ampliatione
903 2280 1019 2346 obiecti
1050 2283 1083 2344 et
1108 2282 1140 2344 vi
1169 2279 1305 2346 iuridica
1340 2286 1488 2360 auctum,

310 2494 339 2544 ct
351 2490 455 2544 iniusta
469 2492 596 2556 mutatio,
610 2492 684 2545 facta
696 2492 724 2543 in
739 2489 856 2560 pacifica
871 2505 962 2544 rarum
975 2490 1147 2560 possessione
1160 2493 1209 2544 aut
1228 2489 1330 2544 iuriam
1345 2491 1486 2556 fruitione,

308 2600 339 2653 in
357 2599 504 2669 pristinum
523 2605 627 2654 statum
647 2599 983 2669 restituatur‚antequam
1002 2597 1036 2652 de
1055 2598 1161 2652 iuribus
1174 2614 1191 2652 a
1203 2597 1354 2666 spoliatore
1373 2597 1426 2651 sibi
1445 2601 1488 2651 ai-

308 2703 422 2757 tributis
444 2704 473 2757 iu
497 2703 600 2758 iudicio
624 2702 814 2757 controversia
842 2704 893 2756 fiat
911 2707 940 2756 et
961 2701 1094 2756 definitio.
1120 2701 1170 2754 list
1194 2701 1321 2770 exceptio
1337 2703 1486 2772 praeiudi·

308 2809 397 2875 ciatis,
414 2809 556 2862 dilatoria

397 2916 436 2984 (l)
456 2916 496 2968 cf.
516 2915 771 2984 Schmaltgrueber,
794 2915 838 2968 tit.
861 2915 903 2969 Dc
921 2931 1006 2968 causa
1021 2931 1096 2986 poss.
1116 2925 1143 2968 et
1156 2917 1294 2986 propriet.
1314 2935 1340 2969 n.
1362 2916 1399 2970 18
1410 2932 1449 2986 sq.
1523 2979 1527 2984 ¹

396 3025 435 3094 (2)
455 3023 514 3078 Hoc
532 3041 614 3078 sensu
633 3023 797 3078 bloralistae
824 3024 956 3078 invocant
980 3026 1112 3094 repubrm
1132 3025 1318 3095 possessionis
1339 3023 1374 3078 ad
1395 3024 1485 3079 resol-

306 3131 409 3186 vendas
435 3133 611 3202 quaestiones
637 3130 767 3186 morales.
797 3133 935 3188 Asseruut
955 3133 1028 3186 anim
1047 3131 1124 3186 illius
1145 3132 1289 3187 meliorem
1311 3148 1372 3187 esse
1391 3132 1485 3186 condi·

307 3238 411 3292 tionem
430 3239 476 3308 qai
499 3237 633 3306 possidet,
652 3237 711 3292 sive
732 3237 795 3305 lea,
815 3238 876 3294 sive
897 3239 1019 3292 libertos.
1038 3238 1078 3291 Cr.
1099 3237 1228 3308 Rolgeni,
1249 3239 1278 3292 tt
1292 3257 1429 3310 possessa.
1449 3267 1484 3281 —

306 3343 433 3397 Hominis
453 3345 568 3398 libertas
589 3347 632 3399 est
653 3343 683 3398 in
702 3343 878 3413 possessione
903 3343 1033 3398 adversus
1053 3345 1153 3414 legem,
1173 3361 1315 3416 quousque
1337 3343 1406 3399 haec
1427 3361 1483 3400 uon

305 3447 440 3500 conditur.
458 3447 577 3501 Condita
591 3450 639 3502 lea
651 3448 809 3516 ingreditur
824 3448 1025 3516 possessionem
1038 3449 1169 3502 adversus
1184 3451 1348 3518 libertatem,
1364 3467 1484 3521 nequeo

305 3553 477 3622 possessione
495 3571 546 3606 sua
561 3554 687 3621 deicitur,
701 3570 847 3625 quousque
860 3556 1007 3608 moraliter
1020 3565 1127 3608 certam
1139 3555 1177 3609 sit
1192 3555 1283 3624 legem
1295 3555 1415 3625 amplius
1427 3573 1484 3610 nou

305 3657 408 3728 vigere.
427 3659 518 3720 Quare
536 3659 635 3729 regula
647 3687 661 3701 ·
676 3661 724 3715 ta
742 3661 829 3714 dubia
848 3677 905 3714 roa
918 3661 1022 3732 obligat
1035 3689 1049 3701 -
1062 3659 1145 3716 debet
1163 3661 1285 3732 intelligi
1304 3663 1483 3718 subordinate

305 3765 340 3818 ad
352 3765 478 3835 regulam
490 3765 677 3836 possessionis,
690 3766 760 3820 adeo
771 3771 802 3820 ut
814 3765 862 3821 lex
876 3767 960 3822 dubia
970 3783 1025 3822 non
1035 3773 1163 3837 capessat
1175 3768 1374 3838 possessionem
1384 3773 1482 3824 contra

306 3874 479 3938 ubertatem,-
498 3872 544 3928 lex
563 3889 629 3928 raro
648 3874 703 3927 iam
722 3874 824 3942 vigens
844 3891 893 3928 seu
902 3876 1050 3946 possideas
1064 3891 1118 3928 non
1137 3877 1170 3930 fit
1182 3877 1266 3930 dubia
1285 3877 1313 3930 in
1333 3877 1393 3930 eius
1411 3875 1484 3930 obli-

304 3979 427 4048 gatiano,
436 3993 579 4050 quousque
592 3980 727 4034 certitudo
745 3981 866 4033 arorab's
885 3994 939 4033 non
958 3979 1064 4047 doceat,
1084 3997 1146 4035 eam
1165 3980 1283 4050 amplius
1302 3996 1357 4036 non
1376 3982 1481 4050 vigere

304 4087 419 4158 lnquam
431 4117 446 4129 ·
459 4079 598 4143 certitudo
614 4089 731 4141 moralis
745 4115 759 4128 ·
772 4104 864 4158 neque
883 4087 985 4142 sufficit
1003 4089 1185 4158 probabilitas
1204 4092 1295 4142 maior
1312 4094 1363 4144 aut
1379 4094 1482 4145 minor.

304 4190 385 4246 Unde
404 4193 518 4246 libertas
537 4197 567 4246 et
586 4193 635 4246 lea
652 4191 758 4246 censeri
783 4191 886 4246 debent
905 4191 946 4245 uti
965 4191 1019 4245 duo
1038 4190 1190 4260 litigantes,
1206 4207 1324 4263 quorum
1343 4193 1416 4248 alter
1435 4199 1480 4248 est

302 4313 443 4368 possessor
459 4315 509 4355 sen
526 4317 608 4368 rcus,
628 4299 701 4354 alter
727 4305 771 4355 est
796 4311 890 4367 actor,
909 4299 956 4371 qui
982 4315 1037 4354 nou
1064 4299 1149 4354 deicit
1167 4317 1245 4356 reum
1263 4318 1281 4355 a
1306 4303 1480 4370 possessione

301 4420 368 4458 suae
387 4404 537 4472 rei,donec
552 4407 712 4475 probaverit
729 4423 807 4460 suam
826 4407 1010 4461 intentionem
1030 4407 1203 4476 argumentis
1217 4409 1368 4464 moraliter
1386 4412 1479 4464 certis.
