3350 5117
319 400 386 466 274
845 419 929 468 raas
954 419 976 465 1.

319 559 396 604 num
412 538 464 604 sel
480 558 697 624 possessorem
711 538 803 604 fundi
818 539 943 605 ruinosi
959 546 1053 625 cogat
1067 540 1108 606 ad
1122 541 1383 626 praecavendum
1406 543 1497 609 dam·

318 685 395 730 num
418 664 477 729 sibi
501 665 671 730 imminens
693 683 750 729 seu
773 666 929 730 futurum.

409 789 485 853 lure
515 809 596 853 rom.
620 790 764 874 apposita
795 793 985 874 comparata
1011 796 1107 856 erant
1137 790 1280 856 remedia
1311 793 1344 858 in
1376 793 1423 859 tit.
1447 793 1499 860 De

317 913 432 996 operte
452 913 533 980 aovi
554 913 771 980 annotatione
797 911 844 999 (l)
869 920 902 979 et
925 915 958 978 in
982 915 1028 980 tit.
1054 915 1105 981 De
1127 915 1254 982 damno
1277 916 1415 1000 infecto,
1439 916 1498 983 sed

318 1035 499 1118 interdicta,
519 1036 594 1102 inde
617 1036 751 1122 prodita,
764 1056 844 1102 sane
869 1057 934 1102 non
950 1045 1025 1104 sunt
1039 1038 1187 1104 ordinata
1202 1040 1242 1104 ad
1259 1039 1411 1106 tuendam
1426 1061 1498 1126 pos·

317 1164 509 1236 sessionem;
537 1162 654 1246 quippe
684 1161 774 1226 hisce
804 1163 838 1226 in
869 1161 997 1228 casibus
1026 1183 1091 1228 non
1121 1163 1347 1230 admittebatur
1377 1166 1497 1231 iurium

318 1307 348 1371 q.
372 1287 530 1372 possessio
553 1286 665 1358 civilis,
691 1286 736 1349 uti
761 1285 823 1349 iam
848 1285 1090 1370 explicavimus.
1108 1323 1152 1338 —
1170 1289 1223 1354 lus
1246 1309 1317 1354 cen.
1341 1309 1497 1375 expresse

317 1414 498 1501 professum
511 1419 559 1477 est
572 1414 604 1476 in
618 1412 663 1476 tit.
676 1412 727 1477 De
737 1412 818 1478 noui
831 1412 945 1495 operis
956 1413 1183 1497 cunctatione,
1197 1435 1271 1498 cap.
1284 1417 1349 1480 1-X
1358 1415 1413 1500 (V,
1426 1416 1494 1502 32),

317 1559 353 1604 se
375 1537 528 1622 excipere
554 1535 694 1601 remedia
716 1535 781 1600 hac
805 1535 845 1600 de
870 1555 907 1600 re
929 1535 1054 1622 legibus
1079 1540 1220 1603 romanis
1240 1541 1421 1611 constituta.
1440 1559 1495 1604 ea·

317 1662 453 1746 demque
469 1663 559 1726 iussit
578 1659 725 1725 adhiberi
747 1661 781 1723 in
804 1659 1027 1744 quodcumque
1046 1681 1148 1746 genus
1164 1663 1240 1727 novi
1255 1665 1362 1748 operis
1378 1666 1421 1750 pii
1437 1684 1496 1730 seu

317 1785 537 1864 ecclesiastici,
561 1783 660 1847 veluti
684 1782 867 1856 Ecclesiae,
885 1783 1084 1856 Monasterii‚
1111 1785 1243 1871 Collegii
1269 1789 1302 1853 et
1324 1789 1368 1852 ita
1383 1807 1493 1872 porro.

406 1904 482 1969 238.
508 1905 656 1968 lamvero
668 1906 743 1988 quia
758 1905 924 1990 appositae
939 1907 1093 1978 actiones,
1110 1907 1200 1973 hisce
1216 1909 1495 1976 constitutionibus

316 2049 499 2110 concessae,
524 2036 669 2114 spectant
690 2029 730 2094 ad
754 2029 907 2094 tuendum
931 2031 1049 2096 iurium
1072 2030 1210 2098 liberum
1226 2036 1418 2100 exercitium
1441 2034 1496 2100 ad·

315 2177 431 2223 versus
452 2155 678 2224 deturbatores
700 2159 733 2220 et
755 2155 842 2221 lianc
866 2156 981 2222 iurium
1010 2159 1100 2241 quasi
1125 2160 1357 2243 possessionem
1381 2159 1495 2226 delen-

316 2281 405 2364 dnnt,
429 2283 601 2372 separatim
624 2301 644 2346 a
667 2281 784 2348 iudicio
807 2284 967 2366 petitorio,
992 2283 1127 2369 proinde
1142 2307 1185 2350 ex
1200 2287 1271 2350 iure
1293 2306 1364 2351 can.
1381 2288 1494 2353 huius-

316 2402 400 2469 modi
424 2405 567 2469 actiones
590 2403 676 2470 inter
706 2405 920 2488 possessorias
948 2407 1169 2474 recensendae
1199 2411 1283 2475 sunt.
1309 2409 1492 2476 institutum

315 2529 403 2594 enim
419 2528 650 2612 possessorium
665 2530 737 2593 iure
753 2549 824 2594 can.
842 2529 922 2594 adeo
938 2532 1122 2616 ampliatum
1139 2533 1209 2606 fuit,
1227 2537 1262 2598 ut
1277 2533 1492 2618 comprehen-

315 2646 409 2713 deret
430 2666 663 2732 quamcumque
686 2650 803 2715 iurium
828 2652 917 2735 quasi
943 2653 1174 2737 possessionem
1199 2651 1255 2740 (2).

403 2932 443 3000 (l)
457 2932 509 2985 Hic
522 2934 565 2986 tit
579 2931 697 2987 habetur
710 2934 739 2986 in
749 2934 780 2986 L.
791 2934 835 2986 39
847 2936 949 3004 Dipest.
964 2939 992 2990 et
1011 2935 1040 2988 in
1054 2936 1085 2988 L.
1101 2937 1121 2988 8
1137 2935 1211 3001 Cod.‚
1228 2941 1257 2989 st
1270 2938 1308 2988 tit.
1329 2938 1370 2990 De
1388 2939 1492 2993 damno

314 3044 416 3113 infecte
444 3045 553 3095 tantum
578 3042 606 3096 in
632 3041 754 3110 Digestis
779 3043 948 3096 continetur.
976 3043 1038 3097 Non
1066 3045 1155 3099 solum
1182 3045 1209 3098 in
1238 3043 1315 3114 leges
1344 3047 1494 3100 canonicas

315 3149 470 3204 huiusmodi
489 3151 720 3219 praescriptiones
738 3151 807 3204 iuris
821 3167 890 3204 rom.
906 3153 1084 3218 transierunt,
1097 3153 1143 3208 ssd
1163 3153 1192 3206 in
1211 3152 1319 3208 codices
1334 3151 1493 3220 hodiernos,

315 3255 424 3308 easdem
442 3254 612 3323 excipientes
631 3268 648 3306 a
666 3252 729 3321 lege
748 3253 890 3319 canonica,
911 3259 940 3308 et
958 3255 1016 3309 iere
1036 3255 1219 3310 commonitor
1241 3258 1291 3310 sub
1312 3260 1426 3326 aspectu
1446 3273 1493 3312 re·

315 3360 397 3414 medii
416 3360 591 3429 possessorii:
610 3361 644 3412 cf.
664 3359 818 3425 Mattiiolo,
839 3361 858 3412 l.
878 3379 900 3414 c.
920 3378 946 3412 a.
966 3362 1028 3414 311.

403 3467 443 3537 (2)
462 3466 516 3519 Tit.
537 3468 578 3521 De
597 3483 658 3518 noo.
678 3482 721 3536 op.
740 3470 863 3520 nunciat.
884 3467 911 3520 in
934 3467 1100 3522 collectione
1119 3468 1244 3538 Gregorii
1265 3467 1304 3522 lx
1324 3469 1443 3523 refertur
1463 3470 1492 3522 in

316 3577 363 3630 lib.
388 3575 487 3644 Vpost
506 3576 545 3626 tit.
566 3573 607 3627 Dc
626 3577 783 3628 excessibus
801 3577 999 3646 praelatorum
1018 3589 1044 3630 er
1062 3579 1237 3632 subditorum
1258 3579 1287 3631 et
1306 3576 1370 3631 binc
1389 3595 1406 3632 a
1424 3575 1492 3632 Col·

315 3680 419 3737 lectore
437 3681 545 3737 attendi
564 3680 659 3734 debuit
677 3681 799 3752 qualitas
812 3683 891 3753 quasi
905 3682 999 3738 delicti
1019 3684 1048 3737 in
1069 3699 1138 3737 novo
1151 3701 1235 3753 opera
1248 3684 1358 3738 condito
1371 3685 1398 3737 in
1413 3700 1494 3754 prae-

314 3783 445 3837 iudicium
459 3783 581 3838 alterius.
596 3782 700 3839 Tamen
713 3782 783 3840 haec
796 3785 903 3840 indoles
922 3790 988 3840 noct
1006 3790 1099 3856 operis
1112 3803 1166 3842 non
1178 3786 1293 3857 impedit
1306 3787 1492 3842 intentionem

314 3889 432 3944 actionis
450 3890 643 3960 possessoriae‚
656 3907 728 3962 quae
746 3891 877 3946 subaudit
895 3893 1116 3948 deturbationem
1130 3895 1232 3948 iactam
1251 3895 1281 3948 in
1295 3896 1372 3947 statu
1386 3909 1494 3962 posses·

313 3995 407 4060 sionis,
425 3993 575 4066 aliquando
593 3996 804 4065 provenientem
820 4013 856 4051 ex
874 3995 977 4051 delicto
995 3997 1039 4052 vel
1059 4015 1093 4052 ex
1111 3998 1190 4069 quasi
1203 3997 1313 4052 delicto.
1328 3998 1411 4052 Actio
1424 4013 1492 4052 vero

314 4105 357 4155 est
374 4103 551 4170 possessoris
569 4103 679 4173 quando
698 4101 842 4156 ordinatur
868 4103 1060 4173 principaliter
1078 4104 1112 4158 ad
1130 4105 1259 4160 tuendam
1280 4101 1492 4174 possessionem,

314 4221 369 4258 non
386 4205 421 4258 sd
439 4205 666 4276 compescendum
679 4206 773 4262 dolum
786 4206 981 4280 delinquentis.
996 4211 1118 4266 -Haec
1137 4210 1305 4266 advertenda
1320 4215 1385 4265 sunt
1404 4211 1491 4266 etiam

314 4311 343 4362 in
362 4309 442 4378 plura
456 4311 605 4365 interdicta
624 4314 793 4381 possessoris
812 4314 881 4368 iuris
901 4331 978 4382 rom,
991 4316 1032 4370 uti
1052 4315 1174 4385 explicat
1192 4317 1226 4370 cl.
1242 4315 1281 4371 De
1296 4315 1432 4387 Ruggeri,
1447 4333 1490 4388 ep.

314 4419 359 4469 cit.
377 4419 395 4480 ἓ
415 4417 450 4469 12
468 4433 522 4488 sep.
542 4416 673 4474 adversus
690 4418 824 4492 Ssvigny‚
837 4422 1010 4478 admittentis
1023 4422 1171 4478 interdicta
1183 4423 1350 4493 possessoris
1363 4439 1424 4478 esse
1445 4443 1493 4480 re·

313 4519 404 4574 media
424 4522 559 4591 manalis.
