3350 5117
308 288 375 353 510
834 302 918 349 rans
943 301 965 347 1.

308 432 341 495 in
365 447 463 495 causa
485 428 712 493 matrimoniali
736 427 776 492 de
799 426 987 511 impotentia
1017 428 1137 509 inqua
1166 426 1247 491 artis
1271 425 1414 512 phisicae
1438 444 1493 510 pe·

308 556 362 620 riti
386 553 579 619 adhibentur
602 553 642 618 ad
657 551 838 617 testandum
855 550 895 615 de
911 539 1146 615 conditionibus
1168 549 1257 631 facti,
1273 550 1372 615 iudex
1389 550 1495 635 prius·

308 696 403 761 quam
426 674 581 741 decernat
604 676 695 739 iuxta
717 673 896 758 peritorum
918 672 1149 751 attestationes,
1171 671 1253 736 alias
1277 670 1490 757 probationes

309 799 484 883 exquirere
508 800 620 883 potest,
645 794 744 859 veluti
769 792 959 879 coniugibus
981 792 1159 858 deferendo
1181 794 1408 863 iuramentum,
1437 792 1492 857 vel

310 926 407 989 etiarn
429 924 569 988 intimius
587 918 800 987 examinando
816 918 946 983 modum
962 924 995 984 et
1009 918 1156 985 valorem
1177 920 1418 983 attestationum
1435 937 1491 1002 pe·

312 1050 458 1113 ritorum.

402 1170 477 1235 497.
503 1168 605 1233 Periti
626 1168 790 1251 eliguntur
811 1172 845 1231 et
868 1164 1064 1250 deputantur
1080 1183 1126 1254 ere
1140 1164 1251 1249 officio
1267 1185 1287 1230 a
1301 1164 1419 1237 iudice,
1437 1161 1493 1227 vel

312 1292 353 1358 ab
375 1291 458 1375 ipsis
476 1290 645 1378 portibus,

403 1417 536 1494 Quando
567 1423 676 1504 partes
702 1420 814 1502 petunt
839 1415 1018 1499 peritorum
1043 1432 1192 1495 examen,
1217 1414 1314 1479 iudex
1337 1414 1495 1480 decernet

314 1563 356 1606 an
379 1543 494 1627 peritia
517 1541 640 1606 admitti
664 1540 788 1611 debeat,
806 1559 870 1622 qua
888 1538 1036 1619 admissa,
1050 1538 1206 1604 decernet
1221 1540 1379 1607 obiectum
1403 1545 1496 1611 circa

314 1666 398 1752 quod
421 1666 533 1752 peritis
557 1664 738 1731 deliberare
762 1665 982 1729 committitur.
1008 1664 1147 1728 Decreta
1169 1666 1349 1749 peritorum
1375 1669 1495 1736 admis-

314 1792 414 1865 sione,
438 1794 546 1875 partes
570 1790 692 1875 eligunt
717 1808 812 1853 unum
837 1787 982 1852 veltres
1004 1788 1125 1872 peritos
1156 1786 1210 1852 vel
1232 1790 1331 1855 etiarn
1353 1793 1496 1877 quinque

315 1913 376 1999 (iris
399 1914 568 1999 positivum
596 1932 661 1977 non
684 1912 785 1997 vetat)
812 1918 847 1975 at
869 1911 969 1975 satius
992 1913 1043 1975 est
1065 1930 1130 1975 non
1152 1910 1264 1995 plures
1295 1912 1429 2000 eligere,
1452 1936 1497 1981 ne

315 2036 373 2104 fiat
403 2037 558 2104 confusio.
583 2074 627 2088 -
650 2038 694 2103 At
716 2038 838 2121 eligent
868 2056 998 2121 semper
1023 2056 1160 2101 numero
1191 2036 1311 2123 dispari
1343 2060 1386 2107 ne
1413 2042 1497 2108 desit

316 2168 483 2230 maioritas
501 2169 659 2230 votorum.
678 2200 722 2213 -
739 2162 771 2228 Si
787 2168 897 2248 partes
913 2182 979 2226 non
995 2161 1192 2227 concordent
1214 2164 1247 2228 in
1271 2166 1428 2252 eligendis
1443 2188 1498 2253 pe·

317 2294 397 2365 ritis,
424 2290 478 2355 vel
510 2290 612 2355 nolint
639 2289 771 2375 eligere,
799 2288 898 2373 eliget
924 2286 1032 2352 iudex.
1057 2286 1209 2370 Idemque
1235 2290 1289 2354 vel
1316 2312 1428 2358 omnes
1452 2312 1499 2359 em

317 2416 425 2503 officio
450 2416 548 2501 eliget
571 2420 604 2481 et
626 2412 799 2500 deputabit,
818 2414 868 2478 vel
892 2414 992 2478 aliurn
1009 2419 1066 2477 aut
1081 2413 1161 2478 alios
1176 2414 1338 2501 adiunget,
1355 2421 1382 2483 si
1399 2419 1496 2485 electi

318 2538 503 2625 apartibus
526 2557 590 2601 non
615 2536 823 2607 concordent,
841 2535 893 2600 vel
918 2536 1067 2619 peritiam
1083 2555 1147 2600 non
1163 2543 1254 2603 recte
1278 2540 1497 2606 exhibuerint.

408 2664 483 2727 498.
508 2662 567 2726 Est
590 2661 753 2747 potissima
776 2656 959 2724 diffelentia
982 2662 1071 2724 inter
1086 2661 1207 2744 peritos
1229 2682 1250 2726 a
1272 2663 1377 2730 iudice
1396 2665 1500 2751 depu-

318 2790 402 2852 tatos
419 2790 450 2851 et
466 2804 486 2847 a
501 2788 594 2869 parte
611 2783 740 2847 electos.
760 2782 839 2847 Nam
856 2786 966 2865 partes
980 2789 1116 2867 possunt
1127 2803 1290 2866 recusare,
1307 2786 1500 2868 ordinarie,

319 2911 439 2999 peritos
462 2930 481 2973 a
504 2908 608 2973 iudice
632 2907 761 2979 electos.
786 2912 819 2973 et
841 2906 965 2971 admitti
989 2906 1108 2972 debent
1136 2927 1253 2973 causae
1284 2912 1500 2984 recusationis

319 3037 345 3100 si
369 3037 433 3101 sint
454 3035 625 3121 legitimae.
650 3036 732 3099 Pars
756 3053 846 3114 vere,
872 3038 903 3099 et
926 3034 1057 3118 planum
1073 3039 1132 3114 est,
1146 3054 1210 3098 non
1227 3040 1335 3119 posset
1358 3034 1432 3101 dein
1450 3054 1502 3101 re

320 3176 435 3227 cusare
458 3178 478 3223 a
501 3178 535 3223 se
559 3160 689 3238 electos,
711 3134 771 3221 nisi
796 3158 916 3222 motiva
947 3157 1160 3223 recusationis
1191 3162 1301 3243 postea
1324 3164 1421 3224 enata
1443 3164 1502 3225 aut

320 3282 517 3347 solummodo
541 3283 672 3367 cognita
694 3282 766 3347 sint.
791 3282 943 3349 Arbitros
966 3281 1006 3345 ab
1030 3281 1168 3347 adversa
1190 3287 1284 3367 parte
1306 3284 1428 3349 electos
1452 3304 1504 3349 re

321 3459 417 3513 eadem
442 3458 573 3527 exprimit
598 3458 756 3527 opinionem
782 3456 946 3512 concordem
971 3457 1087 3511 duorum
1115 3457 1275 3526 peritorum.
1300 3457 1504 3513 instructiones

323 3568 349 3621 S.
363 3566 441 3621 Sedis
454 3568 534 3621 datae
547 3582 596 3634 pro
610 3566 700 3621 causis
714 3572 789 3633 mat,
804 3582 903 3635 nempe
915 3565 1006 3622 altera
1018 3565 1094 3620 edita
1105 3583 1123 3618 a
1137 3567 1163 3619 S.
1181 3567 1263 3637 Conp.
1276 3566 1381 3623 Concit-
1395 3586 1419 3621 a.
1433 3567 1505 3622 1840

322 3678 351 3727 et
371 3672 459 3726 altera
480 3689 496 3725 a
516 3671 542 3724 S.
565 3671 649 3739 (long.
671 3671 697 3724 S.
721 3670 794 3741 Offic.
809 3672 880 3738 (sine
892 3672 969 3738 datu)
989 3672 1115 3725 referunt
1133 3672 1300 3742 principium
1320 3674 1505 3741 contrarium,

321 3778 387 3849 quia
406 3777 553 3832 remittunt
573 3776 701 3844 prudenti
716 3776 815 3830 iudicis
828 3778 947 3831 arbitrio
966 3778 1144 3848 acquiescere
1164 3780 1317 3848 peritorum
1337 3780 1504 3846 sententiae,

323 3880 368 3935 vel
388 3880 458 3933 alias
484 3879 631 3948 exquirere
657 3881 984 3949 probationes‚—1nst.
1010 3884 1088 3935 Aust.
1112 3886 1156 3937 cit.
1182 3884 1313 3953 exprimit
1338 3888 1507 3953 conceptum

324 3988 384 4043 cod.
404 3988 454 4040 eiu.
474 3989 551 4039 Aust.
571 3988 649 4039 aiens
668 3991 685 4050 ς
704 3986 777 4041 228:
794 4002 812 4041 e
832 3988 885 4041 Per
903 3988 1105 4057 depositionem
1131 3992 1299 4045 conformem
1324 3992 1441 4046 duorum
1461 3999 1508 4047 te·

323 4097 408 4151 etium
427 4096 581 4149 iuratorum
601 4100 630 4149 et
648 4096 701 4150 tide
721 4096 903 4167 undequaque
924 4096 1070 4166 dignorum
1083 4115 1190 4153 necnon
1209 4118 1258 4170 per
1270 4100 1426 4156 consultum
1441 4118 1510 4157 con·

326 4204 414 4257 forme
433 4202 549 4255 duorum
568 4202 608 4256 rei
633 4202 792 4271 peritorum,
813 4203 861 4272 qui
887 4203 1021 4257 scientiae
1047 4203 1102 4257 iam
1127 4204 1292 4261 documenta
1314 4210 1510 4277 praestiterint

326 4308 357 4358 et
375 4320 392 4357 a
410 4302 532 4371 partium
551 4302 643 4355 studio
661 4302 717 4356 sint
736 4303 820 4359 alieni
834 4321 868 4357 ac
887 4306 1041 4374 respective
1055 4307 1149 4373 iurati,
1162 4309 1266 4362 factum
1279 4310 1354 4363 circa
1372 4309 1447 4381 quod
1460 4311 1509 4365 de-

327 4412 428 4481 positio
447 4410 492 4464 vel
511 4411 667 4465 consultum
686 4396 823 4479 ve'rsatur,
843 4412 924 4482 plene
944 4417 1078 4484 probatur
1090 4433 1114 4472 a.
