3350 5117
507 354 552 401 nu
575 354 715 402 runicus
739 352 1003 401 accensiusricis
1280 333 1343 399 421

166 510 208 523 -
233 475 287 543 Uti
310 479 407 559 patet.
421 475 476 540 hic
498 476 606 561 agitur
628 473 668 539 de
691 475 796 541 causis
820 474 1050 554 criminalibus,
1070 473 1127 539 sed
1150 492 1211 559 pro
1236 492 1273 538 re
1289 492 1349 537 no·

163 607 235 667 stra
258 600 420 665 innuimus
443 600 540 665 eliam
562 600 595 664 in
619 598 798 665 huiusmodi
823 598 948 665 iudiciis
969 598 1184 664 adhibendam
1200 618 1281 679 esse,
1303 617 1347 663 ex

165 724 367 809 praescripto
390 722 422 789 S.
440 722 539 804 Sedis,
556 721 679 797 orclem
696 721 976 808 disceptationem
1000 741 1083 806 quae
1101 720 1143 785 cd
1167 740 1282 787 causas
1297 721 1346 786 ci-

165 848 247 913 viles
262 845 449 911 tractandas
464 846 505 912 de
528 846 599 912 iure
614 865 728 911 comm.
745 845 859 911 nullibi
875 846 1040 911 invenitur
1062 844 1234 931 prohibita,
1251 861 1349 930 qnae·

161 982 228 1057 que
250 972 335 1057 apud
359 972 591 1054 curiosusque
615 971 820 1055 frequentata
845 976 895 1037 est
918 970 974 1059 (l).

256 1097 331 1163 394.
349 1097 481 1163 Demum
498 1094 691 1161 resolvenda
706 1100 754 1160 est
776 1096 920 1179 quaestio
943 1114 986 1159 an
1009 1094 1202 1167 audientiae,
1219 1094 1345 1161 scilicet

160 1224 414 1308 disceptationes
437 1240 618 1301 causarum,
631 1219 758 1304 publice
781 1220 895 1285 haberi
911 1219 1058 1301 debeant,
1076 1220 1128 1285 vel
1145 1225 1282 1297 secreto,
1300 1221 1348 1285 ni·

163 1349 284 1413 mirum
307 1347 440 1411 remotis
463 1348 501 1411 iis
524 1344 679 1415 omnibus,
704 1364 783 1427 quos
807 1344 933 1409 directe
955 1344 1118 1430 negotium
1142 1362 1208 1407 non
1231 1344 1346 1430 tangit.

165 1472 317 1537 Iamvero
341 1489 438 1553 quum
468 1468 618 1535 iudicium
650 1470 821 1533 instruitur
845 1473 877 1532 et
908 1466 1060 1535 definitur
1087 1488 1148 1554 per
1170 1475 1244 1535 acta
1267 1458 1345 1535 vica

162 1618 244 1665 acce
268 1598 425 1668 conlecta.
442 1596 571 1683 publica
586 1616 704 1662 causae
729 1595 919 1680 disceptatio
949 1613 1033 1679 pene
1063 1596 1249 1659 necessario
1272 1613 1349 1660 con·

162 1722 363 1793 stituitnr‚ut
378 1720 491 1785 saltem
508 1724 606 1786 testes
622 1720 785 1804 supersint
801 1739 860 1803 pro
877 1720 1015 1785 veritate
1032 1717 1241 1783 custodienda
1255 1724 1348 1785 acto·

166 1867 239 1912 rum
268 1844 473 1911 iudicialium.
498 1880 542 1893 -
567 1844 652 1908 Hinc
679 1843 810 1909 inducto
832 1863 988 1928 processu
1010 1842 1136 1925 scripto
1159 1841 1212 1907 vel
1235 1842 1347 1909 mixto

164 1972 294 2057 publica
310 1970 427 2037 iudicia
443 1972 475 2034 in
491 1968 731 2036 desuetudinem
748 1968 915 2043 abierunt;
933 1974 965 2033 et
987 1988 1007 2032 a
1022 1968 1122 2033 curiis
1137 1967 1254 2033 eccles.
1271 1986 1348 2032 sen-

162 2094 225 2159 sim
249 2093 432 2178 proscripta
454 2090 595 2155 fuerunt.

256 2214 414 2280 Hodierni
441 2215 668 2299 legumlatores
698 2216 822 2299 magnis
846 2214 962 2279 animis
993 2215 1111 2279 iterum
1134 2212 1342 2279 vindicarunt

164 2339 358 2405 iudiciorum
382 2339 540 2425 publicam
563 2340 779 2425 agitationem.
804 2340 927 2404 acriter
949 2338 1166 2423 improbantes
1190 2338 1241 2402 ius
1270 2357 1343 2402 can.

161 2466 205 2533 cb
221 2468 422 2534 contrarium
438 2486 570 2539 morem,
587 2466 677 2549 quasi
692 2464 732 2529 ad
748 2466 969 2551 impunitatem
986 2464 1142 2529 iudicialis
1162 2464 1340 2529 iniustitiae

164 2595 301 2687 inducta
321 2595 386 2661 sint
408 2598 536 2659 secrete
560 2591 686 2659 iudicia.

256 2720 407 2795 Nostrum
435 2738 500 2783 non
525 2725 574 2785 est
595 2718 681 2783 hanc
704 2717 856 2802 prosequi
879 2718 1099 2800 quaestionem
1122 2716 1238 2802 partim
1264 2696 1346 2799 phi·-

160 2843 375 2925 loscpbicom
397 2862 454 2907 seu
469 2842 511 2908 dc
525 2842 602 2909 iure
625 2842 855 2909 constituendo
872 2815 905 2905 et
919 2843 1035 2926 partim
1053 2841 1263 2923 historicam
1286 2840 1344 2905 sed

165 2968 248 3031 haec
270 2963 470 3032 advertenda
494 2970 576 3031 sunt.
594 3000 637 3013 -
655 2966 730 3029 lure
754 2984 816 3048 quo
832 2966 962 3038 utimur,
978 2965 1161 3029 audientiae
1177 2962 1345 3029 iudiciales

163 3092 197 3155 in
214 3091 314 3156 curiis
330 3090 444 3155 eccles.
463 3108 526 3154 non
543 3094 617 3155 sunt
640 3088 797 3174 publicae.
817 3090 897 3153 Nam
913 3088 969 3153 lex
992 3106 1064 3153 can.
1082 3091 1262 3173 opportuna
1278 3106 1345 3151 non

165 3216 357 3301 recognovit
374 3214 502 3300 publica
525 3214 650 3280 iudicia.
669 3214 760 3279 Haec
777 3215 864 3278 enim
887 3218 964 3277 nata
980 3232 1045 3276 non
1068 3215 1143 3276 sunt
1165 3206 1344 3275 conciliare

163 3339 319 3425 praelatis
348 3338 574 3404 ecclesiasticis
597 3344 632 3405 et
653 3338 781 3403 clericis
805 3338 838 3401 iu
861 3335 1042 3401 huiusmodi
1070 3334 1194 3402 iudiciis
1217 3340 1346 3421 partem

162 3462 356 3527 habentibus
373 3464 601 3543 reverentiam,
620 3481 682 3545 qua
698 3462 842 3526 exterius
859 3459 982 3545 pollere
998 3458 1116 3524 debent
1137 3459 1178 3524 ob
1195 3458 1344 3524 ordinem

162 3587 409 3653 sacerdotalem.
424 3588 607 3675 ¹Praeterea
630 3588 663 3651 in
686 3588 758 3651 foro
783 3587 862 3652 eccl.
881 3606 977 3669 quum
993 3586 1100 3649 omnia
1123 3586 1253 3671 scriptis
1274 3604 1348 3651 con·

162 3715 346 3801 signentur,
370 3710 568 3778 sufficienter
596 3714 773 3779 consulitur
803 3713 966 3798 legitimae
998 3711 1175 3777 defensioni
1200 3714 1340 3797 partium

163 3833 437 3907 contendentium,
455 3836 568 3919 quibus
583 3840 716 3915 tantum,
734 3855 798 3900 non
815 3837 933 3900 ceteris
956 3836 1132 3907 extraneis,
1154 3834 1341 3921 panduntur

161 3964 240 4024 acta
263 3958 434 4025 iudicialia.

161 4152 263 4207 ambae
276 4156 369 4221 partes
382 4152 416 4206 ed
429 4152 573 4208 dicendum
587 4158 617 4207 et
630 4153 809 4223 allegandum
824 4170 918 4207 coram
931 4153 1022 4209 iudice
1042 4157 1173 4208 oretenus
1188 4158 1218 4209 et
1231 4153 1261 4208 in
1280 4154 1349 4208 scri·

163 4256 228 4325 ptis,
238 4257 268 4310 in
281 4256 342 4311 inre
354 4261 384 4312 et
397 4258 425 4313 in
437 4258 521 4323 fecto,
531 4275 594 4312 cnm
612 4258 753 4313 advocatis
766 4262 795 4312 et
813 4259 1039 4328 procuratoribus
1051 4258 1085 4313 ad
1099 4258 1228 4313 ellectum
1246 4257 1340 4313 discu-

164 4362 251 4417 tiendi
265 4364 443 4433 probationes
455 4366 551 4431 saetas,
566 4370 597 4419 ut
609 4364 697 4435 possit
715 4364 828 4419 taudem
847 4364 929 4419 iudex
942 4364 976 4417 ad
989 4364 1158 4419 sententiam
1174 4362 1305 4443 devenirp
1318 4382 1353 4425 b.

254 4466 296 4539 (l)
315 4467 354 4523 De
373 4469 448 4539 stylo
467 4467 566 4524 Cirriae
587 4469 665 4523 Rom.
685 4469 807 4523 dicemus
826 4485 876 4523 suo
896 4468 968 4524 loco.
