3350 5117
344 289 411 356 286
870 308 953 358 enas
978 309 1000 356 ι.

455 542 477 623 s
503 541 531 606 1.
554 541 606 607 ne
627 541 831 609 alienatione
854 513 972 608 indicti
995 543 1154 610 marana
1177 562 1282 609 caasa
1304 543 1407 628 faena

768 681 819 722 linc
833 678 904 722 refert
918 679 955 722 tit.
970 678 996 722 42
1011 679 1061 724 Lib.
1076 681 1095 724 1.

343 883 560 942 Seminarium.
572 915 609 927 -
620 888 682 941 252.
701 886 870 942 Prohibetur
890 889 1024 943 alienatio
1042 892 1100 942 tum
1119 889 1238 943 actionis
1251 889 1389 943 iudicialis
1408 895 1466 943 tum
1481 889 1522 942 rei

433 993 574 1063 litigiosae
592 993 655 1049 dolo
666 996 749 1048 iacta.
762 1023 800 1037 -
811 993 872 1048 253.
887 995 992 1049 Exinde
1004 995 1092 1049 actori
1107 999 1266 1065 comparata
1279 996 1333 1050 fuit
1345 998 1416 1050 actio
1433 995 1523 1050 realis

433 1105 463 1156 et
476 1102 653 1172 perennalis‚·
671 1119 720 1157 reo
739 1107 864 1174 exceptio
890 1109 919 1158 et
937 1105 1008 1159 actio
1024 1105 1186 1174 personalia
1205 1104 1238 1158 ad
1256 1103 1478 1158 indemnitatem.

432 1297 508 1363 252.
534 1299 604 1365 Lex
626 1302 769 1382 irritans,
794 1300 920 1368 directa
943 1302 975 1366 in
999 1301 1116 1368 bonum
1138 1305 1309 1389 privatum,
1335 1303 1525 1368 continetur

343 1426 378 1489 in
401 1426 542 1491 remedio
573 1428 645 1494 iure
675 1447 809 1494 romano
836 1427 1020 1494 introducto
1044 1433 1159 1494 contra
1188 1427 1336 1494 fraudem
1358 1426 1525 1492 alienandi

342 1552 502 1615 actionem
526 1551 706 1617 iudicialem
729 1552 783 1618 vel
806 1573 876 1619 rem
901 1553 1098 1620 contentioni
1121 1553 1304 1618 obnoxiam.
1329 1553 1378 1619 Re
1394 1551 1525 1637 quidem

344 1697 425 1742 vera
446 1679 479 1741 in
503 1679 524 1743 l.
548 1677 574 1744 3
594 1681 630 1762 ff.
653 1679 701 1744 nt.
726 1677 780 1744 De
801 1678 1006 1746 alienatione
1029 1679 1150 1746 indicii
1173 1679 1332 1744 mutandi
1355 1695 1471 1752 cansa,
1490 1683 1526 1744 et

343 1801 364 1864 l.
388 1801 479 1867 anic.
506 1801 586 1869 Cod.
618 1803 724 1868 eincd.
753 1804 810 1876 tit,
835 1809 868 1871 et
892 1805 972 1870 iare
1003 1824 1078 1872 can.
1108 1805 1140 1869 in
1165 1805 1211 1870 tit.
1236 1804 1295 1886 42,
1320 1804 1375 1871 lib.
1404 1805 1432 1876 I,
1463 1802 1525 1868 sub

342 1921 454 1987 eadem
478 1922 618 1996 rubrica,
643 1924 779 1989 actionis
802 1923 960 1990 iudicialis
980 1926 1195 2010 compescitur
1218 1925 1379 1998 alienatio,
1396 1925 1449 1990 vel
1473 1927 1525 1990 rei

342 2049 509 2134 litigiosae,
533 2050 621 2115 facta
644 2070 683 2116 eo
706 2051 903 2131 consiliant
926 2052 1010 2117 actio
1034 2061 1089 2116 aut
1113 2071 1166 2116 res
1189 2051 1340 2117 deveniat
1354 2053 1388 2115 in
1409 2071 1526 2117 manus

343 2175 533 2258 potentioris
554 2180 611 2239 aut
633 2174 810 2239 callidioris
832 2195 990 2261 personae
1013 2177 1065 2240 vel
1090 2175 1129 2240 ad
1152 2175 1293 2241 tribunal
1317 2175 1452 2242 alterius
1479 2177 1526 2241 iu-

342 2296 441 2372 dicis;
466 2303 498 2361 et
520 2296 595 2361 inde
617 2297 659 2361 lis
681 2298 777 2362 alteri
798 2299 881 2384 parti
899 2298 1010 2364 durior
1029 2303 1062 2364 et
1079 2297 1239 2363 difficilior
1261 2296 1325 2362 fiat.
1351 2299 1525 2384 Dispositio

344 2423 427 2488 haec
449 2428 540 2489 tenet
562 2428 628 2487 tum
646 2445 737 2489 reum
759 2429 827 2490 tum
852 2429 1005 2498 actorem,
1023 2426 1146 2491 scilicet
1162 2445 1252 2490 reum
1269 2424 1364 2492 alteri
1379 2425 1525 2490 alienan-

340 2550 408 2609 tem
424 2563 492 2608 rem
509 2543 549 2608 ad
565 2544 709 2609 eamdem
725 2543 889 2610 efficacius
905 2543 1156 2622 defendendam
1174 2551 1317 2611 actorem
1329 2566 1410 2612 vero
1425 2548 1526 2612 actio

342 2689 417 2734 nem
428 2668 623 2736 alienantem
636 2676 671 2736 ut
682 2672 765 2736 alius
780 2672 866 2737 hanc
882 2672 983 2758 magis
999 2691 1119 2758 urgere
1131 2673 1239 2739 valent
1251 2674 1284 2736 in
1296 2672 1448 2738 damnum
1460 2674 1522 2738 rei.

433 2795 518 2861 Hinc
534 2797 583 2861 ins
605 2817 676 2861 can.
702 2798 916 2880 incanuit.
942 2799 972 2862 la.
998 2804 1019 2864 t.
1044 2797 1192 2884 prohibet
1219 2798 1348 2865 clericis
1369 2800 1525 2885 accipere

341 2921 485 2986 actiones
507 2921 673 2993 laicorum,
698 2941 786 3005 quas,
811 2923 871 3007 ipsi
902 2923 1015 2988 clerici
1047 2921 1214 2989 abutentes
1242 2924 1412 3010 privilegio
1444 2923 1522 2998 sori,

341 3043 424 3128 apud
441 3045 548 3109 mitius
563 3045 720 3110 ecclesiae
740 3044 893 3119 tribunal,
911 3065 983 3112 curn
1001 3045 1166 3132 dispendio
1182 3048 1320 3112 iustitiae
1336 3053 1370 3114 ot
1385 3054 1523 3132 quaestu

342 3165 540 3247 scandaloso
564 3167 828 3252 experiebantur.

431 3291 507 3356 253.
532 3291 652 3357 Contra
681 3291 862 3356 huiusmodi
887 3291 1034 3356 fraudem
1065 3293 1166 3358 actori
1195 3296 1361 3379 prospexit
1383 3295 1448 3368 lex,
1474 3296 1524 3360 ir-

341 3417 445 3479 ritans
460 3413 603 3478 dolosam
627 3416 675 3479 rei
697 3415 857 3502 litigiosae
877 3415 1111 3497 alienationem,
1130 3403 1282 3500 quocirca
1298 3417 1360 3483 duo
1376 3417 1524 3488 remedia

340 3547 528 3622 comparata
550 3544 624 3602 sunt
648 3539 758 3604 taliter
780 3540 887 3606 laeso:

432 3659 465 3746 1)
487 3663 573 3728 actio
596 3663 822 3731 vindicatoria
846 3667 894 3730 rei
918 3666 1079 3732 alienatae
1103 3667 1259 3734 adversus
1283 3669 1426 3736 eiusdem
1450 3690 1522 3756 poa

341 3805 516 3862 sessorem;

430 3908 464 3994 2)
487 3908 574 3976 actio
592 3912 788 3993 personalia
810 3912 996 3978 exercenda
1015 3914 1103 3978 intra
1125 3934 1244 3979 annum
1260 3916 1293 3979 in
1313 3915 1522 4001 alienantem,

341 4042 378 4102 ut
400 4035 453 4099 hic
475 4040 627 4121 praestet,
653 4037 764 4120 quanti
788 4038 946 4102 intererat
971 4059 1041 4103 rern
1065 4039 1237 4104 alienatam
1263 4059 1327 4105 non
1351 4041 1461 4121 fuisse.

431 4161 501 4224 Reo
523 4181 603 4226 vero
620 4182 773 4227 concesse
788 4161 850 4228 fuit
865 4162 905 4228 ad
922 4163 1102 4230 elidendam
1118 4167 1253 4232 actionis
1268 4167 1429 4234 alienatae
1446 4169 1521 4240 vim,

434 4285 465 4368 l)
488 4286 640 4369 exceptio
664 4289 882 4372 peremptoria
908 4295 1026 4354 contra
1056 4297 1205 4376 agentem
1229 4312 1272 4359 ex
1295 4291 1356 4358 sibi
1379 4293 1523 4363 alienata

340 4413 486 4490 actione;
