3350 5117
351 289 417 354 654
877 305 960 351 rsus
985 305 1005 349 r.

351 429 489 495 beantur
513 427 645 496 effectus
669 431 722 514 qui
747 429 959 492 aestimantur
981 446 1002 490 a
1025 431 1186 495 momento
1202 427 1347 510 acquisiti
1372 427 1452 490 iuris
1474 431 1533 490 aut

352 553 433 618 iuris
455 551 607 639 prohibiti
633 572 652 616 a
675 572 733 616 suo
757 551 926 624 exercitio,
951 571 1009 614 seu
1031 569 1052 614 a
1074 547 1179 614 libera
1203 549 1365 614 fruitione.

441 679 520 744 Cum
544 680 667 765 primis,
692 677 817 764 legibus
848 684 977 743 cautum
1010 677 1079 758 fuit,
1103 695 1321 762 possessorem
1348 696 1369 740 a
1391 674 1442 739 die
1464 675 1533 740 litis

352 807 550 868 contestatae
582 821 647 867 non
679 802 816 887 amplius
847 821 918 867 esse
949 801 1057 868 bonae
1079 799 1180 886 fidei3
1199 818 1256 863 seu
1283 817 1304 862 a
1333 799 1390 862 lite
1419 804 1531 862 conte-

349 931 434 992 stata
457 925 576 992 debere
600 947 669 992 rem
694 933 864 1013 praestare
887 945 926 991 ac
949 926 1074 990 fructus
1097 943 1163 988 non
1188 943 1282 987 secus
1304 942 1343 987 ac
1365 941 1534 1008 possessor

349 1053 462 1118 ariolae
484 1053 573 1140 fidei.
592 1054 678 1117 Hinc
702 1050 822 1116 dicitur
846 1070 1013 1135 possessor
1035 1070 1077 1113 m.
1094 1048 1117 1112 f.
1138 1047 1254 1133 quood
1275 1050 1451 1131 effectum
1473 1048 1533 1113 sed

348 1195 453 1242 causa
476 1176 571 1240 huius
594 1172 728 1242 effectus
752 1195 816 1241 non
841 1179 891 1240 est
913 1195 954 1240 m.
971 1174 1059 1245 tides,
1077 1174 1132 1238 sed
1157 1173 1248 1256 quasi
1265 1177 1459 1238 contractus
1480 1173 1532 1238 iu·

347 1300 470 1366 dicialis
493 1319 555 1384 quo
578 1305 687 1386 partes
710 1301 799 1365 litem
816 1298 1026 1365 contestando
1049 1319 1085 1363 se
1108 1298 1293 1384 obligarunt
1316 1296 1357 1361 ad
1380 1316 1452 1361 rem
1473 1318 1531 1362 re-

348 1422 535 1488 mittendam
552 1425 735 1489 auctoritati
759 1425 937 1505 sententiae
954 1428 987 1487 et
1002 1423 1050 1487 rei
1066 1420 1234 1486 iudicatae.
1251 1456 1295 1471 -
1316 1419 1531 1486 Nihilominus

346 1548 517 1632 aliquando
541 1517 588 1612 ris
612 1549 660 1613 rei
684 1547 843 1613 iudicatae
873 1552 976 1632 potest
1005 1544 1181 1612 retrotrahi
1209 1547 1305 1610 etiam
1333 1545 1374 1610 ad
1398 1551 1530 1630 tempus

347 1673 493 1737 anterius
516 1672 641 1746 iudicio,
660 1673 787 1758 quando
804 1674 852 1738 ius
868 1692 927 1758 per
949 1671 1143 1738 sententiam
1166 1670 1366 1735 declaratum
1386 1671 1452 1735 tale
1468 1677 1529 1751 est,

348 1803 382 1862 ut
397 1797 526 1881 aliquod
549 1797 799 1862 emolumentum
823 1800 918 1863 alteri
939 1817 1057 1883 parere
1074 1795 1212 1862 debebat
1226 1796 1257 1859 ei
1274 1794 1440 1881 illegitime
1456 1815 1531 1882 pro

347 1921 481 1987 hibitum
505 1941 525 1986 a
548 1941 731 2006 possessore
755 1925 808 2007 qui
831 1943 892 2008 per
915 1924 1106 1987 sententiam
1132 1919 1363 1986 condemnatus
1385 1921 1456 1986 fuit.
1478 1922 1531 1985 lta

348 2046 376 2110 si
400 2045 517 2110 modus
534 2047 750 2113 restituendus
767 2048 808 2113 sit
823 2049 919 2134 plura
943 2048 1009 2113 alia
1023 2017 1158 2114 veniunt
1173 2046 1207 2111 in
1223 2046 1433 2118 restitutione,
1450 2065 1530 2131 pro-

347 2173 393 2236 uti
417 2173 651 2258 explicabimus
674 2173 706 2238 in
724 2175 869 2259 apposito
892 2173 1009 2257 capite.
1027 2173 1069 2237 Et
1087 2172 1150 2265 boc
1165 2175 1317 2236 seruatur
1331 2171 1401 2234 sive
1416 2189 1470 2235 res
1486 2170 1529 2235 sit

285 2279 287 2286 ¹
347 2296 472 2361 mobilis
496 2298 562 2362 sive
586 2297 767 2362 immobilis.
784 2297 815 2363 Si
841 2317 859 2361 e
883 2300 997 2362 contra
1013 2315 1089 2361 reus
1104 2315 1163 2380 pro
1180 2296 1304 2362 damnis
1326 2298 1424 2362 illatis
1448 2318 1528 2364 con·

346 2425 517 2490 damnetur
538 2423 578 2488 ad
604 2423 830 2508 praestandam
855 2428 978 2488 certam
1003 2442 1169 2502 summam,
1186 2422 1269 2487 haec
1292 2422 1430 2489 debetur
1453 2446 1527 2490 cum

347 2549 506 2614 fructibus
519 2547 740 2633 computandis
756 2568 776 2612 a
791 2546 843 2612 die
857 2548 922 2612 litis
935 2550 1144 2613 contestatae.
1157 2545 1207 2628 Cf.
1220 2547 1317 2630 infra
1328 2569 1363 2612 n.
1373 2548 1446 2614 695
1456 2569 1527 2636 seq.

435 2673 560 2738 Verum
584 2672 703 2757 aliquid
720 2672 794 2736 novi
811 2670 959 2756 producit
983 2690 1036 2735 res
1054 2669 1193 2735 iudicata
1216 2691 1332 2756 nempe
1355 2672 1527 2740 ostionem

345 2796 508 2880 inclicoti5
530 2795 615 2860 uude
646 2797 717 2861 iura
746 2814 828 2879 quae
858 2795 1019 2858 sententia
1049 2792 1269 2877 declarantur,
1294 2802 1454 2881 urgentur
1483 2798 1527 2864 ad

344 2941 435 2986 suam
458 2922 681 2986 executionem
705 2920 737 2984 vi
760 2919 857 2984 huius
879 2919 1025 2993 actionis,
1053 2939 1118 2983 non
1138 2919 1170 2983 vi
1194 2920 1330 2983 actionis
1352 2921 1527 3005 peculiaris

344 3047 498 3130 cuiusque
522 3046 615 3122 iuris;
636 3049 669 3110 et
691 3046 754 3109 hoc
777 3059 874 3110 sensu
897 3041 1024 3109 dicebat
1048 3044 1201 3128 Ulpianus
1224 3045 1257 3108 in
1283 3045 1304 3109 l.
1321 3044 1355 3126 3,
1379 3047 1464 3128 511,
1486 3049 1523 3130 ff.

345 3171 395 3236 De
414 3170 565 3253 peculio:
585 3193 602 3233 c
689 3170 738 3236 ito
760 3169 887 3236 iudicio
906 3169 1081 3253 contrabi‚·
1092 3170 1242 3252 proinde
1264 3189 1335 3235 non
1357 3170 1526 3255 oripinem

343 3293 463 3360 iudicii
485 3296 718 3378 spectandam,
742 3295 802 3360 sed
825 3295 938 3376 ipsam
960 3293 1103 3359 iudicati
1125 3295 1214 3360 velot
1236 3291 1476 3379 obtipotionem
1492 3316 1523 3359 ι.

434 3420 509 3486 682.
535 3421 641 3486 Etiam
664 3421 781 3485 tertius
804 3439 969 3505 opponere
992 3439 1027 3483 se
1050 3424 1155 3503 potest
1186 3421 1370 3484 executioni
1398 3427 1525 3486 senten·

343 3543 419 3614 tiae,
437 3541 606 3606 dummodo
628 3543 683 3606 ille
706 3541 820 3627 probet
844 3540 884 3605 de
899 3561 957 3605 suo
980 3543 1051 3606 iure
1071 3546 1168 3624 atque
1183 3544 1381 3627 praeiudicio
1397 3565 1440 3610 ex
1456 3565 1525 3612 sen·

343 3669 445 3734 tentia
469 3675 584 3734 contra
606 3669 744 3734 alterum
768 3669 835 3734 lata
859 3667 918 3732 sibi
941 3671 1171 3753 proveniente;
1203 3689 1274 3754 arg.
1298 3688 1373 3753 cop.
1397 3672 1449 3744 17,
1473 3673 1524 3738 De

341 3795 424 3856 sem.
449 3797 479 3856 et
502 3811 541 3856 re
563 3791 633 3857 iud.
660 3791 692 3856 X
714 3789 770 3874 (11,
795 3789 862 3875 27).
893 3790 972 3854 Nam
1002 3794 1153 3854 vertente
1184 3794 1407 3873 controversia
1436 3795 1524 3860 intra

343 3913 537 3978 Aurieusem
562 3915 754 3999 Episcopum
778 3933 820 3978 ex
845 3932 918 3984 una,
936 3917 968 3977 et
984 3914 1212 3977 monasterium
1230 3915 1339 3980 Novae
1355 3917 1465 3983 Cellae
1481 3937 1523 3982 ex

342 4033 407 4098 alia
429 4041 524 4119 parte
556 4054 654 4119 super
685 4035 779 4098 huius
807 4033 1014 4115 subiectione,
1038 4033 1215 4119 Episcopus
1242 4039 1433 4104 sententiam
1461 4039 1521 4106 sibi

343 4155 557 4222 favorabilem
582 4158 703 4256 retulit.
729 4159 773 4222 At
796 4159 1028 4252 superveniens
1059 4157 1236 4242 Episcopus
1268 4157 1439 4227 Ovetensis
1463 4183 1523 4248 per

342 4301 434 4346 suum
466 4283 619 4348 Nuntium
650 4287 844 4366 conquestus
875 4288 933 4355 est.
957 4283 1103 4368 graviter
1135 4301 1224 4346 suam
1254 4283 1435 4352 Ecclesiam
1462 4308 1523 4373 per

341 4403 458 4470 dictam
484 4409 675 4473 sententiam
699 4408 820 4473 laesam
843 4408 953 4482 fuisse,
979 4409 1095 4493 quippe
1125 4405 1166 4472 ad
1196 4409 1290 4472 istam
1314 4407 1433 4474 dictum
1458 4428 1523 4473 mo

1665 810 1668 906 l
