3350 5117
301 327 344 393 56
823 347 908 395 raas
932 347 955 393 ι.

389 471 537 539 Ανϋίίήε
559 472 646 538 torte
670 477 760 539 certa
782 474 829 538 eis
852 493 873 537 a
894 474 971 541 iure
993 473 1206 541 demandatur
1235 496 1333 543 cansa
1355 482 1388 543 et
1418 497 1476 563 po-

301 602 400 662 testas
421 595 462 661 ad
485 597 574 661 illam
597 594 821 671 deliniendam,
847 601 960 683 utputa
981 598 1021 665 ad
1044 600 1259 667 dirimendam
1289 602 1474 667 instantiam

301 719 342 784 ab
365 720 524 807 Episcopo
547 727 663 788 contra
685 742 776 787 suum
793 721 948 787 clericum
971 729 1161 809 promotam.
1178 720 1272 802 Quae
1288 743 1473 789 causacum

301 844 472 929 aliquando
486 847 527 910 sit
542 846 614 911 aliis
631 844 844 912 incidentibus
858 866 916 912 seu
930 847 1129 920 accessoriis.
1146 849 1179 912 vi
1194 868 1263 930 sua,
1276 849 1471 921 coalescens,

302 974 346 1037 ita
369 974 522 1058 generice
545 990 567 1037 a
591 972 664 1059 lopo
686 971 887 1052 demandata,
912 972 1156 1057 comprehendit
1178 972 1236 1039 sub
1260 994 1295 1039 se
1316 972 1397 1038 alias
1419 971 1477 1037 ad-

303 1115 406 1161 nexas
429 1116 552 1170 causas,
577 1095 617 1162 ab
644 1096 767 1162 arbitro
797 1097 952 1163 videndas
983 1100 1016 1163 vi
1043 1099 1206 1184 generalis
1233 1098 1320 1163 iuris
1346 1097 1477 1183 delega-

302 1222 407 1287 tionis.

391 1346 534 1413 Arbitris
557 1368 636 1413 vero
659 1346 969 1432 compromissartis
990 1352 1081 1412 tanta
1095 1350 1180 1413 inest
1202 1352 1343 1432 potestas
1359 1352 1480 1431 quanta

304 1472 337 1537 in
361 1474 589 1557 compromisso
617 1472 823 1556 exprimitur;
855 1490 957 1554 quare
986 1470 1072 1534 illam
1100 1490 1230 1536 causam
1259 1470 1479 1537 tantummodo

303 1598 415 1663 ridere
439 1603 571 1683 possunt
598 1598 631 1663 in
655 1595 804 1662 mandato
828 1616 1033 1682 expressam:
1058 1601 1195 1670 ceteras,
1211 1597 1273 1661 nisi
1287 1596 1478 1663 moratorie

302 1728 336 1787 et
359 1722 545 1815 llfflndssffl
561 1742 726 1818 connenas
742 1722 798 1808 (l).
815 1720 928 1787 videre
944 1741 1008 1786 non
1025 1726 1164 1806 possunt.
1183 1722 1230 1787 cf.
1248 1742 1275 1787 c.
1292 1742 1320 1786 c.
1337 1721 1362 1786 5
1377 1726 1410 1786 et
1422 1720 1478 1794 21,

303 1848 325 1930 ἓ
349 1846 464 1921 Semta,
489 1847 539 1913 De
562 1850 617 1931 off.
644 1852 674 1913 ct
692 1853 763 1931 pot.
780 1846 850 1912 iud.
868 1847 974 1933 dctep.
989 1845 1025 1911 X
1035 1846 1084 1951 ’(Ι,
1101 1846 1167 1932 29),
1185 1852 1217 1911 et
1241 1845 1379 1931 Pirbing
1402 1844 1435 1909 b.
1453 1850 1474 1909 t.

304 1994 338 2039 tt.
362 1974 405 2039 51
428 1992 495 2058 req.
522 1973 569 2038 ne
594 1973 719 2056 quidem
743 1992 833 2045 vera,
851 1971 1010 2057 delegatio
1032 1992 1055 2035 a
1072 1972 1149 2037 iure
1163 1971 1295 2039 arbitris
1319 1972 1406 2037 facta
1421 1992 1477 2057 ge·

304 2234 392 2303 ipsam
411 2234 600 2302 compromissi
621 2237 749 2285 naturam
769 2232 953 2287 destruentes,
972 2232 1014 2287 lta
1034 2252 1093 2304 cap.
1117 2235 1144 2301 7,
1163 2236 1190 2288 t.
1210 2244 1237 2299 t,
1256 2234 1390 2301 decernit,
1408 2234 1481 2289 rali-

303 2343 369 2397 dum
389 2359 448 2397 esse
468 2340 693 2410 compromissum
712 2342 763 2395 sub
783 2341 941 2395 conditione
959 2342 1060 2395 initum
1080 2347 1111 2396 ot
1128 2343 1236 2408 arbitri,
1256 2348 1406 2415 antequam
1417 2360 1480 2397 sen·

305 2450 421 2504 tentiam
441 2450 542 2513 ferant,
561 2448 643 2502 unius
661 2452 710 2502 aut
730 2448 851 2519 plurium
875 2449 990 2504 audiant
1011 2449 1166 2504 consilium.
1187 2450 1267 2505 Esset
1286 2456 1380 2507 autem
1398 2452 1478 2507 inra-

305 2552 401 2620 lidum,
419 2554 442 2606 si
468 2554 676 2623 praeciperetur
700 2554 820 2621 arbitris,
846 2554 919 2624 quod
943 2558 1127 2624 sequerentur
1150 2555 1308 2611 necessario
1332 2556 1479 2611 consilium

306 2659 410 2723 datum,
422 2657 488 2728 quia
507 2658 595 2711 libera
615 2657 732 2711 facultas
750 2657 907 2711 sententiae
923 2656 1055 2712 dicendae
1073 2658 1186 2712 arbitrie
1200 2674 1253 2711 oon
1267 2658 1480 2728 relinqueretur,

306 2764 340 2817 cl.
361 2765 380 2815 t.
400 2764 447 2828 17,
466 2766 479 2831 t
497 2764 526 2829 3,
546 2765 575 2835 ffi
594 2764 621 2817 t.
641 2771 657 2815 t.
678 2762 720 2815 Ad
739 2762 884 2815 evitandas
903 2778 969 2815 vero
987 2761 1144 2815 dubietates
1162 2766 1191 2816 et
1210 2761 1283 2825 lites,
1296 2761 1386 2831 quoad
1400 2778 1479 2814 man·

304 2871 364 2925 dati
382 2869 494 2937 limites,
514 2874 543 2925 et
562 2870 753 2937 intentionem,
767 2868 932 2939 praestatio
951 2869 1063 2937 scriptis
1075 2869 1202 2937 redigere
1214 2874 1308 2922 actum
1326 2868 1390 2923 initi
1404 2885 1481 2923 com·

305 2979 442 3049 promissi,
456 2978 546 3048 prouti
568 2978 645 3032 iubet
657 2976 748 3030 Codex
762 2974 950 3045 Gregorianus
969 2976 1181 3046 (Repetamento
1196 2975 1365 3045 Lepislotiro
1379 2994 1394 3030 e
1410 2976 1479 3031 Giu-

304 3086 427 3139 dt'aiam'o
446 3082 511 3155 etc.)
530 3084 559 3137 in
579 3086 592 3151 ξ
612 3082 698 3147 1249,
714 3083 760 3153 qui
780 3081 924 3149 articulus,
945 3084 1031 3136 latiae
1050 3083 1184 3148 redditur,
1204 3082 1245 3134 ita
1262 3086 1387 3134 sonam«
1404 3080 1481 3135 Com·

304 3186 475 3263 promissum
500 3193 587 3247 initur
613 3210 666 3262 per
692 3202 785 3245 actum
809 3192 956 3261 publicum
979 3201 1028 3243 aut
1055 3207 1108 3259 per
1134 3190 1304 3259 scripturam
1328 3188 1481 3258 privatam,

307 3297 438 3367 Rapo-imi
450 3299 549 3351 debent
562 3314 663 3351 nomen
677 3306 702 3350 et
715 3311 868 3365 copnomcn
880 3296 1167 3365 compromittentium,
1180 3294 1288 3360 arbitra,
1300 3304 1349 3348 aut
1360 3296 1481 3349 cut-bitro-

306 3422 386 3472 rum;
405 3421 456 3458 neo
473 3422 530 3457 non
548 3406 661 3475 stapulo
680 3407 770 3475 cupita
789 3406 1002 3470 controuersiae,
1022 3419 1092 3471 quoe
1110 3402 1299 3456 suodciuntttr
1318 3418 1417 3456 eorum
1435 3403 1484 3455 de·

307 3513 474 3566 liberationi.
493 3538 530 3552 -
548 3512 695 3582 Scriptura
712 3510 824 3581 privata
842 3511 944 3579 deponi
965 3510 1046 3563 debet
1067 3510 1105 3561 aad
1122 3520 1186 3561 acto
1209 3509 1316 3579 publici
1334 3511 1438 3563 notarii
1456 3528 1481 3562 ›.

309 3619 378 3674 Vide
391 3619 608 3675 controversiam
621 3618 763 3673 definitam
776 3634 793 3671 a
806 3618 831 3670 S.
847 3616 1065 3686 Cong,Cotrcil.,
1078 3618 1129 3669 sub
1142 3620 1188 3670 die
1204 3616 1242 3669 17
1255 3618 1376 3686 Attpttstt'
1390 3617 1482 3685 1872,-

309 3723 383 3794 apud
402 3728 472 3779 Acta
492 3724 519 3777 S.
541 3724 628 3787 Sedis,
655 3723 712 3777 Vol.
738 3720 799 3789 VII,
815 3742 845 3793 p.
865 3721 937 3774 393.

400 3830 439 3901 (l)
459 3830 556 3885 Devoti
576 3830 636 3897 (lus
657 3830 721 3885 Can.
740 3832 766 3883 t.
784 3832 830 3896 a}
851 3829 897 3898 13)
916 3829 957 3882 ita
975 3827 1098 3897 explicat
1116 3825 1189 3881 banc
1208 3827 1348 3897 regulam:
1368 3846 1384 3879 ‹
1399 3828 1482 3881 Exci·

312 3942 425 4011 piuutur
444 3944 537 3993 tamen
556 3953 590 3991 ea
608 3952 679 4007 quae
698 3952 760 3989 oum
779 3952 864 3988 causa
888 3932 1034 4003 principali
1054 3932 1095 3986 ita
1117 3941 1182 3986 sunt
1200 3948 1334 3997 connexa,
1354 3937 1385 3986 ut
1404 3932 1486 4001 plane

313 4052 347 4104 ab
367 4066 400 4104 ea
422 4048 574 4119 pendeant;
599 4045 633 4101 de
658 4046 757 4116 quibus
781 4042 893 4113 quidem
917 4045 960 4095 est
984 4040 1128 4096 ferendum
1153 4038 1294 4105 iudicium,
1319 4055 1488 4109 quamquam

313 4155 392 4211 nulla
411 4172 507 4212 eorum
525 4154 630 4208 mentio
649 4154 724 4205 iacta
741 4150 786 4203 sit.
806 4148 902 4219 ltaque
921 4147 1027 4201 arbiter
1045 4146 1150 4200 iudicat
1167 4146 1201 4201 de
1219 4145 1431 4215 exceptionibus
1448 4146 1492 4200 di-

313 4262 428 4329 latoriis,
442 4266 472 4316 et
489 4258 692 4330 peremptoriis,
705 4256 738 4310 de
751 4255 898 4321 fructibus,
910 4253 958 4323 qui
972 4253 1012 4307 rei
1026 4258 1220 4307 controversae
1235 4255 1342 4321 partem
1355 4251 1490 4315 efficiunt3

315 4384 347 4421 ac
375 4366 457 4433 videt,
485 4364 617 4436 quidquid
645 4362 756 4417 intersit
783 4362 817 4415 ad
846 4360 1027 4425 commodum,
1055 4358 1263 4430 utilitatemque
1291 4364 1349 4413 tam
1378 4360 1491 4425 actoris,

313 4492 397 4547 quam
417 4476 456 4531 rei
475 4495 500 4529 r.
