3350 5117
352 295 420 362 628
881 315 964 364 raas
990 316 1011 361 1.

353 437 478 504 decreti
501 436 604 503 verba
627 439 843 505 «Praeterea
866 440 893 506 si
916 440 988 522 quis
1009 441 1044 504 iu
1067 439 1195 506 casibus
1225 460 1247 504 a
1275 443 1349 506 iure
1377 443 1539 526 permissis
1636 475 1637 520 r

353 562 576 648 appellaverit,
593 567 649 626 aut
663 561 703 626 de
717 561 825 645 aliquo
841 562 1030 647 gravamine
1046 569 1241 646 conquestus
1259 562 1371 628 luerit.
1389 581 1446 627 seu
1463 563 1536 628 alias

352 687 393 752 ob
416 686 541 773 lapsum
564 685 685 752 biennii
708 686 748 752 de
771 707 833 770 quo
856 705 955 772 supra
982 685 1022 751 ad
1050 687 1148 752 alium
1181 687 1322 754 iudicem
1347 692 1537 770 recurrerit

349 818 501 879 teneatur
523 817 599 878 acta
624 815 731 877 omnia
754 832 865 878 eoram
882 813 1041 898 Episcopo
1058 819 1151 898 gesta
1173 812 1214 877 ad
1239 813 1380 879 iudicem
1401 816 1534 900 appella·
1636 843 1637 858 κ

347 939 444 1002 tionis
468 939 618 1024 expensis
641 938 707 1003 suis
730 937 929 1012 transterre;
954 937 1073 1003 eodem
1098 943 1213 1003 tomen
1236 939 1414 1022 Episcopo
1441 939 1536 1021 paim
1636 1013 1637 1016 Ἴ

347 1061 534 1134 admonito,
557 1068 595 1129 ut
624 1062 654 1128 si
684 1061 769 1146 quid
798 1061 829 1127 ei
856 1080 924 1144 pro
952 1080 1076 1126 causae
1106 1061 1331 1128 installatione
1354 1061 1535 1134 videbitis,

344 1188 453 1271 possit
473 1186 579 1253 iudici
601 1185 841 1270 appellationis
862 1185 1058 1272 sr'qnifioare
1082 1205 1111 1246 a.

438 1312 573 1376 luterirn
595 1312 783 1376 advertatur
801 1309 885 1394 quod
909 1309 991 1374 haeo
1015 1314 1179 1394 postrema
1201 1309 1305 1373 verba
1330 1310 1533 1394 exprimunt.

346 1455 548 1519 quacumque
582 1433 765 1520 posthabita
798 1433 1017 1504 solemnitate.
1054 1439 1262 1518 praeceptum
1303 1433 1532 1518 expostulandi
1636 1485 1637 1488 ,

345 1560 525 1642 apostolos,
550 1563 584 1624 et
604 1557 667 1622 hoo
690 1559 762 1622 iure
785 1558 915 1621 utimur.

436 1686 515 1749 Dein
551 1686 596 1750 ita
629 1684 853 1770 prosequitur:
889 1703 906 1747 a
939 1681 1030 1756 Quod
1062 1683 1087 1746 si
1124 1681 1305 1767 appellatus
1335 1691 1532 1766 compareat,

343 1814 481 1894 cogatur
504 1816 582 1874 tuno
605 1809 633 1873 is
656 1827 782 1891 qnoque
804 1811 952 1872 aetorum
977 1825 1060 1889 quae
1082 1804 1241 1871 translata
1264 1811 1343 1869 sunt
1372 1826 1534 1891 expensas

343 1953 404 2018 pro
428 1933 578 2018 portione
600 1951 667 2012 sua,
691 1933 718 1996 si
742 1931 806 1996 illis
829 1932 874 1997 uti
899 1929 1049 2010 voluerit,
1073 1928 1192 1996 subire.
1210 1930 1270 1992 nisi
1297 1929 1398 1994 aliter
1414 1951 1459 1995 ex
1474 1931 1531 1996 lori

343 2053 575 2120 consuetudine
598 2062 757 2128 servetur.
775 2058 810 2118 ut
825 2025 950 2119 scilicet
971 2052 1012 2117 ad
1035 2052 1251 2137 appellantem
1277 2054 1448 2139 integrum
1472 2055 1532 2120 hile

341 2200 424 2245 onus
447 2181 619 2266 pertineat.
639 2181 744 2244 Porro
760 2180 860 2264 ipsam
884 2183 1030 2242 autorum
1055 2177 1180 2262 copiam
1200 2183 1357 2244 teneatur
1373 2183 1526 2248 notarius

341 2325 488 2391 congrua
511 2304 662 2370 mercede
684 2311 827 2388 accepta,
844 2304 1019 2390 appellanti
1041 2307 1159 2387 quanto
1184 2304 1278 2370 eitius
1303 2311 1336 2369 et
1360 2306 1402 2370 ad
1429 2309 1533 2372 miuus

341 2433 429 2497 intra
451 2451 595 2496 mensem
619 2429 784 2494 exhibere.
811 2430 872 2504 Qui
896 2431 1043 2494 notarius
1074 2429 1099 2493 si
1131 2430 1164 2492 in
1196 2425 1380 2494 differenda
1404 2433 1530 2498 exhibi-

340 2559 428 2622 tione
452 2557 599 2622 fraudem
624 2556 749 2637 fecerit,
773 2553 813 2620 ab
837 2553 935 2620 offleii
964 2554 1242 2620 administratione
1271 2556 1416 2624 arbitrio
1442 2558 1528 2625 Ordi-

339 2683 424 2778 narii
449 2679 672 2767 suspendatur,
689 2683 721 2746 et
743 2679 784 2744 ad
805 2678 892 2766 dupli
908 2699 1055 2765 poenam,
1073 2682 1184 2764 quanti
1200 2700 1239 2745 ea
1254 2681 1296 2745 lis
1313 2682 1427 2756 luerit,
1446 2686 1532 2750 iuter

338 2807 554 2892 appellantem
578 2812 612 2871 et
634 2825 794 2892 pauperes
815 2806 878 2871 loci
895 2805 1146 2872 distribuendam
1171 2807 1401 2892 compellatur.
1429 2811 1529 2876 Iudex

337 2951 428 3004 vero,
453 2934 481 2997 si
504 2938 535 2998 et
559 2933 626 3017 ipse
649 2932 868 3018 impedimenti
891 2931 988 2996 huius
1011 2932 1161 2995 conscius
1184 2931 1393 3016 particepsre
1419 2934 1526 3002 luerit.

337 3056 475 3120 aliterve
499 3055 657 3121 obstiterit
679 3075 720 3120 ne
743 3054 919 3140 appellanti
943 3054 1071 3139 integra
1094 3058 1169 3118 acta
1191 3055 1280 3119 intra
1304 3061 1437 3142 tempus
1459 3065 1526 3122 tra-

336 3180 504 3262 derentur,
529 3179 569 3246 ad
594 3179 738 3245 eamdem
761 3180 850 3265 dupli
874 3198 1020 3264 poenam
1038 3182 1134 3264 prout
1157 3197 1267 3263 supra,
1291 3183 1490 3246 teneatur...
1508 3204 1528 3242 ι

337 3303 428 3378 Quae
445 3303 601 3369 haetenus
616 3301 806 3368 tradidimus
816 3302 995 3386 respiciunt
1010 3299 1257 3386 appellationem
1275 3302 1526 3370 instruendam.

427 3427 501 3492 646.
528 3425 577 3492 Ad
595 3427 739 3491 eamdem
759 3427 1038 3511 prosequendam
1061 3425 1227 3510 appellans
1250 3425 1351 3491 debet
1373 3425 1524 3495 dedicare

335 3551 385 3616 ad
409 3569 511 3635 quem
533 3549 674 3634 appellat
703 3547 794 3614 adire
820 3549 908 3613 intra
934 3552 1061 3632 tempus
1084 3547 1111 3610 ei
1137 3552 1292 3614 statutum
1318 3568 1342 3614 a
1367 3549 1482 3616 indias
1504 3573 1527 3612 e

334 3696 417 3761 quq·
445 3695 537 3740 secus
565 3674 695 3740 deserta
721 3674 860 3739 habetur
886 3674 1077 3759 appellatio,
1104 3693 1146 3738 ex
1174 3691 1249 3756 cap.
1276 3672 1311 3755 3,
1339 3675 1371 3738 lr.
1388 3681 1411 3740 t.
1437 3677 1474 3741 X
1493 3685 1524 3740 et

336 3801 442 3868 Clean.
461 3800 493 3872 4,
511 3801 542 3864 t.
561 3805 581 3864 l.
607 3798 663 3882 (Il,
683 3799 748 3882 12).
774 3797 873 3863 ludioi
890 3799 1038 3884 porriget
1061 3797 1185 3862 litteras
1209 3817 1267 3863 seu
1283 3801 1462 3880 apostolos
1483 3799 1524 3864 ab

334 3925 490 3990 inferiore
522 3924 626 3989 iudice
656 3928 825 4009 exceptos,
857 3941 918 3986 neo
947 3941 1010 3986 uon
1041 3927 1114 3986 aote
1142 3941 1270 3992 causae.
1304 3923 1455 3988 addendo
1484 3947 1521 3988 ee

332 4058 415 4130 qnae
439 4049 515 4110 nata
538 4051 613 4110 sunt
635 4044 773 4130 probare
797 4063 973 4130 gravamen
998 4063 1017 4106 a
1041 4063 1102 4126 quo
1126 4042 1280 4126 appellat.

421 4169 513 4234 'l'uno
542 4166 639 4232 iudex
666 4167 890 4253 appellationis
913 4165 1084 4232 admittens
1109 4167 1308 4240 instantiam,
1335 4171 1454 4232 statuet
1476 4168 1522 4231 le
1636 4227 1637 4246 p

332 4293 474 4378 gitimam
495 4291 680 4356 dilationem
697 4290 909 4356 adulteriora
925 4287 1210 4360 deduoendaiura,
1228 4295 1260 4356 et
1277 4289 1317 4354 de
1339 4291 1517 4356 instaurata
1636 4291 1637 4318 l

330 4418 546 4504 appellatione
572 4423 604 4482 et
627 4415 778 4480 dilatione
801 4413 987 4500 probatoria
1018 4431 1175 4480 concessa
1198 4417 1375 4482 certiorem
1402 4414 1516 4480 reddet
