3350 5117
333 253 399 318 376
857 275 941 322 raas
966 275 988 320 1.

332 396 498 462 adversos
515 395 744 478 possidentem
774 397 905 463 moueri
923 419 955 461 ›.
988 399 1044 463 Ius
1074 399 1264 462 canonicum
1292 397 1377 462 hanc
1405 398 1510 483 dispe

332 520 478 584 sitionem
503 523 688 607 acceptavit
716 522 749 585 in
780 523 907 606 saepies
937 521 990 587 cit.
1015 541 1090 605 cop.
1114 521 1175 602 20,
1200 521 1232 586 h.
1257 526 1278 586 t.
1302 526 1335 588 et
1356 522 1438 586 aliis.
1464 557 1512 572 -—

333 643 365 708 V
367 662 457 708 erum
480 645 767 720 animadvertatur,

424 771 455 856 l)
479 791 569 838 reum
594 773 625 836 in
650 773 721 837 loco
744 771 796 838 rei
818 773 903 838 sitae
925 773 1092 837 conveniri
1112 791 1207 858 posse
1229 775 1354 836 tanturn
1377 771 1514 838 actione

331 896 419 960 reoli
449 915 513 959 non
541 897 727 978 personati,
748 897 823 980 quia
855 896 939 960 actio
964 895 1061 962 realis
1084 916 1153 960 rem
1188 893 1370 960 immediate
1403 913 1515 979 perse

333 1021 458 1100 quitur;
494 1022 578 1084 actio
608 1021 803 1102 personalis
831 1038 911 1083 vero
940 1040 1121 1105 personam,
1147 1019 1272 1083 ratione
1295 1017 1514 1102 obligationis,

333 1145 546 1228 persequitur.
561 1181 603 1194 -
618 1147 655 1208 lu
667 1143 846 1210 actionibus
858 1144 1063 1228 possessoriis
1079 1142 1157 1208 illud
1173 1142 1338 1228 singulare
1354 1147 1412 1213 est,
1426 1140 1515 1226 quod

332 1271 478 1352 quamvis
505 1270 692 1356 personales
719 1272 790 1350 sint,
811 1276 922 1334 tamen
953 1270 1028 1354 quia
1058 1289 1079 1334 a
1106 1288 1245 1355 persona
1273 1274 1426 1353 repetunt
1455 1267 1515 1332 ali-

333 1394 406 1477 quid
431 1396 520 1460 circa
543 1415 610 1460 rem
636 1399 764 1462 certam
788 1395 1060 1468 determinatam,
1077 1394 1248 1460 admittunt
1262 1394 1419 1460 directam
1436 1411 1516 1457 exe-

333 1518 492 1582 cutionem
525 1519 557 1581 in
596 1537 679 1593 1·em;
717 1517 801 1582 unde
834 1537 877 1581 ex
907 1525 1000 1602 parte
1031 1517 1231 1581 executionis
1261 1519 1406 1582 actiones
1435 1535 1513 1600 pos·

332 1645 490 1709 sessoriae
514 1632 655 1730 pressius
678 1643 836 1709 accedunt
860 1644 1040 1709 actionibus
1056 1643 1197 1710 realibus
1218 1647 1252 1709 et
1273 1642 1337 1707 hac
1356 1641 1396 1706 de
1413 1661 1515 1706 causa

333 1768 557 1854 quamplurimi
582 1769 737 1836 Doctores
759 1787 814 1832 eas
838 1768 945 1833 reales
967 1767 1139 1854 appellant;
1157 1767 1199 1832 cl.
1217 1765 1514 1852 Schmalzgruebar

334 1889 364 1952 h.
390 1894 411 1954 t.
435 1909 469 1954 a.
494 1889 552 1955 55.

423 2012 456 2100 2)
481 2015 555 2081 Sive
572 2034 626 2080 res
642 2015 766 2080 mobilis
782 2016 850 2079 sive
866 2014 1034 2079 immobilis
1049 2017 1089 2080 sit
1105 2034 1187 2099 quae
1204 2014 1364 2098 repetitur
1380 2013 1513 2078 actione

334 2138 424 2209 reali,
448 2137 558 2203 subest
580 2137 656 2204 huic
686 2139 766 2203 iuris
796 2137 1003 2223 dispositioni,
1024 2135 1194 2202 dummodo
1219 2155 1271 2201 res
1294 2135 1422 2200 mobilis
1447 2155 1515 2200 non

333 2265 550 2326 transeunter
565 2266 598 2324 et
613 2259 717 2324 obiter
739 2267 773 2325 at
795 2281 869 2325 cum
892 2259 1001 2344 aliqua
1024 2258 1197 2324 stabilitate
1223 2259 1285 2322 sita
1307 2258 1350 2322 sit
1367 2259 1402 2322 in
1417 2259 1514 2322 terri·

333 2386 417 2449 torio
439 2385 562 2462 iudicis
587 2387 628 2452 cf.
654 2386 945 2472 Schmalzgrueber
971 2389 993 2452 l.
1018 2408 1045 2453 c.

423 2509 455 2596 3)
473 2511 559 2575 Reus
578 2515 682 2595 potest
706 2513 738 2574 in
761 2511 833 2576 loco
858 2510 906 2575 rei
931 2512 1012 2576 sitae
1036 2511 1214 2583 conveniri,
1228 2509 1352 2574 etiamsi
1377 2508 1419 2572 ibi
1445 2528 1512 2573 non

334 2634 526 2718 reperiatur,
551 2653 644 2699 secus
670 2654 709 2698 ac
739 2633 857 2700 accidit
888 2636 921 2697 in
951 2633 1024 2698 foro
1055 2639 1242 2699 contractus
1264 2633 1303 2697 ad
1331 2633 1416 2717 quod
1444 2653 1512 2698 sor·

333 2755 474 2821 tiendum
499 2758 674 2840 requiritur
697 2759 882 2842 praesentia
907 2757 964 2828 rei,
983 2757 1030 2820 uti
1046 2754 1288 2840 explicavimus.
1305 2757 1378 2822 Non
1394 2757 1512 2822 desunt

334 2882 410 2947 liuio
434 2883 631 2947 conclusioni
662 2882 930 2954 contradictores,
955 2884 1000 2949 ita
1028 2882 1172 2948 Barbosa
1194 2883 1228 2946 in
1252 2883 1273 2947 l.
1296 2883 1356 2947 ou.
1384 2882 1419 2948 C.
1451 2882 1515 2948 Ubi

333 3007 370 3070 in
400 3026 473 3072 rem
504 3008 600 3074 actia.
617 3027 651 3072 a.
676 3008 718 3074 15
742 3014 773 3072 et
795 3008 838 3072 16
844 3030 859 3092 ;
884 3027 964 3092 quos
985 3012 1093 3073 tamen
1117 3007 1172 3072 hic
1196 3027 1260 3071 non
1283 3008 1450 3091 sequimur
1473 3005 1513 3071 ob

334 3141 408 3215 cup.
436 3132 471 3206 5,
501 3131 543 3197 Ut
563 3133 619 3198 tite
641 3151 711 3198 non
734 3138 869 3199 contest.
887 3133 921 3196 X
942 3131 1003 3217 (ll,
1021 3133 1057 3214 6)
1086 3138 1119 3198 et
1141 3135 1268 3217 praxim
1293 3151 1508 3204 communem,

334 3257 374 3321 de
397 3277 459 3343 qua
482 3262 621 3323 testatur
645 3256 843 3341 Schmalzgr.
869 3257 900 3320 h.
924 3260 946 3320 t.
970 3277 1004 3321 n.
1028 3256 1088 3323 53.

423 3383 497 3447 341.
524 3382 634 3457 Quoad
657 3381 717 3445 hos
741 3382 850 3447 modos
874 3381 1031 3446 sortiendi
1052 3381 1160 3446 forum
1184 3380 1326 3445 maxime
1349 3382 1431 3446 scitu
1459 3399 1514 3444 ne

334 3506 511 3570 cessarium
535 3509 599 3569 est:

425 3628 455 3714 l)
485 3627 591 3691 iorum
628 3626 778 3694 domicilii
808 3625 871 3690 dici
902 3627 1069 3712 proprium
1100 3633 1133 3692 et
1158 3627 1309 3693 naturale
1332 3628 1451 3701 lorum,
1477 3631 1513 3692 ut

335 3857 469 3911 trahendo
488 3857 673 3925 praesumitur
692 3855 765 3910 velle
784 3857 922 3910 subiicere
937 3873 1047 3912 omnem
1060 3858 1277 3913 controversiam
1299 3858 1471 3912 exoriturum
1485 3859 1513 3910 in

334 3963 448 4032 negotio
465 3967 625 4016 contractus
644 3962 727 4018 iudici
747 3963 802 4016 loci
825 3965 855 4015 in
881 3979 937 4034 quo
963 3968 1124 4017 contractus
1149 3965 1236 4017 initus
1259 3968 1310 4018 est.
1337 3963 1513 4034 Quapropter

334 4066 398 4120 inde
410 4081 496 4134 prono
514 4065 594 4120 alveo
610 4067 671 4120 fluit
684 4067 804 4120 facultas
816 4067 871 4120 sibi
884 4066 1006 4136 eligendi
1020 4067 1192 4122 domicilium
1203 4067 1238 4122 ad
1250 4085 1365 4137 scopum
1377 4067 1511 4122 sortiendi

335 4172 387 4226 lori
407 4173 436 4225 in
454 4179 531 4226 certo
550 4171 664 4238 loc0,cf.
684 4176 727 4226 cit.
747 4176 805 4227 cod.
826 4171 909 4240 Greg.
937 4175 973 4237 §5
993 4172 1068 4237 427,
1094 4173 1166 4226 too.
1192 4173 1222 4227 ln
1247 4173 1343 4228 eodem
1369 4175 1432 4227 cod.
1459 4188 1512 4226 uon

334 4297 413 4334 secus
432 4297 464 4334 ae
483 4282 512 4335 in
534 4280 674 4334 codicibus
698 4279 839 4334 hodiernis
863 4281 1023 4335 admittitur
1048 4283 1125 4336 forus
1151 4289 1311 4352 competens
1337 4283 1447 4338 ratione
1473 4281 1512 4336 rei

334 4386 419 4440 sitae:
438 4389 473 4440 es.
492 4387 551 4441 cod.
572 4386 653 4456 Greg.
673 4390 710 4452 δέ
729 4387 886 4458 oso-437,
906 4389 973 4441 441.
