3350 5117
583 301 627 347 na
651 300 791 348 runicus
816 299 1081 347 scoensmsrims
1353 283 1419 348 455

236 446 355 491 causae
380 424 617 505 tractationem,
640 424 747 487 omnia
777 428 851 487 acta
882 422 1013 494 directe,
1039 442 1096 487 sna
1127 424 1327 504 auctoritate,
1352 442 1417 489 mo-

236 550 390 617 derando.

325 677 401 741 432.
430 644 538 751 Quare
562 674 660 739 iudex
683 675 810 747 eccles,
835 674 893 738 lite
917 678 1096 738 contestata
1119 675 1152 737 in
1175 674 1299 739 iudiciis
1324 675 1418 742 ardi-

232 802 352 873 aariis,
380 804 524 888 assignat
557 802 740 867 camerinum
768 798 1021 883 probatorium,
1045 821 1102 864 seu
1125 806 1250 885 tempus
1277 801 1420 885 assignat

233 914 461 1007 opportunum,
487 928 521 988 ut
544 929 662 1009 urgeat
685 924 847 1008 litigantes
880 922 920 987 ad
946 923 1035 989 litem
1060 924 1154 987 citius
1178 922 1415 990 instruendam:

235 1044 276 1111 cf.
305 1048 484 1135 Pellegrini
509 1050 530 1113 t.
555 1070 581 1114 c.
606 1049 695 1115 cuim.
720 1048 745 1113 3
768 1050 926 1134 inscripta
948 1048 998 1113 De
1021 1049 1165 1115 termino
1185 1048 1394 1131 macutum.

322 1174 384 1240 Hic
401 1176 559 1241 terminus
585 1177 616 1239 in
638 1175 761 1241 iudiciis
778 1173 928 1239 civilibus
944 1173 1164 1258 assignandus,
1182 1174 1415 1240 determinatur

229 1298 270 1362 ad
302 1300 486 1365 instantiam
520 1304 668 1387 partium,
694 1307 726 1367 et
753 1300 896 1367 faciliter
926 1307 1122 1387 prorogatur
1142 1304 1282 1365 instante
1310 1308 1412 1387 parte,

229 1443 311 1506 quae
337 1424 452 1491 doceat
467 1446 541 1491 suas
556 1424 763 1510 probationes
780 1426 922 1490 nondum
940 1427 1107 1511 explicare
1130 1446 1241 1490 omnes
1264 1431 1320 1491 aut
1342 1446 1414 1511 pro

228 1544 349 1611 ducere
381 1550 530 1632 potuisse.
561 1548 608 1613 Gt.
634 1569 660 1613 c.
685 1569 713 1614 c.
738 1549 762 1613 8
785 1548 834 1613 De
855 1568 954 1630 proc.
979 1550 1013 1612 X
1035 1550 1075 1624 (Ι,
1100 1548 1170 1631 38);
1195 1550 1218 1614 5
1241 1548 1338 1629 iufra
1362 1550 1412 1615 De

227 1690 331 1737 causa
360 1692 450 1754 pass,
482 1672 517 1737 X
538 1673 593 1756 (ΙΙ,
623 1672 692 1757 12);
722 1673 757 1737 li
787 1674 835 1737 De
865 1672 966 1755 prob.
990 1674 1024 1736 X
1053 1672 1109 1757 (ΙΙ,
1137 1673 1208 1759 19);
1238 1673 1269 1744 9,
1294 1673 1411 1739 eoae

224 1792 283 1875 fid.
307 1794 382 1860 inst.
408 1796 442 1859 X
463 1793 518 1879 (11.
544 1794 600 1881 22)
625 1792 680 1879 (l).

323 1916 443 2003 Suapte
474 1920 505 1983 vi
537 1921 705 1984 instructio
736 1920 858 2003 scripta
891 1920 1075 1983 continetur
1105 1920 1137 1983 in
1168 1918 1410 2003 probationibus

224 2046 348 2130 scripto
373 2046 539 2119 contectis,
557 2048 601 2112 uti
628 2052 703 2112 sunt
725 2066 779 2112 ex.
800 2068 830 2133 g.
857 2047 1072 2138 instrumenta
1086 2048 1255 2132 emptionis
1279 2052 1312 2111 et
1333 2068 1408 2112 ven·

222 2167 349 2235 ditionis
373 2175 405 2233 et
430 2172 461 2233 in
485 2171 741 2236 attestationibus
766 2172 816 2235 vel
842 2172 982 2254 partium
1006 2169 1261 2234 confessionibus
1284 2171 1316 2234 in
1332 2174 1406 2235 acta

310 2400 350 2470 (lt
366 2400 457 2455 Unum
469 2406 498 2456 et
508 2402 627 2457 alterum
643 2407 748 2457 textum
760 2420 793 2457 ax
807 2402 1000 2457 Decretalibus
1011 2404 1088 2456 iuvat
1098 2404 1211 2469 reterre,
1221 2404 1321 2473 quibus
1331 2419 1405 2457 com·

219 2507 375 2573 probantur
388 2508 470 2563 dicta.
485 2508 604 2563 Iudicem
618 2509 718 2564 debere
737 2510 793 2563 iam
811 2511 848 2563 ab
868 2509 951 2563 initio
964 2509 1024 2562 litis
1037 2526 1136 2564 cavere
1154 2527 1188 2564 ne
1207 2511 1235 2563 in
1255 2510 1403 2565 offerendis

218 2611 431 2679 exceptionibus
449 2612 587 2667 dilatoriis
613 2619 705 2683 partes
732 2614 847 2668 nimium
875 2615 1017 2669 insumant
1041 2618 1151 2683 tempus
1176 2619 1225 2668 aut
1250 2614 1401 2681 colludant,

217 2712 298 2769 docet
317 2718 410 2786 capet
430 2718 471 2771 De
484 2730 589 2789 except.
607 2722 636 2773 X
654 2721 698 2789 (li,
712 2720 758 2789 ’25)
780 2720 988 2789 praescribens:
1007 2721 1172 2782 «Quoniam
1192 2738 1241 2790 per
1254 2722 1401 2775 dilatorias

216 2823 395 2896 exceptiones
415 2824 554 2879 malitiose
577 2842 774 2897 nonnunquam
801 2844 950 2879 caiisaram
975 2828 1137 2881 terminatio
1162 2834 1336 2898 prorogatur,
1357 2829 1399 2882 in·

215 2926 359 2995 quisitioui
380 2935 445 2983 tuae
465 2931 561 2986 taliter
581 2932 973 3000 respondendo,decernimus,
994 2945 1023 2987 ut
1042 2935 1117 2986 iutra
1130 2945 1238 2989 certum
1256 2944 1364 3007 tempus
1382 2956 1399 2990 a

216 3030 310 3085 iudice
329 3034 528 3103 assignandum
548 3054 642 3090 ararites
661 3039 811 3091 dilatoriae
826 3048 1041 3108 proponantur:
1059 3039 1099 3093 ita
1118 3040 1190 3109 quod
1208 3041 1232 3093 si
1251 3046 1345 3109 partes
1363 3058 1397 3097 ex

213 3139 283 3190 tunc
301 3138 443 3195 voluerint
461 3142 569 3213 aliquas
588 3160 727 3213 opponere
745 3162 814 3216 quas
835 3163 891 3200 non
911 3148 1017 3202 tuerint
1039 3153 1218 3217 protestatae,
1237 3149 1398 3205 nullatenus

213 3242 376 3305 audientum
397 3246 449 3298 nisi
469 3248 540 3299 torte
560 3246 654 3317 aliqua
673 3248 706 3302 de
727 3264 797 3303 noro
817 3250 871 3303 sibi
895 3256 1057 3319 competens
1076 3258 1174 3307 exorta
1191 3255 1289 3320 inerit;
1310 3255 1355 3310 vel
1374 3258 1398 3310 is

211 3348 259 3416 qni
279 3348 401 3403 voluerit
418 3367 480 3404 eam
499 3368 646 3421 opponere,
659 3354 741 3409 fidem
760 3357 847 3409 iaciat
873 3357 1041 3424 iuramento,
1060 3376 1090 3412 se
1110 3362 1281 3427 postmodnm
1305 3363 1340 3415 ad
1359 3362 1396 3416 il-

212 3451 266 3507 lius
291 3458 420 3510 notitiam
445 3460 603 3527 pervenisse
621 3478 645 3513 ι.
666 3460 751 3515 Clam.
773 3462 796 3513 V
816 3462 845 3515 in
865 3465 914 3516 cit.
934 3464 1027 3519 Consi.
1048 3468 1139 3537 Saepe
1162 3471 1302 3538 corrumpit,
1321 3471 1395 3551 inter

213 3554 297 3616 Ctem.
311 3564 339 3629 9,
356 3564 385 3616 X
397 3565 442 3633 (V,
460 3566 501 3636 ll)
523 3567 561 3619 ita
575 3566 707 3626 describit
720 3573 873 3623 terminum
889 3574 1093 3641 probatorium,
1103 3574 1148 3643 qai
1163 3590 1252 3644 aeque
1266 3580 1396 3630 servatur

209 3670 237 3721 in
257 3687 386 3739 processu
412 3676 557 3727 ordinaria
578 3686 603 3728 at
622 3679 819 3730 sarratam-iam
842 3679 876 3733 Et
902 3684 965 3751 quia
991 3684 1144 3751 positiones
1168 3687 1205 3737 ad
1230 3686 1390 3755 faciliorem

210 3776 415 3842 expeditionem
430 3778 520 3830 litium
536 3790 655 3849 propter
663 3782 790 3850 partium
809 3788 1000 3855 consessiones
1013 3797 1039 3841 et
1050 3790 1186 3842 amiculas
1198 3790 1232 3842 ad
1246 3790 1392 3844 clariorem

209 3882 399 3945 probationem
420 3903 485 3938 usus
505 3886 658 3954 longaevus
677 3890 705 3942 in
725 3892 815 3943 causis
835 3892 963 3947 admisit:
983 3912 1033 3949 nos
1059 3914 1138 3951 tasum
1163 3898 1319 3955 huiusmodi
1338 3892 1389 3953 obss

205 3990 309 4041 ¹«arverni
331 3991 469 4058 volentes,
488 3995 636 4047 statuimus
657 4000 687 4049 nt
707 3997 788 4052 iudex
807 4001 848 4053 sic
868 4001 1017 4071 deputatus
1036 4022 1054 4057 a
1073 4006 1153 4060 nobis
1173 4007 1237 4075 (nisi
1261 4008 1338 4062 aliud
1356 4012 1390 4065 de

206 4097 327 4164 partium
347 4098 492 4154 voluntate
512 4104 652 4170 procedat)
673 4105 706 4157 ad
725 4106 845 4160 dandum
874 4109 957 4163 simut
985 4116 1124 4182 utrosque,
1145 4116 1294 4170 terminum
1319 4120 1389 4171 assi·

204 4218 291 4269 gnare
316 4205 401 4272 possit
420 4210 449 4259 et
468 4206 502 4257 ad
521 4206 707 4262 exhibendum
726 4212 820 4265 omnia
843 4219 908 4267 acte
929 4221 958 4269 et
976 4220 1158 4287 munimenta,
1173 4223 1274 4291 quibus
1294 4228 1389 4294 partes

201 4310 243 4364 uti
267 4309 367 4365 volunt
392 4314 420 4366 in
452 4330 536 4367 causa
563 4320 624 4383 post
649 4316 790 4372 dationem
822 4321 1004 4377 articulorum
1029 4325 1102 4379 diem
1128 4332 1244 4399 certum,
1264 4332 1388 4402 quando·

203 4436 320 4491 cumque
340 4420 391 4474 sibi
412 4421 559 4487 ridebitur,
578 4423 672 4479 valeat
691 4428 837 4495 assignare
856 4434 909 4483 etc.
925 4448 950 4484 ›.
