3350 5117
779 587 893 654 04444
919 589 943 652 l.

432 782 476 835 DE
498 781 578 835 LlTE
599 780 673 835 NON
692 780 930 835 CONTESTATA
949 781 1023 835 NON
1043 780 1293 837 PROCEDATUR

610 888 660 942 Ab
679 887 841 943 TESTIUM
862 887 1123 941 receptionum

527 992 598 1046 VEL
619 992 667 1045 nb
689 992 925 1045 SENTENTIAM
950 990 1200 1071 DEFlNlTlllAM.

671 1138 721 1177 4444
736 1133 829 1178 referat.
846 1135 883 1179 tit.
899 1136 921 1189 o,
936 1135 962 1178 L.
979 1135 1010 1189 11,
1025 1135 1057 1178 X.

272 1309 489 1366 summarium.
510 1340 542 1353 -·
562 1312 621 1365 422.
642 1311 693 1365 4444
711 1313 870 1367 continetur
889 1313 1088 1382 eorseqrrertia
1109 1313 1222 1381 regulae
1243 1314 1297 1367 iarn
1316 1317 1447 1367 statutae

368 1448 402 1461 -
416 1418 478 1473 423.
489 1418 630 1479 Quomodo
638 1418 819 1487 prohibeatur
831 1419 979 1472 instructio
993 1420 1186 1488 probationum
1200 1426 1229 1473 44
1243 1420 1382 1474 sententia
1396 1420 1455 1475 def.

363 1532 428 1582 ante
447 1526 526 1583 litem
545 1531 737 1581 contestatam.
758 1556 791 1567 —
810 1527 871 1580 424.
891 1530 929 1581 At
948 1529 980 1581 nt
998 1528 1126 1597 exceptio
1145 1528 1167 1580 si
1188 1532 1275 1582 testes
1293 1528 1350 1581 sint
1368 1527 1450 1582 uale-

365 1634 496 1689 tudinarii
515 1639 544 1689 et
562 1650 649 1689 senes.
669 1663 703 1675 -
722 1635 781 1687 425.
803 1632 855 1688 Vel
875 1635 960 1703 recipi
980 1635 1100 1690 debeant
1117 1636 1155 1688 ud
1172 1638 1302 1705 suturam
1328 1635 1372 1689 rei
1389 1652 1454 1689 me-

363 1744 490 1795 moriam.
508 1770 546 1781 -
563 1742 624 1794 426.
643 1740 788 1795 Sententia
806 1742 949 1810 definitiva
962 1742 990 1795 in
1004 1741 1095 1795 causis
1114 1742 1149 1796 de
1168 1752 1307 1796 contracto
1321 1741 1453 1810 coniugio

365 1846 409 1901 vel
429 1846 533 1901 carnali
553 1846 598 1901 vel
616 1846 754 1915 spirituali
768 1846 826 1899 dari
841 1852 1011 1915 potestante
1029 1848 1070 1901 lit.
1085 1852 1190 1901 cuntes.
1202 1875 1240 1889 -
1251 1847 1313 1899 427.
1328 1846 1452 1900 Maxime

364 1956 417 2010 hoc
436 1958 468 2009 nt
487 1958 514 2009 in
534 1956 624 2009 causis
642 1960 808 2010 sumrnoriis.
825 1985 859 1997 -
874 1953 934 2009 423.
955 1956 984 2009 44
1004 1956 1068 2009 aliis
1087 1957 1188 2011 causis.

365 2169 440 2235 422.
459 2169 549 2233 Η444
566 2168 697 2234 rubrica
713 2169 797 2235 tituli
821 2168 853 2241 6,
871 2167 925 2234 lib.
944 2168 990 2248 Il,
1008 2168 1049 2241 X,
1062 2169 1179 2253 quippe
1195 2120 1366 2234 conlidens
1379 2187 1454 2233 sen·

276 2314 345 2359 sum
359 2292 539 2378 perfectum
563 2298 659 2375 atque
675 2290 862 2357 absolutum.
878 2292 1007 2375 plenum
1024 2290 1122 2355 habet
1139 2291 1221 2376 legis
1236 2292 1395 2375 rigorem.
1415 2292 1453 2355 ln

276 2416 524 2486 Collectionibus
549 2418 626 2483 iuris
650 2419 773 2481 romani
798 2417 908 2482 titulus
931 2418 1008 2482 hnic
1035 2417 1293 2503 correspondens
1316 2436 1381 2481 non
1405 2418 1457 2482 44-

276 2544 415 2616 venitur,
430 2543 483 2626 qui
507 2542 610 2627 primo
634 2542 1019 2625 reperitu1·in(lnll.lll
1045 2542 1233 2607 authentica
1257 2543 1328 2605 444.
1348 2540 1398 2605 111
1423 2544 1456 2604 44

276 2666 434 2751 repetitur
465 2668 497 2730 in
529 2664 647 2731 Culleo.
672 2664 821 2749 Gregorii
848 2665 896 2728 lX
919 2666 953 2728 in
977 2664 1023 2729 tit.
1048 2664 1081 2735 6,
1106 2662 1160 2728 lib.
1187 2664 1233 2734 ΙΙ,
1259 2682 1319 2747 per
1351 2661 1455 2727 verba

275 2814 374 2877 supra
396 2812 561 2878 expressa.
585 2822 631 2843 -·
652 2792 777 2856 Verum
801 2791 890 2873 ¹haec
920 2792 1132 2875 praescriptio
1162 2810 1240 2855 sane
1263 2796 1313 2854 est
1335 2809 1453 2856 couse-

277 2916 412 2982 clarium
435 2914 699 3000 praescriptionis
721 2915 753 2977 in
776 2913 982 2997 praecedenti
1007 2913 1099 2979 titulo
1122 2918 1272 2979 statutae.
1289 2911 1453 2996 Siquidem

275 3041 341 3105 litis
371 3041 560 3105 contestatio
592 3060 629 3103 eo
660 3044 782 3123 spectat
806 3044 839 3103 44
866 3040 1039 3123 litigantes,
1072 3044 1244 3122 antequam
1273 3036 1451 3102 deveniant

276 3165 317 3230 ad
340 3164 554 3250 probationes,
576 3183 731 3248 expresse
762 3165 957 3229 conveniant
987 3164 1020 3228 in
1051 3162 1295 3228 determinando
1326 3163 1458 3248 negotio

278 3288 424 3373 litigioso,
449 3289 501 3353 cui
524 3287 617 3351 inniti
640 3286 734 3351 debet
756 3290 823 3351 4444
846 3306 1019 3370 processus
1043 3286 1223 3349 instructio.

367 3410 442 3476 423.
467 3412 592 3477 Verurn
616 3412 648 3476 in
671 3412 802 3477 rubrica
832 3410 914 3474 tituli
937 3414 1062 3477 tantum
1093 3429 1200 3474 sermo
1224 3414 1273 3474 est
1295 3408 1336 3473 de
1359 3427 1455 3473 rece·

278 3540 386 3623 ptione
409 3538 546 3619 testium,
564 3542 740 3603 memorata
763 3536 870 3621 specie
894 3556 953 3620 pro
977 3537 1062 3600 omni
1079 3554 1201 3620 genere
1217 3534 1451 3620 probationum.

279 3662 391 3725 Testes
414 3663 498 3726 enirn
520 3662 597 3727 iure
618 3680 705 3726 rom.
725 3666 756 3724 et
778 3679 823 3725 444
846 3660 922 3725 iure
945 3680 1019 3726 cua.
1036 3662 1194 3745 potiorem
1219 3666 1251 3724 et
1274 3660 1455 3745 principem

278 3786 523 3872 suppeditabant
546 3785 775 3871 probationem.
800 3784 978 3851 Interdicta
1000 3804 1080 3849 vero
1103 3786 1230 3851 testium
1255 3786 1452 3871 receptione,

279 3932 317 3976 eo
342 3912 443 3996 magis
466 3910 656 3995 prohibetur
679 3912 858 3975 sententiae
874 3910 1022 3994 prolatio,
1039 3909 1095 3974 lite
1118 3929 1183 3974 non
1208 3912 1459 3975 contestarent

278 4036 433 4121 explicita
456 4037 574 4099 mentio
599 4033 634 4098 fit
657 4035 696 4099 de
719 4038 878 4100 sententia
902 4033 1068 4099 definitiva
1091 4034 1130 4097 ad
1155 4033 1374 4100 excludendas
1389 4053 1460 4098 sen-

278 4164 396 4227 tentias
418 4182 482 4226 non
506 4162 694 4236 (4444444444
718 4181 774 4226 seu
791 4160 1076 4227 interlocutorias,
1093 4161 1239 4243 Namque
1254 4162 1460 4244 quaestiones

278 4288 533 4374 praeiudiciales,
549 4289 758 4371 exceptiones
772 4287 939 4351 dilatoriae
963 4291 1002 4351 et·
1019 4287 1193 4352 nonnullae
1216 4288 1460 4373 peremptoriae
1568 4308 1575 4333 ·

278 4414 478 4481 definiendae
502 4419 575 4479 sunt
599 4418 674 4479 ante
696 4414 761 4478 litis
784 4414 1068 4478 contestationem.
