3350 5117
516 313 562 362 os
584 311 724 360 runicus
748 311 1012 362 scenssrmrmrs
1283 293 1353 360 2223

173 437 282 505 titicus
301 439 434 522 plateas
457 441 489 501 et
510 436 593 510 vias,
609 435 725 522 quibus
747 456 859 502 omnes
883 442 1034 511 utuntur;
1054 434 1110 500 sed
1135 456 1174 501 ea
1196 455 1254 500 nos
1277 455 1351 522 pos·

174 564 319 629 sidemus
340 580 423 652 quae
445 561 536 626 nobis
559 563 749 635 inserviunt,
774 563 916 628 exclusis
938 561 1019 634 aliis,
1035 562 1088 626 vel
1111 561 1224 626 saltem
1247 561 1349 646 possi-

173 687 288 752 demus
320 706 380 773 pro
415 707 455 752 ea
488 695 583 772 parte
617 692 650 754 et
683 687 742 753 sub
777 707 816 752 eo
844 691 1087 772 respectuque
1119 684 1211 750 nobis
1245 685 1350 750 inser-

174 815 269 879 viunt
291 811 348 900 (l).

287 941 471 1023 stennon
494 943 747 1020 monetam,-
768 937 928 1024 possessio
951 939 1037 1003 enim
1065 938 1218 1023 exprimit
1240 938 1273 1002 in
1296 957 1354 1003 suo

174 1072 334 1152 conceptu
356 1065 526 1152 quamdam
550 1063 771 1140 stabilitatem
795 1083 897 1148 quare
921 1065 1043 1130 amicus
1062 1063 1197 1130 fundum
1220 1063 1354 1131 alterius

175 1193 343 1278 ingressas
365 1192 492 1255 ratione
514 1188 742 1254 familiaritatis
758 1210 822 1255 non
837 1189 955 1256 dicitur
969 1189 1103 1256 fundum
1118 1189 1293 1274 possidere.
1311 1227 1352 1240 -

178 1315 242 1382 Sed
273 1315 430 1401 possessio
459 1313 585 1380 actibus
615 1312 770 1379 coalescit
795 1319 916 1397 suapte
945 1319 1073 1380 natura
1104 1313 1279 1388 stabilibus,
1300 1315 1353 1400 qui

175 1447 285 1506 tamen
307 1459 368 1524 per
390 1439 550 1506 accideris
571 1438 743 1521 aliquando
770 1439 877 1504 statim
906 1439 1203 1523 interrumpuntur;
1235 1443 1268 1504 et
1291 1439 1354 1526 pla-

173 1583 253 1628 num
275 1568 334 1630 set.

266 1686 332 1750 Iste
353 1683 483 1751 videtur
498 1685 657 1770 genuinus
672 1685 883 1770 possessionis
899 1687 1074 1768 conceptus
1090 1683 1182 1748 iuxta
1197 1685 1353 1748 rationem

174 1812 372 1887 naturalem
396 1813 502 1898 prouti
526 1810 709 1876 huiusmodi
731 1811 941 1895 possessionis
958 1809 1077 1875 factum
1103 1809 1309 1896 distinguitur
1332 1831 1354 1876 a

174 1935 252 2001 iure
274 1937 365 2000 cuius
388 1935 554 2001 ordinario
568 1936 652 2000 solet
666 1955 738 2001 esse
752 1935 955 2002 exercitium
960 1954 974 2018 ,·
988 1940 1022 1999 at
1037 1953 1102 1999 non
1119 1935 1218 2000 semel
1234 1935 1354 2021 absque

175 2059 247 2123 iure
270 2059 446 2124 autetiam
470 2059 532 2124 iuri
555 2057 728 2124 adversum
751 2059 905 2125 consistit.
933 2057 1123 2123 Huiusmodi
1155 2064 1203 2124 est
1230 2059 1353 2142 positio

172 2179 382 2264 sanctiusque
409 2179 560 2246 distincta
585 2200 605 2246 a
633 2180 800 2264 positione
829 2181 925 2254 ineis,
955 2183 1019 2247 imo
1048 2182 1153 2246 eidem
1184 2182 1353 2266 aliquando

175 2302 324 2386 opposita
346 2301 403 2386 (2).

264 2494 364 2566 (1)cl.
384 2495 508 2566 Ruggari
529 2497 547 2549 l.
568 2516 590 2552 e.
609 2501 627 2562 ἓ
647 2497 749 2564 40-41,
770 2497 870 2566 probat
892 2498 1028 2568 quomodo
1047 2513 1118 2552 usus
1137 2515 1167 2553 se
1187 2497 1271 2552 latius
1289 2512 1354 2566 pro·

176 2605 272 2660 tendat
290 2622 373 2676 quarn
389 2608 537 2677 possessio,
548 2606 614 2678 quia
632 2622 700 2660 usus
717 2621 771 2660 non
788 2611 832 2661 est
850 2606 1018 2673 exclusivum,
1031 2607 1065 2663 de
1084 2624 1121 2676 se,
1134 2607 1199 2660 dum
1214 2609 1352 2678 possessio

173 2714 325 2768 sacumiert
342 2715 537 2768 extraneorum
557 2711 745 2767 exclusionem
765 2730 782 2766 a
800 2729 831 2766 re
850 2728 983 2782 possessa.
1004 2713 1057 2767 Sed
1077 2711 1228 2786 aliquando
1247 2729 1280 2768 ea
1288 2727 1355 2784 pos·

172 2821 297 2872 sidensis
315 2818 417 2888 quibus
435 2834 490 2872 non
508 2821 623 2885 utimur,
643 2821 743 2887 utputa
761 2817 939 2871 commodans
961 2819 1084 2888 possidet
1108 2835 1166 2872 rem
1192 2834 1248 2888 qua
1265 2820 1354 2872 utitur

172 2925 416 2981 commodatarius.
435 2955 469 2968 -
487 2925 593 2979 'lamen
611 2925 761 2996 aliquando
781 2943 848 2980 usus
867 2927 1027 2992 assumitur,
1047 2943 1096 2996 pro
1117 2927 1297 2996 possessione,
1312 2928 1352 2982 uti

171 3037 201 3090 in
221 3038 402 3105 usucapione,
420 3035 466 3088 ubi
486 3051 586 3102 capere
605 3051 658 3089 usu
676 3035 717 3089 nil
737 3035 812 3089 aliud
831 3041 875 3090 ost
893 3037 944 3090 nisi
965 3053 1064 3106 capara
1081 3041 1264 3107 possessione.

263 3145 304 3210 (2)
323 3142 364 3196 (ll.
384 3143 510 3212 Ruggeri
529 3160 572 3213 op.
592 3145 636 3197 cit.
657 3143 676 3196 l.
691 3162 713 3197 c.
727 3141 799 3198 hanc
818 3144 904 3197 tradit
922 3143 1101 3214 possessionis
1120 3145 1262 3199 notionem
1277 3149 1353 3214 post-

173 3267 258 3323 quam
278 3248 429 3320 exploserit
446 3247 532 3302 falsos
550 3254 700 3318 conceptus
718 3248 771 3304 hac
783 3250 817 3303 de
831 3267 860 3304 re
874 3249 987 3304 inolitos
1001 3254 1062 3319 post
1075 3251 1218 3306 interitum
1231 3251 1353 3320 epochae

175 3353 310 3407 classicae
332 3353 440 3406 romani
466 3352 542 3406 iuris.
563 3351 714 3406 -Graeci
740 3353 907 3422 interpretes
932 3353 1000 3406 iuris
1026 3354 1199 3420 Iustinianei,
1215 3354 1269 3408 rati
1289 3361 1353 3410 sunt

173 3461 344 3516 elementum
363 3461 448 3514 animi
467 3461 497 3514 in
522 3460 694 3530 possessione
720 3461 866 3532 exquirere
891 3462 1075 3517 intentionem
1097 3467 1126 3516 et
1147 3464 1352 3532 persuasionem

173 3567 298 3633 dominii,
317 3565 383 3620 hine
401 3566 532 3622 dixerunt
550 3568 655 3639 requiri
667 3570 793 3622 animum
805 3571 919 3623 domini.
933 3599 967 3611 -
980 3568 1010 3623 ln
1023 3569 1167 3624 occidente
1181 3569 1353 3624 Glossatores

174 3681 259 3730 antea
278 3679 420 3745 exponunt
439 3677 619 3744 possessionis
640 3683 805 3746 conceptum
823 3679 903 3749 quasi
928 3679 964 3730 sit
983 3677 1102 3748 simplex
1126 3679 1171 3732 rei
1195 3678 1353 3747 corporatis

173 3783 305 3845 decentio,
325 3782 423 3848 postea
440 3779 590 3834 Bassianus
607 3797 625 3835 a
648 3782 788 3836 communi
812 3782 952 3837 sententia
969 3781 1113 3836 discedens
1133 3781 1160 3833 iu
1180 3779 1352 3850 possessione

174 3891 218 3942 ins
236 3889 422 3958 recognoscit,
432 3889 515 3942 istam
533 3887 668 3943 definiens
686 3903 704 3942 s
723 3893 767 3944 ius
786 3891 926 3960 quoddam
944 3907 1006 3944 rem
1025 3891 1168 3944 detinendi
1184 3889 1237 3942 sibi
1256 3907 1279 3941 s.
1299 3888 1353 3942 Ad·

174 3997 286 4050 modum
305 3995 411 4066 placuit
429 3994 498 4050 haec
516 3995 657 4059 deliniti03
677 4000 706 4052 et
724 4002 821 4066 postea
846 3999 936 4065 magis
957 3995 1097 4066 explicata
1115 3997 1178 4060 suit,
1197 4000 1226 4050 et
1244 3995 1352 4050 definiri

174 4105 267 4174 coepit
285 4103 456 4173 possessio«
475 4107 520 4158 rei
537 4105 695 4174 corporalis
715 4106 847 4169 detentio,
866 4115 1049 4159 concurrente
1070 4105 1165 4170 animi,
1182 4107 1309 4174 corporis
1327 4115 1352 4158 et

174 4211 270 4280 aliquo
283 4211 356 4263 iuris
368 4210 540 4264 adminiculo
560 4227 584 4262 a.
604 4209 680 4265 Haec
699 4209 824 4265 definitio
844 4210 962 4265 habetur
974 4211 1076 4279 passim
1091 4210 1164 4280 apud
1183 4209 1352 4264 canonistas.

175 4318 209 4371 cl.
228 4315 414 4372 Reiffenstual
438 4316 482 4370 tit.
503 4318 545 4372 De
564 4333 652 4372 censs.
667 4333 743 4387 poss.
764 4326 790 4371 et
804 4317 942 4386 propriet.
964 4333 989 4368 n.
1009 4315 1034 4382 d,
1053 4315 1232 4386 eamdemque
1257 4315 1353 4370 defini·

175 4423 281 4478 donem
298 4423 342 4477 uti
361 4439 535 4478 communem
555 4424 642 4478 refert
666 4421 701 4476 cl.
727 4421 805 4476 Santi
831 4423 892 4476 eod.
912 4423 951 4474 tit.
970 4438 997 4474 n.
1016 4423 1044 4488 2,
1064 4421 1111 4475 sed
1143 4438 1205 4476 eam
1230 4420 1352 4491 explicet
