3350 5117
311 324 380 389 630
838 346 923 394 ruas
948 348 970 393 1.

310 466 524 550 pellationem
547 466 737 539 iudicialem,
755 468 850 533 sicet
873 468 1151 535 extraiudicialcm
1172 471 1259 535 intra
1274 490 1393 535 annum
1409 488 1430 534 a
1444 469 1501 535 die

310 594 570 678 interpositionis
602 596 702 681 ipsius
724 596 776 660 vel
801 615 821 660 a
844 595 895 661 die
918 596 998 661 illati
1028 597 1242 682 gravaminis,
1267 596 1321 661 ubi
1344 616 1363 660 a
1386 596 1501 661 futuro

310 720 506 805 gravamine
535 719 724 806 appellatur,
753 723 904 806 prosequi
936 728 969 785 et
999 716 1095 786 finire
1126 726 1255 788 tenetur
1277 719 1497 807 appellans».

311 844 360 909 lbi
389 844 543 909 Pontifex
567 845 741 928 alloquitur
768 846 870 930 ipsum
902 848 1129 933 appellantem,
1154 866 1219 911 non
1249 844 1396 916 iudicem,
1421 847 1498 929 quia

309 969 348 1033 in
376 968 531 1035 ciuilibus
554 970 651 1035 iudex
674 970 819 1056 procedit
841 970 881 1036 ad
905 972 1090 1038 instantiam
1114 973 1262 1058 partium.
1287 972 1331 1037 At
1350 971 1375 1037 sl
1396 970 1498 1039 iudex

309 1092 461 1179 negligat
485 1092 711 1179 obtemperare
743 1094 906 1180 legitimae
929 1096 1122 1183 appellantis
1145 1096 1323 1165 instantiae,
1348 1095 1499 1161 oscitatio

311 1215 429 1281 iudicis
452 1221 502 1281 est
527 1236 592 1281 una
614 1236 657 1282 ex
680 1219 784 1282 causis
812 1196 1047 1304 perpendendis
1071 1221 1103 1283 in
1125 1218 1330 1304 prorogando
1353 1218 1499 1283 termino

312 1338 419 1403 fatali.
444 1338 507 1405 Sed
531 1342 557 1404 si
580 1342 667 1405 intra
689 1345 815 1425 tempus
838 1344 990 1407 statutum
1014 1340 1179 1425 appellans
1202 1339 1352 1405 iudicium
1376 1358 1441 1404 non
1456 1336 1498 1403 fi-

309 1467 408 1533 nierit
432 1503 449 1515 -
481 1466 611 1534 debebit
632 1468 705 1533 eius
728 1468 913 1550 appellatio
937 1467 1070 1534 deserta
1094 1466 1211 1533 habea
1235 1502 1264 1530 ·.

407 1588 483 1653 649.
509 1588 546 1653 ln
564 1606 697 1673 genere,
715 1588 828 1654 satalia
844 1588 1066 1673 appellationis
1083 1589 1150 1653 sive
1166 1608 1188 1653 α
1204 1589 1275 1675 lepe
1290 1588 1360 1652 sive
1375 1586 1418 1653 ub
1434 1586 1497 1653 ho-

317 1707 411 1777 'miae
430 1730 546 1797 nempe
563 1731 584 1776 a
599 1711 711 1778 iudice
726 1717 908 1797 praecepta.
926 1710 1075 1777 ordinata
1090 1719 1165 1778 sunt
1180 1716 1214 1776 ut
1229 1712 1253 1775 si
1271 1710 1497 1796 appellationis

321 1824 445 1901 actibus
460 1854 526 1899 non
542 1833 676 1901 satisfiat
699 1836 785 1901 intra
807 1840 960 1901 statutum
984 1841 1117 1921 tempus,
1134 1834 1305 1922 appellatio
1322 1838 1499 1899 censeatur

313 1957 454 2031 deserta,
472 1965 504 2024 et
520 1960 679 2024 sententia
693 1964 900 2044 pertranseat
921 1959 958 2023 in
979 1978 1054 2025 rem
1077 1958 1272 2025 iudicatam.
1294 1959 1338 2021 At
1360 1957 1397 2022 in
1412 1957 1493 2023 etoi-

308 2081 398 2147 libus
420 2090 533 2167 partes
550 2082 590 2147 ad
607 2102 696 2147 suam
721 2083 905 2147 instantiam
930 2081 1076 2148 obtinere
1101 2090 1241 2167 possunt.
1255 2089 1290 2146 ut
1312 2080 1494 2145 huiusmodi

307 2205 445 2269 termini
463 2212 683 2292 prorogantur
695 2210 751 2271 aut
762 2210 981 2271 coarctentur.
996 2204 1055 2272 Ubi
1068 2226 1147 2270 vero
1163 2206 1270 2291 agitur
1282 2204 1324 2270 de
1337 2202 1422 2270 bono
1429 2222 1493 2286 pu·

307 2326 403 2401 blico,
425 2328 523 2395 iudex
539 2349 581 2393 ex
597 2326 702 2393 officio
718 2328 759 2394 de
775 2329 888 2394 iisdem
907 2328 1087 2394 decernere
1104 2327 1212 2393 debet:
1236 2326 1318 2391 haec
1338 2345 1497 2410 expresse

308 2452 463 2519 iubentur
485 2454 518 2518 in
546 2451 648 2519 Otem.
664 2454 697 2526 4,
714 2456 745 2519 h.
764 2461 784 2519 t.
801 2490 844 2504 -

398 2578 443 2641 At
473 2576 582 2662 lapsus
614 2577 761 2643 fatalium
795 2598 859 2642 nou
890 2578 1037 2643 eumdem
1068 2576 1167 2643 habet
1192 2572 1341 2642 effectum
1372 2574 1405 2637 in
1436 2592 1494 2655 ap-

310 2701 484 2786 pellatione
520 2702 660 2769 iudiciali
694 2710 727 2769 et
760 2704 1008 2769 extraiudiciali.
1047 2704 1090 2766 Et
1124 2702 1188 2767 hoc
1218 2701 1330 2767 sedulo
1365 2699 1493 2765 adverti

307 2823 415 2890 debet
442 2826 537 2907 Nam,
561 2826 660 2911 lapsis
683 2826 847 2900 tatalibus,
872 2826 1031 2893 sententia
1062 2802 1223 2911 appellata
1252 2824 1429 2910 pertransit
1455 2824 1493 2888 in

307 2967 384 3014 rem
409 2949 611 3014 iudicatam.
638 2952 674 3015 lu
700 2948 996 3015 extraiudicialibus
1019 2970 1083 3013 non
1107 2947 1245 3014 habetur
1268 2949 1427 3013 sententia
1444 2950 1493 3013 iu-

304 3070 440 3154 dicialis,
458 3072 537 3138 hinc
554 3094 658 3157 neque
681 3093 737 3139 res
759 3074 911 3141 iudicata
934 3074 1047 3139 haberi
1065 3078 1179 3159 potest.
1196 3108 1240 3121 -
1261 3072 1370 3147 Quare
1393 3072 1494 3159 lapsis

307 3198 470 3273 tatalibus,
496 3198 603 3265 deficit
625 3200 764 3266 medium
787 3200 1024 3287 appellationis;
1054 3200 1110 3266 sed
1134 3200 1197 3265 alia
1220 3199 1327 3265 media
1346 3220 1410 3265 non
1434 3200 1491 3265 de-

304 3331 392 3399 sunt,
414 3325 527 3409 quibus
546 3347 607 3412 per
628 3329 787 3393 actionem
813 3333 870 3393 aut
900 3328 1123 3413 exceptionem
1146 3327 1254 3413 impeti
1281 3294 1412 3393 aliunde
1438 3347 1494 3391 va-

306 3450 352 3516 let
380 3454 472 3514 actus
496 3450 757 3516 extraiudicialis.
783 3452 877 3516 Haeo
900 3453 985 3517 enim
1008 3450 1113 3516 media
1135 3456 1209 3516 sunt
1235 3448 1389 3523 efficacia.
1414 3456 1494 3536 quia

306 3597 373 3642 non
397 3576 617 3642 retunduntur
639 3597 698 3661 per
722 3578 946 3664 exceptionem
969 3578 1218 3663 peremptoriam
1233 3576 1286 3641 rei
1307 3576 1491 3643 iudicatae.

305 3696 344 3763 Id
369 3699 532 3763 evincitur
548 3719 590 3764 ex
607 3718 680 3783 cop.
698 3699 754 3773 84,
780 3700 810 3764 tt.
829 3705 849 3764 t.
866 3700 903 3766 ia
919 3700 951 3776 6,
976 3698 1028 3764 ubi
1047 3700 1161 3765 Glossu
1183 3700 1266 3764 scite
1282 3698 1364 3763 haec
1388 3704 1490 3764 notat:

308 3819 378 3885 «si
410 3820 593 3906 Episcopus
624 3822 774 3887 conterat
803 3823 885 3887 Titio
916 3820 1104 3888 beneficium
1136 3820 1219 3905 quod
1250 3819 1348 3885 habet
1375 3820 1490 3893 Caius,

305 3946 399 4012 Caius
422 3946 475 4011 vel
513 3951 618 4032 potest
648 3949 754 4012 statim
777 3946 818 4012 ab
842 3946 952 4012 habita
973 3948 1087 4012 notitia
1110 3946 1205 4011 huius
1229 3944 1410 4010 collationis
1432 3962 1490 4029 ap-

305 4073 439 4159 pellare,
463 4074 520 4139 vel
547 4078 653 4160 potest
688 4078 865 4159 expectare
899 4072 1002 4139 donec
1024 4076 1159 4139 vocetur
1188 4077 1224 4137 ut
1254 4072 1490 4159 possessionem

304 4197 465 4270 restituat,
494 4202 527 4261 et
552 4198 705 4282 excipere
736 4202 852 4261 contra
879 4196 999 4261 factum
1031 4196 1220 4261 collationis.
1257 4196 1348 4261 Haec
1379 4202 1489 4281 autem

303 4320 454 4403 exceptio
478 4318 609 4384 excludi
634 4338 699 4383 non
722 4323 836 4404 potest,
861 4318 937 4383 licet
960 4318 1071 4384 decem
1092 4318 1160 4384 dies
1180 4317 1262 4404 lapsi
1283 4318 1345 4381 iarn
1365 4316 1490 4386 fuerint

303 4464 324 4506 a
339 4444 452 4509 notitia
468 4442 549 4507 illati
573 4444 783 4528 gravaminis.
801 4443 897 4507 Ratio
914 4442 1128 4507 conclusionis
1148 4446 1206 4518 est,
1227 4442 1301 4528 quia
1323 4441 1488 4527 negotium
