3350 5117
494 309 538 355 DE
562 306 701 356 lUDlCllS
725 308 990 357 nccnnsmsrtcrs

651 574 764 641 Garun
788 575 849 639 llI.

583 750 629 805 DE
651 750 916 805 lllLATIONlBUS.

556 876 606 919 tluc
624 874 716 919 reserat.
731 876 768 919 tit.
782 876 804 930 8,
819 874 859 919 lib.
874 875 906 929 11,
920 876 952 920 Χ.

169 1028 384 1086 summarium.
393 1059 430 1073 -
439 1030 499 1087 366.
511 1032 613 1087 Dilatio
626 1032 715 1087 tendit
726 1033 761 1086 ad
774 1032 972 1102 assignandum
986 1032 1134 1087 terminum
1153 1036 1182 1087 in
1195 1050 1248 1103 qno
1261 1037 1343 1087 actus

248 1139 313 1209 poni
323 1139 432 1207 debeat,
442 1139 487 1195 vel
498 1140 605 1211 lapsum
617 1142 748 1211 temporis
757 1143 833 1195 intra
847 1145 921 1213 qnod
930 1143 994 1211 poni
1006 1142 1113 1197 debeat.
1124 1171 1158 1183 -
1168 1142 1342 1205 367.Quota·

249 1242 330 1311 plicis
348 1245 458 1311 generis
471 1244 530 1298 sint
546 1244 703 1310 dilationes,
716 1262 833 1316 quarum
847 1246 921 1301 aliae
939 1266 957 1301 a
977 1248 1048 1319 lene,
1060 1246 1134 1302 aliae
1152 1264 1170 1300 a
1188 1246 1278 1301 iudice
1292 1263 1341 1300 seu

248 1354 284 1405 ab
296 1354 415 1419 hanina,
426 1354 499 1408 aliae
512 1372 529 1408 a
541 1354 662 1424 partium
674 1356 855 1409 concentione
873 1356 978 1410 directe
996 1360 1168 1425 promanant.
1176 1383 1213 1397 -
1223 1354 1285 1409 368.
1296 1354 1341 1407 Di·

251 1455 371 1512 lationee
384 1458 532 1513 iudiciales
545 1458 635 1529 quoad
648 1460 781 1529 ternporis
800 1458 1017 1528 assignationem
1036 1463 1102 1513 eunt
1118 1460 1295 1513 arbitrariae.
1304 1486 1342 1499 -

251 1562 312 1618 369.
333 1565 487 1621 Dilationes
507 1566 615 1637 lanatas
633 1568 692 1623 lere
710 1585 820 1637 semper
838 1569 983 1623 continent
1005 1571 1229 1641 peremptoriam
1247 1570 1342 1623 termi-

251 1684 316 1721 num
336 1686 353 1722 a
372 1668 436 1740 lege
454 1672 617 1740 praefixum,
629 1688 712 1742 quern
725 1672 807 1726 iudex
824 1672 932 1727 variare
952 1689 1007 1727 non
1025 1673 1109 1727 valet.
1123 1702 1157 1714 -
1170 1672 1231 1726 370.
1251 1672 1281 1725 lu
1301 1673 1342 1725 in·

251 1778 399 1833 dicialibus
416 1778 597 1833 dilationibus
615 1779 797 1835 concedendis
810 1782 893 1835 ambo
911 1781 1056 1850 litigantes
1074 1780 1202 1835 audiendi
1221 1784 1293 1835 sunt
1307 1809 1342 1820 —

249 1880 311 1934 371.
331 1882 453 1937 Effectus
472 1882 645 1937 dilationum.
659 1912 693 1925 -
706 1883 768 1938 372.
787 1883 930 1946 Quomodo
948 1889 1058 1954 tempus
1076 1884 1290 1954 computandum
1306 1884 1343 1937 sit

250 1984 279 2038 in
299 1985 433 2042 dilatione
452 1988 632 2057 assignatum.

250 2168 327 2234 366.
352 2169 454 2235 Actus
469 2169 691 2254 processunles
706 2170 846 2237 ordinati
861 2169 902 2235 ad
925 2172 1095 2235 veritatem
1109 2168 1194 2253 facti
1209 2174 1241 2234 et
1255 2168 1343 2234 inrir

164 2290 388 2377 detegendam,
421 2292 559 2377 ponendi
590 2297 665 2360 sunt
697 2276 845 2359 maxima
870 2297 993 2360 consilii
1028 2296 1222 2360 maturitate.
1256 2293 1343 2358 Hinc

164 2418 309 2501 quamvis
333 2416 530 2503 reipublicae
545 2420 674 2484 intersit
690 2419 807 2485 iudicia
831 2439 925 2503 quam
949 2420 1042 2485 citius
1058 2418 1214 2505 expediri,
1230 2418 1344 2483 nihilo

164 2540 268 2604 minus
291 2541 363 2605 iure
387 2542 523 2626 positivo
547 2544 737 2609 constitutae
754 2549 829 2609 sunt
852 2542 1040 2626 dilationes,
1054 2564 1132 2629 quas
1155 2540 1340 2609 delinimus:

166 2665 333 2731 <iustum
357 2667 518 2749 temporis
533 2668 761 2741 intervallum,
776 2670 822 2735 ad
845 2669 995 2753 aliquam
1019 2675 1131 2735 actum
1147 2667 1343 2735 iudicialem
1428 2702 1431 2708 ·

165 2791 375 2857 commodine
390 2794 650 2875 enpediendnrn,
666 2796 774 2863 actori
786 2798 837 2862 rel
849 2815 909 2862 reo
924 2796 975 2861 rel
989 2796 1093 2861 indici
1104 2814 1298 2861 concessum
1309 2816 1341 2857 ›.

165 2912 309 2981 Effectus
339 2916 500 2983 dilationis
531 2924 579 2983 est
609 2920 780 3005 aliquando
811 2922 978 3005 assignare
1007 2920 1198 2991 teterrinum,
1220 2920 1254 2983 in
1280 2938 1343 3001 quo

164 3044 255 3105 actus
279 3041 351 3125 poni
378 3039 480 3105 debet.
495 3041 606 3107 Veluti
630 3045 656 3107 si
679 3048 770 3107 actus
794 3042 960 3127 ponendus
984 3048 1032 3108 est
1056 3044 1087 3105 in
1112 3048 1203 3107 certa
1219 3042 1274 3107 die
1290 3041 1342 3105 rel

167 3166 251 3231 hora
277 3167 308 3230 in
333 3166 485 3233 dilatione
501 3170 680 3254 assignatis
705 3176 738 3233 et
753 3174 831 3234 tunc
856 3169 1021 3234 terracinae
1036 3168 1240 3253 distinguitur
1257 3189 1276 3232 a
1295 3168 1343 3232 di-

166 3290 306 3373 latione;
323 3296 358 3357 ut
373 3312 458 3361 ecce,
472 3295 498 3357 si
516 3292 668 3378 delegans
684 3292 770 3359 dicat
787 3293 935 3377 delegato
952 3298 985 3358 ut
1001 3299 1174 3378 cognoscat
1189 3293 1228 3357 de
1245 3312 1343 3357 causa

168 3414 227 3479 sibi
260 3416 410 3481 mandata
441 3416 492 3482 die
516 3419 619 3503 prima
649 3420 764 3490 martii,
791 3423 903 3502 utputa
937 3418 1101 3501 trigesima
1131 3416 1182 3481 die
1213 3437 1232 3480 a
1259 3416 1343 3480 dele·

169 3539 309 3621 gellone.
342 3536 523 3621 Aliquando
551 3539 715 3605 terraniano
746 3538 953 3603 contunditur
983 3558 1055 3602 cuni
1080 3539 1147 3623 ipsa
1170 3537 1341 3610 ditatione,

170 3658 297 3743 quando
322 3659 508 3725 decernitur
532 3680 583 3725 ex.
601 3682 631 3745 g.
649 3661 731 3744 quod
756 3666 847 3726 actus
869 3662 944 3747 poni
968 3660 1082 3725 debeat
1105 3664 1190 3725 intra
1209 3661 1343 3745 triginta

171 3783 237 3849 dies
262 3786 294 3848 in
319 3784 470 3851 dilatione
494 3787 681 3871 assignatos.
698 3821 741 3833 —
768 3788 860 3851 Haec
883 3792 959 3851 noto
983 3785 1085 3869 quoad
1109 3786 1344 3850 distinctionem

170 3906 220 3971 vel
246 3907 444 3973 identitatem
470 3908 605 3973 termini
628 3912 660 3971 et
676 3908 860 3988 dilationis,
874 3910 948 3991 quia
971 3906 1054 3992 apud
1071 3907 1134 3970 Di).
1152 3912 1184 3972 et
1206 3908 1239 3969 in
1255 3904 1343 3970 codi-

167 4028 257 4093 cibus
280 4032 396 4115 passim
423 4032 629 4095 nominantur
652 4036 718 4095 tum
744 4031 884 4096 rerinint
908 4037 974 4096 tum
998 4031 1185 4095 dilationes

219 4239 224 4251 Ι
256 4156 332 4221 367.
359 4158 530 4224 Dilatienes
562 4158 872 4243 summittendae,
898 4158 950 4221 rol
979 4158 1168 4232 irnlirintea,
1187 4156 1239 4219 rel
1263 4174 1343 4221 coii-

168 4280 385 4346 contionalem

257 4410 286 4473 A
312 4408 385 4494 lege
408 4409 460 4473 rel
484 4430 503 4473 a
520 4409 749 4474 consuetudine
765 4409 888 4473 forensi
904 4408 1092 4475 conceditur
1113 4409 1280 4493 aliquoties
1296 4407 1343 4472 di-

313 4532 373 4585 Sac.
393 4531 479 4601 Lena.
1167 4532 1200 4582 aa
