3350 5117
319 241 385 307 544
844 261 929 309 rsus
953 262 976 308 r.

319 405 385 451 sam
410 384 598 471 suspicionis
622 383 719 449 iudex
742 388 856 470 sponte
872 404 931 449 sua
954 406 990 450 se
1012 384 1177 450 abstinere
1200 385 1305 461 valet;
1328 385 1412 470 quod
1427 388 1502 453 inre

318 512 496 596 meritoque
513 510 591 575 facit
606 509 647 575 ad
663 509 904 594 praecavendas
919 510 1007 586 litem
1022 512 1068 574 De
1084 510 1181 591 Luca,
1199 510 1252 577 De
1267 512 1339 577 iud.
1356 512 1446 579 Dirc.
1463 510 1499 577 3.

317 657 351 702 a.
377 636 423 701 67
446 636 491 701 ait
514 635 553 699 de
577 634 669 699 curia
691 652 841 697 romana:
873 630 1100 698 «Laudabilis
1129 638 1179 698 est
1209 655 1278 699 mos
1309 639 1344 700 ut
1371 634 1501 720 ipsimet

317 763 437 829 iudices
461 762 587 846 quando
611 762 737 825 ratione
753 761 990 826 coniunctionis
1004 762 1170 847 sauguinis
1192 762 1279 826 inter
1302 762 1423 847 gradus
1438 782 1499 846 per

317 889 424 954 Const.
449 888 560 972 Apost.
585 888 801 971 praescriptos
824 886 912 971 (sunt
934 886 1153 973 suspecti)...
1177 887 1366 951 voluntarie
1397 886 1497 951 absti-

317 1012 431 1083 neant;
456 1008 596 1092 quinimo
619 1008 716 1071 etiam
741 1008 773 1071 in
796 1006 923 1071 casibus
947 1005 1051 1071 dubiis
1078 1005 1110 1071 id
1133 1012 1242 1091 agunt,
1269 1006 1407 1089 ideoque
1431 1024 1497 1069 non

199 1220 201 1227 y
317 1130 356 1197 de
381 1132 467 1195 iacili
490 1131 608 1195 dantur
632 1143 724 1195 casus
748 1135 783 1195 ut
805 1129 846 1194 de
869 1128 932 1193 hoc
956 1128 1171 1194 contendatur
1195 1151 1225 1193 ›.

405 1258 480 1321 550.
506 1254 648 1322 Effectus
671 1255 883 1320 recusationis
908 1257 1002 1319 sunt:

406 1384 437 1461 ll
463 1382 505 1449 Ut
526 1380 685 1466 pendente
709 1380 862 1463 querelae
886 1379 1077 1464 suspicionis
1100 1380 1295 1464 cognitione,
1320 1378 1419 1444 iudex
1441 1400 1496 1445 su-

315 1506 485 1592 persedeat
514 1507 546 1570 in
576 1524 682 1576 causa,
707 1504 769 1569 nisi
799 1504 933 1571 notorie
960 1503 1080 1567 frivola
1103 1503 1144 1568 sit
1174 1504 1333 1587 exceptio.
1359 1502 1392 1569 Si
1415 1522 1498 1567 vero

315 1631 478 1717 procedat,
494 1634 662 1717 quaeritur
676 1651 718 1696 an
734 1635 808 1695 acta
823 1630 954 1695 valeant
965 1630 1018 1694 rel
1034 1649 1100 1694 non
1117 1630 1257 1696 valeant.
1278 1666 1323 1679 -
1335 1630 1416 1695 Mihi
1431 1650 1497 1695 me·

313 1755 376 1820 lior
391 1755 519 1821 videtur
534 1756 692 1821 sententia
715 1758 868 1826 statuens,
882 1753 966 1818 haec
988 1753 1061 1836 ipso
1084 1752 1161 1818 iure
1176 1754 1270 1817 irrita
1286 1772 1378 1827 esse;
1401 1753 1498 1817 iuxta

315 1878 460 1943 Glossam
475 1878 513 1943 in
528 1897 602 1943 cau.
621 1876 753 1947 Quoties
768 1876 819 1948 16,
836 1894 866 1940 u.
883 1876 1055 1958 appellent
1070 1895 1097 1940 c.
1114 1874 1149 1945 2.
1166 1894 1198 1959 q.
1215 1873 1256 1956 2;
1268 1874 1312 1939 ci.
1330 1874 1378 1938 De
1395 1872 1494 1946 Luca,

314 2002 335 2067 l.
353 2024 380 2069 c.
400 2022 433 2067 a.
452 2002 502 2067 71.
522 2002 601 2066 Nam
624 2000 768 2084 quaestio
791 1999 990 2085 suspicionis,
1007 2000 1078 2063 iure
1102 1998 1254 2071 naturali,
1273 2003 1322 2063 est
1345 1998 1497 2082 exceptio

308 2123 577 2209 praeiudiciatis,
602 2122 736 2207 quaeri
761 2140 819 2187 sua
842 2118 943 2185 inlicit
965 2120 1111 2186 valorem
1134 2126 1291 2202 actorum,
1315 2120 1492 2207 prohibens

314 2252 481 2335 quominus
493 2250 628 2313 ulterius
639 2247 770 2334 procedi
782 2250 888 2331 queat.
899 2282 943 2295 -
952 2244 1015 2312 Sed
1027 2243 1135 2331 opinio
1147 2266 1229 2330 quae
1240 2248 1334 2311 tenet
1345 2252 1495 2311 actorum

312 2378 456 2443 valorem
473 2374 615 2459 pendere
627 2394 646 2438 a
658 2374 818 2441 sententia
832 2369 1048 2437 confirmante
1060 2371 1113 2436 vel
1126 2372 1305 2455 repellente
1322 2372 1494 2437 recusatio·

313 2520 386 2565 nem
402 2498 559 2585 probatur
574 2518 593 2562 a
608 2497 750 2584 pluribus
768 2498 957 2572 canonistis;
974 2498 1018 2561 cf.
1040 2492 1261 2577 Reiffenstuel‚
1279 2495 1310 2561 b.
1328 2502 1348 2562 t.
1366 2516 1400 2561 a.
1418 2494 1495 2563 327

312 2644 360 2709 sq.
378 2630 410 2689 et
426 2621 716 2707 Schmalzgrueber
731 2621 763 2685 h.
781 2626 801 2685 t.
817 2642 853 2685 n.
870 2618 947 2685 144.
965 2620 1032 2683 Pro
1048 2620 1142 2705 praxi
1159 2618 1242 2683 haec
1258 2624 1441 2684 teneantur.
1459 2618 1494 2683 Si

312 2748 538 2837 comprobetur
562 2758 660 2813 causa
689 2747 888 2831 suspicionis,
913 2750 990 2810 tnnc
1013 2750 1086 2811 acta
1108 2744 1229 2809 nullius
1260 2750 1335 2809 sunt
1358 2744 1493 2825 valoris,

312 2876 379 2941 sive
402 2880 497 2941 antea
528 2874 689 2939 valuerint
716 2874 784 2938 sive
807 2872 923 2937 minus.
947 2904 992 2920 -
1020 2870 1054 2935 Si
1077 2889 1176 2936 causa
1202 2871 1394 2955 suspicionis
1426 2890 1494 2934 non

311 2993 475 3081 probetur,
499 3000 577 3061 tunc
592 3014 667 3078 pars
691 2994 781 3058 cuius
798 2994 944 3074 interest,
961 2994 987 3057 si
1009 3012 1073 3057 non
1096 2992 1194 3058 instet
1216 3011 1277 3076 pro
1292 2990 1496 3057 declaranda

310 3120 457 3185 nullitate
480 3124 636 3193 actorum,
661 3118 742 3183 haec
773 3117 1003 3185 ratihabitione
1029 3122 1145 3183 sauata
1167 3116 1282 3181 haberi
1306 3114 1433 3181 debent.
1458 3114 1494 3180 Si

310 3248 416 3309 autem
445 3242 618 3308 contendat
639 3246 712 3307 acta
740 3241 831 3305 nulla
853 3263 934 3317 esse,
959 3242 1059 3307 satius
1088 3240 1258 3306 erithace
1291 3241 1410 3306 iterum
1432 3259 1494 3325 po-

311 3386 401 3449 nere,
425 3366 465 3431 ad
491 3366 594 3430 litium
616 3364 768 3451 ambages
791 3365 973 3431 evitandas.

399 3493 433 3578 2)
456 3491 552 3557 Alter
576 3489 707 3557 effectus
731 3496 781 3557 est
804 3496 850 3565 ut,
871 3489 1081 3576 comprobata
1102 3490 1245 3576 legitime
1270 3508 1369 3555 causa
1392 3508 1492 3554 recn-

310 3618 451 3691 sationis,
475 3616 572 3681 iudex
595 3616 809 3703 cognitionem
826 3627 943 3681 causae
959 3615 1151 3700 principalis
1167 3614 1220 3680 vel
1243 3614 1339 3680 alteri
1355 3612 1493 3679 daman-

310 3742 365 3808 det
386 3762 444 3807 seu
467 3740 594 3825 deleget
617 3739 655 3806 de
671 3759 831 3805 consensu
856 3742 1062 3820 recusatoris,
1078 3741 1131 3806 uel
1155 3740 1196 3805 ad
1216 3740 1416 3825 superiorem
1442 3760 1494 3806 re·

310 3864 424 3943 mittat,
448 3866 544 3947 prout
567 3862 716 3927 statuitur
740 3860 792 3926 eit.
819 3879 893 3944 cup.
919 3860 961 3925 61
984 3860 1015 3925 h.
1040 3866 1061 3925 t.
1086 3863 1127 3925 X.
