3350 5117
484 252 528 300 nn
559 250 698 300 1un1cns
728 248 994 299 nccnnsrssrrcrs
1262 226 1329 297 575

141 373 230 459 qnod
254 396 328 440 eum
352 374 496 440 iudicare
519 350 718 462 oportuerat,
735 373 820 439 idem
843 393 928 448 eum,
951 372 1004 457 qui
1027 371 1172 439 subditus
1195 376 1244 437 est
1258 368 1328 456 (seu
1404 369 1408 378 '

141 500 200 583 qui
223 498 439 586 substituitur)
463 500 553 583 sequi
577 502 707 584 oportet
729 519 760 564 >.
789 500 804 525 ⁰

235 623 298 690 Sed
322 642 416 688 nemo
439 642 505 688 non
528 622 624 705 videt,
649 623 682 687 in
706 621 796 687 bisce
820 622 1030 708 surrogandis
1049 623 1196 709 personis
1220 627 1252 686 et
1273 641 1328 687 no·

144 752 232 817 viter
254 748 469 829 admittendis,
490 749 522 815 id
546 769 619 815 cum
643 748 755 834 primis
778 748 956 816 curandum
980 768 1060 822 esse,
1078 757 1114 815 ut
1136 768 1195 835 per
1218 749 1326 835 cogni·

140 874 265 939 tionem
289 869 471 937 iudicialem
502 875 620 956 pateat,
645 869 766 935 nullam
797 868 868 935 fieri
900 870 1057 951 fraudem,
1082 876 1115 935 et
1138 870 1177 935 de
1201 871 1272 936 iure
1295 876 1329 938 et

143 995 289 1080 legitimo
312 991 405 1057 modo
421 992 481 1057 has
505 1010 660 1077 personas
682 991 839 1057 substitui.
858 992 896 1056 In
921 973 984 1057 hoc
999 997 1151 1057 versatur
1169 1011 1268 1056 causa
1282 992 1328 1055 in·

142 1118 268 1185 cidens,

238 1242 320 1317 tinia
343 1262 486 1308 canones
517 1262 582 1307 non
605 1241 792 1327 exprimunt
823 1239 964 1325 aliquam
991 1240 1163 1326 specialem
1188 1239 1327 1305 formam

147 1386 208 1451 pro
231 1366 322 1433 hisce
345 1364 554 1451 expediendis
576 1366 723 1451 negotiis,
744 1362 955 1430 attendantur
977 1383 1017 1428 ea
1039 1383 1121 1448 quae
1145 1364 1329 1449 expostulat

148 1494 268 1555 natura
298 1491 452 1573 cuiusque
483 1491 614 1576 negotii.
640 1490 769 1557 Utiliter
796 1494 905 1555 tamen
932 1507 1013 1573 prae
1039 1487 1141 1553 oculis
1167 1486 1330 1552 habentur

144 1632 231 1696 quae
255 1600 462 1679 acodicibus
485 1613 650 1679 hodiernis
680 1613 791 1679 caveri
815 1613 930 1679 solent.

238 1742 314 1807 590.
339 1742 483 1824 Denique
506 1741 609 1825 quoad
633 1746 734 1827 ipsam
751 1740 816 1805 litis
839 1738 1128 1811 renunciationem,
1150 1759 1214 1803 non
1233 1737 1326 1824 parvi

144 1864 299 1951 ponderis
315 1865 519 1932 incidentalis
535 1866 679 1949 quaestio
692 1865 867 1930 enascitur.
882 1864 951 1929 Non
964 1862 1018 1928 hic
1030 1864 1139 1949 agitur
1150 1862 1327 1928 tantum-de

144 1994 392 2059 renunciatione
415 1992 502 2057 iacta
524 1991 592 2074 ipsi
614 1990 685 2057 iuri
708 1997 935 2061 controuerso,
960 1991 1041 2054 adeo
1064 1995 1099 2055 ut
1122 1995 1194 2075 post
1215 1990 1326 2055 huius-

144 2117 232 2183 modi
257 2118 477 2203 interpositam
503 2118 790 2189 renunciationem,
808 2115 922 2180 iudicis
938 2115 1069 2181 decreto
1093 2114 1325 2197 confirmatam,

143 2241 187 2306 de
210 2260 249 2305 ea
272 2259 309 2304 re
333 2240 470 2325 amplius
485 2241 519 2304 in
542 2238 658 2304 iudicio
681 2240 733 2325 agi
758 2260 823 2303 non
847 2238 963 2325 possit;
988 2237 1043 2303 sed
1064 2240 1204 2303 maxime
1220 2240 1327 2325 agitur

140 2364 185 2429 de
211 2362 454 2427 renunciatione
478 2362 565 2426 facta
580 2360 762 2428 instantiae
784 2360 940 2428 iudiciali
962 2380 1020 2426 seu
1043 2361 1219 2446 processui,
1236 2361 1326 2425 salvo

141 2490 219 2553 iure
242 2504 358 2549 novam
382 2489 495 2569 postea
517 2482 716 2551 instaurandi
741 2484 938 2557 instantiam,
963 2483 989 2547 si
1004 2482 1147 2548 libuerit.
1165 2482 1237 2547 Hoc
1257 2503 1325 2568 per·

139 2608 261 2695 agendi
278 2628 341 2673 non
366 2628 430 2673 una
452 2613 643 2695 potestesse
667 2609 759 2674 ratio.
778 2608 810 2675 Si
835 2608 915 2691 quis,
928 2608 985 2673 lite
1001 2609 1181 2673 instaurata
1197 2628 1239 2673 ex
1254 2628 1326 2693 pro

140 2755 239 2800 cessu
262 2753 389 2815 causae,
414 2739 589 2819 cognoscat
604 2752 640 2799 se
663 2734 756 2799 modo
779 2735 990 2801 validioribus
1012 2735 1139 2801 destitui
1163 2736 1324 2821 probatio-

138 2858 248 2941 nibus,
266 2878 344 2943 quas
367 2863 480 2944 postea
495 2861 650 2945 temporis
667 2879 844 2945 progressu
861 2858 958 2925 facile
981 2860 1041 2925 sibi
1065 2881 1257 2946 comparare
1273 2883 1325 2927 va·

138 3090 236 3159 iisque
254 3090 283 3142 in
302 3088 429 3143 terminis
442 3090 544 3161 quibus
556 3093 691 3145 versatur.
702 3118 736 3132 -
746 3090 900 3161 Progressa
914 3090 973 3146 litis
984 3092 1131 3146 vocabitur
1149 3093 1325 3163 supradictus

139 3195 317 3264 procurator,
331 3191 384 3245 nisi
402 3191 479 3246 aliud
497 3196 674 3263 prospectum
686 3194 725 3247 sit
743 3194 821 3250 iuxta
839 3198 1002 3265 sequentem
1021 3186 1225 3249 articulum-
1237 3197 1325 3250 Actus

138 3312 212 3353 vero
231 3296 279 3368 qui
297 3298 371 3367 parti
383 3296 567 3352 denunciandi
586 3302 660 3365 sunt,
673 3298 797 3355 defuncti
810 3298 906 3354 heredi
919 3300 1121 3355 denunciantur
1140 3304 1190 3355 ant
1202 3301 1324 3355 curatori

139 3402 223 3457 illius
241 3402 288 3474 qui
307 3406 398 3457 status
415 3404 601 3460 mutationem
620 3420 715 3475 passus
735 3410 778 3460 est
796 3420 821 3463 n.
842 3408 903 3459 Art.
921 3405 991 3459 968:
1016 3418 1035 3459 et
1053 3406 1082 3459 Si
1101 3406 1224 3461 defuncti
1243 3405 1326 3463 heres

137 3500 196 3564 aut
214 3510 301 3579 partis
320 3515 440 3577 curator,
459 3510 527 3580 ipse,
546 3511 658 3566 nemine
676 3528 735 3577 suo,
755 3510 835 3567 litem
854 3512 982 3582 prosequi
1001 3512 1136 3578 intendat,
1155 3512 1238 3567 alteri
1250 3515 1322 3583 parti
1382 3523 1385 3529 ’

136 3616 314 3669 denunciare
331 3616 414 3671 debet
431 3616 497 3670 novi
515 3618 702 3686 procuratoris
721 3618 965 3681 constitutionem
984 3623 1034 3672 aut
1052 3619 1244 3688 praecedentis
1256 3636 1324 3674 con·

136 3722 341 3778 firmationem.
361 3752 396 3765 -
415 3724 503 3778 lictus
521 3724 745 3779 denunciationis
770 3727 873 3781 referet
891 3744 992 3781 novum
1011 3728 1173 3781 mandatum
1191 3744 1323 3797 procura·

137 3828 286 3885 tonum».
306 3829 366 3882 Art.
380 3828 447 3883 909:
466 3842 483 3882 a
497 3829 527 3883 ln
541 3846 606 3884 casu
619 3830 726 3898 mortis,
739 3831 928 3900 suspensionis
946 3836 997 3886 aut
1009 3831 1172 3887 cessationis
1185 3832 1220 3886 ab
1234 3832 1324 3886 officio

135 3935 342 4009 procuratoris,
356 3935 505 3990 tribunalis
522 3953 635 4007 praeses
653 3938 701 4008 qul
720 3937 801 3991 illum
819 3938 991 4008 adprobavit,
1005 3939 1108 4008 poterit
1125 3939 1275 3995 decernere
1293 3947 1325 3995 ut

134 4042 260 4112 negotia
278 4042 338 4097 cius
356 4043 511 4112 patrocinio
530 4044 685 4111 commissa,
699 4050 877 4099 assumantur
894 4048 930 4099 ab
949 4045 1006 4101 alio
1021 4051 1211 4116 procuratore,
1221 4048 1268 4119 qui
1281 4049 1324 4103 in·

134 4147 226 4205 terim
246 4152 394 4203 censeatur
411 4152 574 4219 surrogatus
593 4148 627 4203 ad
645 4165 742 4204 omnes
760 4152 876 4206 effectus
898 4153 1079 4220 necessarios,
1098 4168 1241 4224 quousque
1260 4170 1324 4223 pars

132 4254 224 4311 illurn
243 4254 391 4306 confirmet
410 4256 458 4306 aut
476 4270 578 4309 novum
598 4249 753 4309 constituat
771 4261 1031 4325 procuratorem...
1050 4274 1069 4313 ›
