3350 5117
29 354 31 443 J
514 356 557 405 us
581 356 720 405 runicus
743 355 1008 403 coonusmsmcrs
1287 334 1354 401 405

29 474 31 511 ¹
174 481 248 550 beat
270 481 339 547 dies
362 502 382 545 a
404 502 466 565 quo
489 480 598 545 dilatio
622 481 741 565 incipit.
767 514 811 529 -
835 479 874 544 In
896 497 1027 564 genere,
1051 476 1161 542 dilatio
1192 494 1349 541 concessa

171 604 308 677 absenti,
333 604 385 669 vel
408 603 553 669 eamdem
575 604 718 689 legitime
748 603 921 689 ignoranti,
946 621 1011 667 non
1042 601 1146 666 currit
1168 599 1230 664 nisi
1254 596 1352 663 adia

170 726 336 811 legitimae
356 724 624 801 denunciationis;
643 724 781 809 Pirhing
800 722 830 789 h.
849 728 869 788 t.
887 743 920 788 u.
938 722 989 799 19,
1007 742 1080 787 cum
1097 720 1268 786 communi.
1286 718 1350 786 Sed

171 850 243 917 dies
273 850 527 917 denunciationis
558 846 782 935 computatur?
807 848 949 915 Proinde
972 848 1172 913 resolvamus
1195 846 1353 931 quaestio-

174 992 249 1039 nem
265 974 462 1060 generalem,
480 972 607 1057 quando
622 970 731 1038 dilatio
746 970 924 1037 decurrere
939 971 1079 1055 incipiat.
1098 1006 1142 1019 -
1158 969 1230 1034 Hac
1246 967 1287 1033 de
1303 988 1351 1040 re.

173 1098 290 1183 regula
305 1102 354 1163 est
369 1133 384 1145 ·
396 1096 468 1163 dies
483 1096 620 1163 termini
636 1094 668 1181 (a
683 1096 757 1181 quo)
772 1116 843 1163 nou
859 1100 1076 1180 computatur
1086 1094 1123 1160 iu
1135 1092 1280 1159 lumino
1296 1090 1351 1178 (ad

173 1220 294 1307 quem),
310 1256 326 1268 ·
342 1221 417 1304 quia
432 1222 465 1286 in
482 1222 552 1287 iure
567 1221 701 1307 positivo
717 1220 799 1286 baec
815 1227 864 1286 est
879 1220 1044 1286 ordinaria
1060 1219 1253 1305 computatio
1269 1222 1353 1283 tem·

176 1349 273 1434 poris,
291 1352 326 1412 ut
340 1326 467 1431 quando
479 1353 596 1435 agatur
612 1348 651 1413 de
667 1348 773 1431 aliqua
788 1346 983 1433 obligatione
1000 1345 1212 1431 adimplenda,
1224 1357 1351 1431 tempus

174 1476 320 1543 ciuiliter
335 1480 546 1561 computetur,
564 1496 679 1561 nempe
702 1495 722 1540 a
741 1474 847 1541 media
861 1480 956 1539 nocte
972 1473 1034 1538 diei
1054 1475 1260 1558 insequentis.
1277 1474 1354 1539 Dixi

175 1598 340 1679 ciuiliter3
363 1618 437 1662 nam
468 1598 662 1663 naturaliter
689 1602 814 1683 tempus
846 1597 990 1663 decurrit
1020 1601 1054 1662 et
1083 1601 1288 1681 computatur
1311 1595 1356 1660 de

177 1726 347 1788 momento
371 1722 417 1786 ud
440 1727 657 1787 momentum.
675 1720 816 1787 Athaco
839 1722 1032 1807 computatio
1056 1740 1121 1783 non
1136 1724 1275 1791 tenetur,
1290 1719 1353 1785 nisi

176 1864 237 1929 pro
253 1844 361 1927 aliqua
383 1843 577 1929 obligatione
600 1864 670 1908 eam
686 1845 734 1908 ius
751 1844 920 1928 positivum
941 1843 1092 1927 imponat,
1109 1844 1145 1905 ut
1159 1840 1281 1906 factum
1304 1843 1354 1904 est

178 1988 238 2054 pro
254 1967 458 2034 dilationibus
481 1968 653 2055 legalibus,
678 1972 789 2053 utputa
812 1986 872 2053 pro
888 1965 1043 2030 decendio
1066 1964 1108 2029 ad
1126 1962 1354 2049 appellandum

177 2092 361 2163 constituto,
385 2091 468 2175 quod
492 2089 637 2156 decurrit
659 2111 679 2154 a
701 2096 864 2158 momento
895 2090 1050 2154 recitatae
1073 2087 1262 2159 sententiae,
1286 2105 1353 2149 non

178 2234 200 2277 a
217 2213 269 2279 die
293 2216 498 2297 insequente;
523 2214 566 2279 cf.
583 2212 735 2287 Barbosa,
753 2212 940 2279 Automula
964 2211 1015 2286 71,
1032 2212 1066 2291 5,
1080 2216 1113 2275 et
1130 2206 1357 2282 Reiffenstuel,

179 2337 229 2401 De
252 2338 388 2419 appeti,
413 2337 475 2402 110
503 2355 570 2421 seq.
595 2338 640 2402 At
663 2338 759 2401 etiam
791 2336 823 2400 in
855 2333 1058 2399 dilationibus
1089 2331 1269 2418 tegetibus,
1294 2332 1355 2397 etsi

177 2466 305 2547 tempus
331 2460 535 2526 naturaliter
565 2466 786 2545 computatur,
811 2460 955 2542 aequitas
982 2459 1140 2521 canonica
1169 2453 1296 2520 induxit
1319 2459 1354 2520 ut

179 2584 290 2649 dilatio
307 2590 478 2649 censeatur
501 2585 653 2669 expirare
675 2590 800 2649 tantum
823 2585 857 2647 in
880 2588 1042 2667 postremo
1065 2583 1225 2645 momento
1248 2578 1354 2643 ultimi

178 2708 254 2791 diei,
283 2711 317 2773 in
347 2695 523 2793 quoactus
547 2712 623 2795 poni
647 2709 744 2776 valet.

272 2833 446 2907 Quaeritur
468 2834 494 2897 si
518 2838 680 2919 postrema
711 2833 870 2897 dilationis
902 2831 968 2895 dies
1001 2836 1048 2895 est
1076 2830 1202 2902 feriata,
1227 2828 1355 2913 quaudo

180 2934 274 3025 actus
297 2960 371 3044 poni
391 2959 515 3026 debeat.
533 2996 576 3009 -
589 2962 743 3049 lamvero⁸
761 2958 921 3023 distinctio
937 2954 1118 3021 adhibenda
1141 2961 1199 3020 est.
1218 2955 1299 3019 Nam
1322 2956 1357 3019 in

181 3084 386 3151 dilationibus
408 3084 572 3171 legalibus
594 3090 650 3151 aut
673 3087 769 3150 etiam
792 3082 1017 3162 iudicialibur,
1032 3084 1065 3145 in
1092 3080 1205 3164 quibus
1228 3084 1357 3165 tempus

181 3209 327 3301 absolute
354 3210 539 3273 continuum
570 3208 775 3281 conceditur,
800 3208 827 3271 si
858 3212 1021 3289 postrema
1051 3204 1119 3269 dies
1150 3209 1199 3269 est
1230 3203 1357 3283 feriata,

151 3330 154 3337 ’
181 3338 275 3398 actus
297 3334 372 3417 poni
388 3330 483 3397 debet
505 3331 556 3396 die
571 3330 790 3405 antecedenti;
809 3331 883 3413 quia
900 3334 1025 3413 tempus
1048 3327 1234 3391 continuum
1250 3326 1355 3390 curr‘t

183 3456 345 3543 impedito.
359 3456 470 3529 ¹Secus
492 3476 582 3536 vero,
606 3457 632 3519 si
654 3460 780 3541 tempus
803 3454 965 3519 dilationis
987 3454 1028 3518 sit
1051 3451 1138 3531 utile,
1152 3448 1236 3534 quod
1261 3450 1362 3534 impe·

181 3583 249 3649 dito
280 3601 346 3645 non
376 3581 489 3645 currit.
512 3616 556 3629 -
579 3580 688 3654 Quare
718 3581 889 3664 praecipue
919 3576 1117 3662 inspicienda
1144 3579 1193 3638 est
1219 3575 1354 3639 intentio

183 3704 391 3771 concedentis
413 3702 597 3767 dilationem
621 3722 677 3768 seu
693 3706 788 3766 tenor
803 3700 924 3766 decreti
942 3699 1125 3763 dilationem
1141 3696 1357 3762 concedentis.

183 3830 233 3895 ef.
260 3826 558 3913 Schmalzgrueber,
583 3828 633 3892 De
656 3826 760 3906 cluat,
785 3845 818 3890 u.
843 3826 893 3889 25
917 3843 984 3908 seq.
1011 3821 1074 3908 (l).

276 4360 316 4431 (l)
334 4360 374 4413 cf.
395 4359 502 4414 Decret.
522 4359 588 4413 Gon.
609 4357 682 4411 Trid.
702 4372 768 4419 sess.
789 4357 824 4407 13
845 4374 866 4409 c.
885 4355 907 4406 3
927 4354 968 4408 De
987 4357 1041 4424 ref.
1062 4358 1091 4409 et
1112 4349 1193 4407 decis.
1214 4352 1240 4406 S.
1260 4351 1290 4403 C.
1311 4350 1367 4404 Eli.

185 4464 216 4516 et
235 4462 295 4516 RR.
314 4463 355 4515 20
374 4464 446 4531 Aug.
467 4462 574 4515 1681-
595 4462 623 4515 in
642 4460 726 4513 Ληαί.
747 4459 805 4511 lur.
826 4458 904 4511 Pout.
925 4457 956 4510 P.
977 4456 1063 4522 XIII,
1084 4457 1130 4521 51,
1152 4455 1213 4508 116.
