3350 5117
320 295 387 361 468
847 316 930 363 raas
956 316 978 362 r.

321 442 502 508 huiusmodi
519 442 687 507 obser-rari
700 443 889 507 volentes...
903 464 934 505 s.
947 443 985 507 ln
997 442 1155 506 hodierna
1167 443 1263 527 praxi
1275 444 1382 528 potius
1392 462 1503 507 sermo

322 567 462 633 habetur
477 565 517 631 de
533 565 730 651 simplicibus
746 563 1063 651 interrogationibus,
1076 583 1159 647 quae
1175 585 1240 629 non
1252 564 1499 630 disconveniunt

318 709 339 753 a
362 686 582 773 positionibus,
606 685 776 751 dummodo
800 685 910 750 clarae
933 691 966 749 et
988 686 1150 769 simplices
1173 686 1238 749 sint
1258 705 1388 750 omnem
1410 684 1502 751 trau·

318 812 391 877 dem
415 818 449 879 et
473 812 711 899 ambiguitatem
735 813 906 898 fugientes.

409 940 485 1003 444.
504 940 542 1005 ln
559 958 712 1023 processu
725 958 795 1003 can.
811 940 907 1003 etiam
924 940 958 1003 in
973 940 1079 1004 causis
1096 938 1243 1004 civilibus
1259 938 1354 1004 iudici
1370 956 1503 1023 semper

320 1064 482 1148 integrum
507 1070 556 1129 est
579 1065 785 1149 interrogare
801 1064 982 1149 litigantes;
1006 1065 1098 1129 iuxta
1112 1064 1306 1149 principium
1322 1064 1393 1127 iure
1417 1082 1498 1126 rom.

320 1189 527 1252 enunciatum
542 1188 583 1281 ¹in
608 1190 629 1253 l.
645 1188 690 1251 21
710 1188 812 1271 fflDe
835 1188 998 1275 interr-op.
1015 1189 1052 1253 in
1075 1189 1151 1252 iure
1162 1188 1253 1270 fac.;
1267 1207 1401 1273 nempe:
1425 1186 1503 1253 obi-

319 1330 466 1396 tumque
487 1310 634 1377 iudicem
657 1311 811 1395 aequitas
826 1310 980 1383 movebit,
996 1331 1105 1396 aeque
1119 1318 1277 1393 oportere
1297 1311 1376 1397 fieri
1396 1310 1501 1376 inter·

316 1436 531 1522 rogationem
554 1434 697 1502 dubium
719 1454 789 1501 non
812 1442 870 1501 est.
887 1436 1014 1500 Verum
1037 1436 1071 1501 in
1096 1435 1243 1501 civilibus
1258 1437 1406 1521 negotiis,
1423 1436 1505 1520 quia

316 1562 480 1647 negotium
511 1566 560 1627 est
589 1563 761 1647 privatum,
786 1566 818 1626 et
842 1563 875 1625 in
898 1560 950 1625 his
972 1563 1075 1646 magis
1104 1560 1292 1646 proceditur
1314 1560 1356 1625 ad
1379 1562 1498 1625 instan-

314 1686 393 1761 tiam
416 1688 567 1772 partium,
584 1687 855 1772 interrogationes
877 1684 949 1751 fieri
968 1687 1082 1758 solent,
1096 1687 1123 1750 si
1147 1688 1235 1771 ipsae
1257 1693 1368 1771 partes
1391 1692 1501 1771 postu-

315 1806 401 1886 lant;
427 1814 460 1874 et
482 1809 611 1895 planum
636 1814 686 1875 est
708 1809 764 1893 (l).

406 1936 443 2001 ln
467 1936 596 2019 scriptis
619 1954 639 1998 a
661 1940 753 2019 parte
771 1935 1043 2020 interrogationes
1058 1930 1170 1997 offerri
1186 1932 1305 1997 debent
1320 1932 1429 2032 iudici
1440 1934 1498 2017 qui

317 2066 363 2129 uti
387 2068 495 2149 posset
518 2062 680 2147 denegare
703 2061 891 2125 facultatem
915 2059 1146 2145 interrogandi,
1171 2061 1197 2123 si
1221 2059 1284 2123 boc
1315 2058 1501 2145 expediret

317 2194 363 2257 ita
386 2190 482 2257 debet
504 2191 572 2275 ipse
595 2188 776 2275 approbare
792 2188 914 2253 formas
929 2188 1229 2273 interrogationum.
1255 2188 1293 2250 ln
1315 2188 1398 2252 actis
1420 2207 1497 2252 con·

317 2338 406 2398 stare
429 2329 525 2395 debet
547 2329 586 2393 de
610 2328 724 2393 iudicis
747 2327 879 2393 decreto
894 2326 1093 2411 approbante
1113 2326 1355 2412 interrogatorii
1379 2346 1501 2411 propo-

313 2455 461 2519 sitionem
487 2456 520 2517 et
541 2436 678 2516 formam
694 2448 984 2535 interrogationum
999 2448 1052 2513 rel
1072 2448 1380 2533 positionum.'Nihil
1404 2454 1496 2513 vetat

313 2581 483 2664 quominus
505 2575 812 2661 interrogationibus
829 2576 1026 2639 misceantur
1042 2575 1136 2638 etiam
1153 2575 1337 2659 positiones,
1352 2594 1435 2659 quae
1450 2575 1500 2640 ab

313 2704 376 2770 illis
398 2699 551 2768 differunt
574 2699 614 2764 ob
638 2700 773 2763 formam
790 2697 1016 2793 affirmativam
1031 2704 1272 2762 asseverantem
1289 2697 1417 2783 aliquod
1440 2698 1496 2764 ia·

312 2831 409 2892 ctum.
423 2828 474 2892 lta
485 2844 504 2891 a
516 2824 621 2889 iudice
636 2821 846 2907 approbatum
859 2823 1156 2906 interrogatorium,
1169 2820 1210 2885 ab
1225 2824 1294 2906 ipso
1308 2821 1360 2886 vel
1373 2820 1413 2887 ab
1425 2820 1498 2887 alio

312 2950 416 3016 iudice
432 2948 578 3033 delegato
594 2967 652 3011 seu
668 2948 863 3011 instructore
879 2948 1069 3032 proponitur
1080 2948 1177 3013 alteri
1189 2947 1284 3031 parti,
1297 2966 1380 3030 quae
1392 2950 1494 3012 antea

311 3074 509 3143 commoneri
525 3072 620 3138 debet
643 3072 683 3137 de
707 3072 958 3155 interrogatorio
975 3071 1033 3153 ipsi
1050 3068 1269 3155 proponendo,
1282 3088 1344 3134 nec
1359 3087 1425 3133 non
1448 3069 1499 3137 de

310 3195 362 3262 die
386 3202 418 3263 et
441 3198 512 3261 loco
536 3216 598 3279 quo
622 3194 700 3261 illud
722 3194 830 3260 subire
855 3193 979 3259 debeat.
1006 3195 1086 3259 Nam
1109 3195 1137 3259 si
1160 3193 1288 3258 adesset
1310 3192 1496 3278 legitimumv

311 3324 658 3409 impedimentum-quo
680 3322 786 3385 minus
809 3320 861 3384 die
884 3325 917 3385 et
938 3320 1011 3386 loco
1034 3324 1153 3387 statuto
1184 3319 1406 3404 responderet,
1430 3339 1497 3404 po—

308 3452 372 3514 test
395 3449 427 3511 in
451 3448 547 3511 alium
572 3446 656 3511 diem
679 3444 928 3531 interrogandus
948 3445 1124 3529 expectari.
1141 3443 1225 3507 Item
1241 3444 1418 3508 necessitas
1432 3444 1491 3509 vel

308 3569 532 3654 opportunitas
556 3568 691 3651 exigunt
714 3564 885 3653 aliquando
909 3569 945 3629 ut
968 3566 1019 3629 vel
1045 3566 1112 3649 ipse
1142 3563 1241 3628 iudex
1263 3570 1321 3628 aut
1343 3565 1413 3629 eius
1435 3561 1497 3627 de-
1527 3560 1529 3562 ’

307 3692 433 3779 legatus
457 3690 553 3755 adeat
576 3690 661 3753 illius
685 3687 878 3753 domicilium
902 3692 1098 3773 excepturus
1122 3688 1224 3773 partis
1249 3687 1492 3771 responsiones.

397 3814 472 3880 445.
498 3816 536 3879 ln
560 3814 645 3877 hanc
669 3832 738 3877 rem
762 3817 910 3877 notetur:

397 3935 427 4020 1)
452 3936 655 4021 quaestiones
678 3934 763 4019 parti
787 3932 906 3998 debent
928 3932 1065 4017 proponi
1087 3935 1212 3999 tantum
1237 3935 1312 3997 actu
1342 3931 1491 3996 interro—

304 4065 432 4152 gatorii,
457 4084 520 4128 non
545 4068 658 4138 antea;

391 4240 430 4308 (l)
452 4239 492 4292 Ea
511 4244 608 4293 contra
627 4239 656 4291 in
676 4236 795 4306 negotiis
809 4234 1001 4289 criminalibus
1019 4250 1069 4288 seu
1088 4218 1312 4302 disciplinaribus
1325 4232 1407 4286 iudex
1426 4248 1489 4285 ma·

304 4348 378 4402 xime
404 4346 528 4417 procedit
547 4363 583 4400 ea
603 4345 691 4414 officio
711 4344 744 4397 ad
763 4342 919 4397 huiusmodi
945 4342 1174 4411 interrogatoria.
1195 4342 1235 4395 cf.
1257 4340 1323 4395 last.
1346 4343 1373 4395 S
1395 4341 1421 4395 G.
1441 4340 1491 4394 De

304 4452 387 4522 Prop.
412 4452 479 4506 Fide
499 4455 528 4505 in
546 4467 610 4521 app.
633 4450 711 4503 Cooc.
727 4451 808 4518 plen.
827 4449 902 4503 Balt.
925 4447 977 4500 III
990 4466 1015 4502 α.
1036 4449 1124 4502 1884.
