3350 5117
292 268 359 331 526
819 286 903 335 anas
928 289 949 333 r.

291 428 315 473 a
338 408 458 483 iudae,
482 418 514 477 et
537 411 613 475 hino
636 410 876 497 distinguuntur
907 414 1185 498 praesumptiones
1211 411 1299 477 iuris
1325 418 1358 478 et
1380 430 1471 497 prae

293 535 488 617 sumptiones
513 534 658 601 bominis
677 555 734 613 seu
757 534 890 602 iudicis.
1298 504 1303 514 ’

383 656 576 723 521.1uris
601 658 899 742 praesumptiones
928 658 1005 725 illae
1033 666 1115 731 sunt,
1149 678 1228 744 quas
1250 660 1305 725 lex
1337 659 1407 745 ipsa
1428 678 1472 723 ex

293 781 393 845 certis
416 780 512 845 factis
538 780 675 855 deducit
696 784 740 847 ita
765 790 798 847 ut
821 783 885 847 iam
909 782 1071 849 habeatur
1097 804 1157 869 pro
1180 804 1260 849 vero
1282 791 1316 849 et
1337 783 1472 869 probato

294 904 378 987 quod
401 904 457 971 lex
480 908 638 993 supponit,
662 914 737 973 ante
765 925 999 991 quamcumque
1024 908 1254 996 probationem.
1280 906 1471 974 Huiusmodi

296 1051 376 1100 vero
392 1032 479 1098 iuris
493 1034 770 1118 praesumptiones
785 1033 869 1098 aliae
885 1043 961 1100 sunt
971 1036 1104 1121 proprie
1119 1036 1206 1102 iuris
1217 1035 1357 1120 positivi
1361 1055 1375 1118 ,·
1390 1034 1474 1100 aliae

187 1133 189 1151 ἶ
297 1126 402 1241 potius
425 1156 510 1221 iuris
533 1156 723 1239 naturalis5
747 1156 846 1223 veluti
878 1177 978 1223 nemo
1004 1159 1244 1241 praesumitur
1274 1160 1387 1224 matus
1408 1159 1476 1223 uisi

293 1278 467 1361 probetur.
493 1280 645 1362 Proinde,

391 1407 420 1490 Ι)
445 1406 650 1473 immediatus
674 1402 806 1472 effeetus
830 1408 964 1471 istarum
989 1409 1284 1493 praesumptionum
1308 1407 1476 1477 satillum

298 1532 350 1595 cui
374 1531 485 1595 favent
509 1530 660 1597 relevare
683 1530 722 1595 ab
746 1552 847 1597 onere
870 1530 1026 1617 probandi
1044 1552 1133 1597 suam
1157 1534 1377 1613 intentionem,
1402 1552 1477 1597 eum

255 1628 265 1647 ’
299 1655 368 1739 ipsa
383 1653 438 1717 lex
454 1656 498 1718 ita
513 1674 722 1738 praesumens
737 1676 796 1740 pro
813 1658 880 1741 ipso
897 1655 1028 1741 probet:
1047 1656 1088 1722 ef.
1105 1678 1133 1723 e.
1150 1677 1178 1723 e.
1194 1658 1239 1721 10
1255 1656 1286 1722 h.
1304 1663 1326 1723 t.
1342 1657 1378 1721 X
1391 1662 1423 1721 et
1436 1658 1475 1729 2,

301 1777 350 1843 De
372 1782 450 1843 rest.
474 1796 524 1861 sp.
549 1778 587 1843 iu
610 1779 642 1843 6.

388 1903 422 1987 2)
447 1902 509 1969 Sed
533 1924 596 1967 non
621 1923 748 1990 semper
772 1902 884 1969 eadem
908 1905 1205 1989 praesumptionum
1229 1910 1278 1969 est
1294 1906 1342 1970 vis
1365 1903 1480 1989 proba-

300 2029 384 2103 tiva;
407 2049 482 2093 nam
506 2048 635 2113 semper
659 2030 805 2094 relevant
828 2036 1027 2094 asserentem
1051 2028 1180 2113 aliquod
1205 2029 1327 2095 factum
1350 2035 1407 2094 aut
1430 2030 1479 2094 ius
1519 2076 1543 2099 ,.

298 2152 570 2234 praesumptioni
592 2152 679 2216 iuris
694 2154 839 2217 innixum
864 2151 903 2216 ab
927 2171 1028 2216 onere
1054 2152 1137 2217 idem
1153 2152 1327 2238 probandi;
1351 2152 1408 2218 sed
1423 2153 1482 2216 ali-

301 2271 429 2355 quando
452 2275 641 2358 permittunt
664 2274 861 2340 contrariam
877 2272 1100 2358 probationem
1123 2273 1163 2338 ad
1187 2273 1415 2339 destruendam
1440 2273 1482 2338 le-

302 2396 415 2479 palem
434 2397 701 2536 praesumptionis
724 2395 956 2482 probationem,
980 2396 1152 2479 aliquando
1168 2394 1288 2462 nullam
1309 2396 1483 2463 admittunt

302 2528 500 2589 contrariam
524 2523 755 2607 probationem.
774 2523 846 2587 Hae
868 2527 1051 2605 postremae
1074 2522 1229 2587 dicuutur
1251 2522 1484 2607 praesumptio·

304 2643 362 2711 nes
384 2647 470 2735 iuris
493 2652 525 2711 et
548 2648 587 2713 de
610 2648 706 2730 iure;
729 2665 787 2711 seu
809 2647 896 2713 iuris
918 2647 993 2729 quia
1016 2667 1036 2711 a
1057 2646 1129 2733 lege
1153 2644 1303 2712 inductae
1326 2653 1411 2719 sunt,
1436 2646 1482 2711 de

304 2772 379 2838 iure
402 2792 482 2837 vero
505 2774 579 2855 quia
594 2771 757 2838 affirmant
779 2775 830 2838 ius
846 2771 974 2837 firmum
997 2777 1031 2837 et
1053 2779 1189 2845 eertum,
1214 2777 1247 2836 et
1263 2792 1323 2857 pro
1343 2772 1486 2836 veritate

305 2896 476 2963 habentur.
501 2896 594 2961 Aliae
617 2896 814 2962 contrariam
831 2896 1054 2981 permittentes
1078 2894 1310 2999 probationem,
1333 2894 1488 2962 dieantur

306 3022 495 3106 simpliciter
514 3022 811 3104 praesumptiones
834 3020 932 3086 iuris.

397 3144 471 3211 522.
497 3145 656 3231 Exempla
678 3147 947 3232 praesumptionis
970 3146 1057 3212 iuris
1079 3152 1214 3226 tantum,
1238 3144 1419 3215 habentur:

401 3266 430 3352 Ι)
455 3270 486 3332 in
510 3288 583 3351 cap.
616 3270 684 3354 fia,
709 3268 759 3334 De
785 3268 935 3354 presbyt.
960 3288 1030 3334 nou
1058 3269 1147 3351 bapt.
1180 3269 1214 3332 X
1235 3268 1308 3351 (ΙΙΙ,
1342 3266 1407 3350 43),
1433 3265 1488 3331 ubi

309 3391 526 3477 praesumitur
548 3390 725 3476 baptizatus
756 3391 809 3475 qui
842 3392 927 3455 iuter
957 3392 1152 3455 christianos
1183 3391 1277 3455 natus
1301 3394 1334 3455 et
1362 3387 1487 3453 educa-

308 3516 359 3581 tus
383 3520 449 3590 est;

399 3642 432 3724 2)
458 3643 491 3705 in
514 3660 588 3724 cap.
612 3662 682 3721 uu,
708 3643 757 3708 De
779 3642 872 3725 desp.
895 3641 1022 3725 impub.
1045 3640 1083 3706 iu
1106 3640 1130 3705 6
1152 3640 1224 3724 (IV,
1250 3639 1295 3724 2),
1319 3638 1373 3705 ubi
1398 3657 1491 3723 prae-

310 3770 447 3834 sumitur
471 3790 528 3833 usu
553 3768 688 3833 rationis
704 3767 866 3853 praeditus
889 3769 942 3851 qui
966 3769 1134 3853 septimum
1157 3767 1273 3830 aetatis
1297 3784 1416 3829 annum
1435 3764 1493 3827 im-

311 3892 411 3977 plevit
434 3896 491 3956 aut
514 3893 668 3966 excessit;

401 4014 434 4098 3)
458 4016 490 4078 in
515 4035 541 4080 e.
566 4036 593 4081 o.
618 4014 641 4080 6
664 4020 694 4079 et
720 4014 769 4096 10,
794 4014 844 4080 De
867 4016 959 4097 desp.
983 4014 1110 4098 impub.
1136 4015 1171 4078 X
1192 4012 1264 4098 (IV,
1289 4014 1333 4100 2).
1360 4013 1413 4079 ubi
1438 4014 1493 4077 im·

249 4176 255 4197 .
313 4138 450 4223 puberes
475 4147 723 4222 praesumuntur
746 4140 921 4223 potentiam
944 4138 1120 4223 generandi
1145 4158 1210 4201 non
1236 4134 1376 4211 habere;
1398 4136 1493 4202 etita

313 4280 421 4346 porro.

403 4387 561 4473 Exempla
585 4387 854 4473 praesumptionis
877 4385 964 4452 iuris
988 4391 1022 4452 et
1045 4386 1087 4450 de
1108 4384 1183 4450 iure
1206 4384 1388 4449 habentur:
