3350 5117
282 288 348 354 460
807 309 892 357 ruas
916 308 938 355 1.

243 444 247 453 '
281 434 487 520 Quapropter
498 436 594 500 etiam
610 440 801 519 argumenta
816 435 1051 519 probationum,
1064 434 1091 498 si
1104 436 1169 499 sint
1180 430 1350 499 efformata
1362 438 1458 497 extra

280 558 431 623 iudicium
451 580 508 624 seu
531 562 595 627 sini
617 559 905 640 eatraiudiciaiia,
918 566 1027 625 tamen
1050 563 1126 624 sunt
1149 558 1355 643 probationes
1371 558 1461 623 dire·

279 688 362 763 ctae,
376 683 502 767 quando
518 684 699 749 immediate
716 703 758 749 ex
782 705 816 749 se
840 684 959 768 aliquid
976 683 1122 769 probant.
1142 683 1355 748 probationes
1370 701 1454 765 quae

281 806 405 893 inipso
429 808 545 873 indicio
569 810 818 889 constituuntur,
840 814 914 875 sunt
943 808 1119 891 consessio,
1144 808 1387 883 testimouium,
1411 809 1460 873 iu

281 936 486 1012 carucatam,
503 932 639 1015 peritia,
665 952 819 999 accessus
842 932 1022 998 iudicialis.

371 1055 401 1141 b)
424 1056 729 1139 Praesumptiooes,
747 1078 765 1121 e
781 1063 905 1129 contra,
919 1056 1082 1123 indirecte
1099 1058 1132 1121 in
1146 1057 1368 1142 probationem
1384 1076 1458 1121 eon-

281 1186 428 1252 currunt,
453 1182 527 1265 quia
550 1182 743 1266 proveniunt
767 1190 800 1247 et
822 1180 1027 1249 deducuntur
1049 1201 1093 1247 ex
1116 1182 1211 1247 sactis
1242 1201 1306 1246 non
1337 1183 1458 1247 eonsti-

226 1348 228 1360 .
281 1305 367 1385 tutis,
385 1324 426 1369 ex
451 1306 589 1390 partium
610 1305 833 1379 destinatione,
851 1306 891 1371 ad
912 1306 1134 1391 probationem
1158 1308 1379 1373 instruendam
1402 1306 1459 1393 (1).

370 1425 444 1489 437.
469 1422 623 1494 Secundo
655 1427 860 1513 probationes
882 1430 1015 1495 ratione
1045 1431 1180 1513 effectus
1206 1451 1264 1495 seu
1288 1432 1347 1509 vis,
1361 1449 1457 1514 quam

281 1538 410 1625 habent,
436 1552 621 1619 dividuntur
644 1557 676 1620 in
701 1554 922 1639 probationem
941 1558 1085 1638 plenam
1107 1563 1141 1623 et
1162 1557 1394 1640 semiplenam.
1411 1591 1459 1604 -

283 1678 386 1742 Plena
409 1677 555 1763 probatio
579 1683 627 1743 est
650 1698 738 1762 quae
760 1698 835 1743 rem
858 1680 1029 1745 euidenter
1051 1681 1233 1746 osteudens
1262 1679 1358 1744 iudici
1383 1700 1459 1765 per·

281 1804 462 1867 suasionem
486 1804 596 1884 induit,
611 1806 701 1868 iuxta
724 1824 818 1887 quam
843 1807 1098 1870 controversiam
1122 1802 1258 1870 delinire
1285 1804 1390 1871 debet.
1414 1842 1460 1855 -

282 1924 465 2012 Semiplena
488 1928 641 2012 aliquam
663 1929 749 2010 fucit
764 1930 868 2014 fidem
882 1930 941 1995 sed
955 1948 1027 1996 nou
1046 1932 1188 2012 plenam
1210 1950 1252 1995 uc
1270 1930 1386 2012 potius
1408 1930 1459 1993 iu·

281 2054 368 2139 perit
384 2053 577 2135 opinionem
585 2074 599 2136 ,·
624 2053 819 2138 proindeque
837 2075 901 2117 non
925 2060 974 2119 est
996 2061 1071 2140 apta
1091 2053 1131 2119 ad
1147 2050 1360 2119 definiendam
1385 2073 1460 2119 eon·

281 2178 484 2241 troversiam.

373 2300 534 2381 Nonnulli,
559 2306 593 2365 ut
617 2300 727 2365 videre
751 2307 799 2366 est
822 2300 907 2386 apud
931 2301 1222 2387 Scbmalagrueber
1246 2302 1277 2367 la.
1302 2309 1323 2367 t.
1347 2323 1382 2368 a.
1406 2300 1459 2381 14,

281 2424 540 2511 subdistinguunt
570 2422 793 2509 scuiipleaam
825 2429 857 2490 in
891 2427 1111 2512 probationem
1139 2430 1326 2513 piusquam
1355 2427 1457 2494 semi-

277 2553 419 2634 plenam
443 2556 473 2615 et
497 2553 533 2615 ia
557 2552 670 2617 miurus
693 2570 797 2635 quam
821 2552 1068 2635 semiplenam
1091 2551 1147 2617 sed
1170 2536 1269 2618 satius
1293 2558 1341 2618 est
1363 2552 1459 2617 absti-

281 2694 361 2739 nere
391 2674 431 2738 ab
462 2676 529 2739 istis
561 2674 795 2755 subtilitatibus,
816 2696 898 2759 quae
921 2677 947 2741 si
971 2675 1138 2742 abstracte
1167 2677 1307 2760 aliquem
1337 2676 1460 2741 habent

281 2798 439 2871 valorem,
465 2796 568 2881 quoad
587 2798 732 2881 praxim
756 2818 834 2862 sane
850 2800 955 2882 potins
971 2804 1089 2863 nocent
1112 2818 1207 2882 quam
1226 2801 1360 2884 prosint.
1378 2800 1460 2864 Nam

282 2922 346 2986 non
369 2922 466 3001 valet,
492 2923 523 2984 in
548 2941 625 2985 casu
648 2927 811 2995 concreto,
837 2922 993 3007 perpendi
1017 2928 1049 2987 et
1071 2922 1228 3008 applicari
1252 2925 1300 2989 vis
1323 2927 1460 2989 istarum

280 3046 543 3112 subdivisionum.
569 3045 729 3129 Siquidem
762 3067 860 3111 unum
890 3053 1117 3131 argumentum
1150 3050 1232 3113 nihil
1262 3050 1315 3115 vel
1345 3068 1461 3135 parum

282 3174 422 3259 probans
453 3176 485 3237 in
517 3179 608 3238 certa
639 3194 746 3253 causa,
771 3176 802 3237 in
831 3174 905 3248 alia,
930 3172 971 3237 ob
1002 3180 1124 3239 mutata
1154 3194 1264 3239 rerum
1296 3175 1460 3249 adiuncta,

282 3300 465 3385 plenissime
488 3298 660 3381 aliquando
685 3298 807 3382 probat.
837 3334 881 3347 -
908 3298 1018 3368 Adest.
1043 3318 1085 3361 ex
1108 3297 1256 3379 adverse,
1281 3299 1461 3383 perieulum

282 3446 323 3490 ne
348 3424 460 3489 iudicis
483 3427 608 3490 animus
641 3425 826 3489 retrahatur
850 3445 870 3487 a
892 3444 982 3504 vero,
1007 3443 1123 3509 nempe
1147 3444 1167 3488 a
1189 3426 1330 3509 genuina
1361 3424 1463 3489 iaetu

282 3570 354 3614 rum
385 3549 641 3615 consideratione
673 3571 731 3634 peu·
762 3549 821 3613 has
854 3549 984 3635 regulas
1016 3550 1110 3614 nimis
1136 3548 1281 3613 absolute
1316 3569 1336 3611 a
1367 3567 1462 3613 eano-

282 3672 373 3736 nistis
404 3672 604 3741 enuncialas,
637 3670 743 3755 legum
774 3670 967 3735 anebuitate
997 3676 1030 3733 et
1060 3668 1219 3734 factorum
1252 3670 1462 3734 enarratione

282 3792 425 3861 firmatas
442 3794 497 3881 (2).
523 3794 852 3879 —Quandoquidem
883 3794 991 3864 index,
1016 3795 1049 3856 in
1080 3793 1208 3877 singula
1231 3792 1308 3859 iacti
1340 3794 1459 3877 speeie,

371 4008 410 4075 (l)
425 4006 464 4061 cf.
479 4006 614 4061 Bentham
630 4008 683 4061 Des
694 4024 823 4076 preuves,
837 4006 892 4061 vol.
906 4006 929 4070 l;
943 4006 1130 4061 blittermaiar
1146 4005 1253 4060 Traitds
1262 4007 1313 4059 des
1320 4022 1458 4076 preuves3

282 4119 310 4171 et
331 4115 451 4167 Bonnier
470 4116 525 4168 Des
541 4132 672 4185 preuves,
692 4115 892 4169 introductioa.
913 4112 999 4176 Ricci,
1021 4113 1105 4167 Delie
1120 4130 1220 4182 praue.

371 4222 409 4288 (2)
430 4218 517 4273 Nemo
536 4236 590 4272 non
611 4218 686 4271 videt
705 4234 787 4288 quam
806 4215 889 4271 facile
915 4217 969 4271 hae
994 4216 1109 4286 regulae
1128 4217 1292 4286 irrepserint
1318 4216 1391 4286 apud
1416 4232 1465 4270 ca·

280 4324 414 4391 nonistas,
433 4329 578 4397 postquam
597 4328 691 4378 textus
718 4324 787 4376 iuris
815 4340 876 4376 can.
895 4324 1054 4377 continetur
1079 4324 1109 4377 in
1136 4321 1402 4393 praescriptionibus
1420 4321 1462 4375 ita

279 4432 436 4485 enunciatis
457 4435 486 4484 ut
506 4430 600 4500 aliqua
618 4430 686 4500 sacti
704 4430 796 4499 specie
816 4427 959 4482 involutae
978 4427 1043 4481 sint.
1131 4490 1134 4497 Ι
