3350 5117
320 350 364 417 82
843 369 927 416 ruas
951 369 974 414 1.

318 514 399 560 raas
426 493 621 573 absol-nitar,
646 492 688 557 of.
713 512 741 559 a.
764 512 792 557 a.
818 492 876 567 26,
900 493 950 558 De
982 491 1070 557 Seat.
1096 498 1126 557 et
1147 511 1187 557 re
1209 492 1279 558 iad.
1305 494 1339 556 X
1358 492 1494 579 illan:

319 618 353 684 Si
376 628 468 686 actor
491 640 582 684 suum
608 621 657 683 ius
680 636 745 682 non
769 618 891 703 probat,
917 617 992 702 quid
1014 616 1170 684 obtinebit
1192 637 1212 681 a
1236 615 1314 681 reof

408 745 441 829 2)
467 746 508 809 Ia
525 744 655 811 [adicio
669 741 932 827 favorabiliores
953 762 1024 808 eoae
1034 747 1154 824 partes
1168 743 1220 809 rei
1236 762 1341 827 qaam
1356 743 1492 825 accorti,

318 889 360 935 ex
384 871 405 934 t.
428 869 699 953 favorabiliores,
721 872 757 953 ff.
781 869 832 934 De
854 867 938 955 Rep.
963 869 1064 942 laris,
1088 870 1129 933 cf.
1154 889 1225 955 rep.
1241 870 1287 943 11,
1304 869 1391 934 iaris
1405 869 1443 932 ta
1458 869 1492 934 6.

317 996 405 1061 lteus
428 998 514 1059 enim
534 996 588 1079 qui
604 999 801 1079 provocatur
823 999 856 1058 et
872 995 905 1058 in
928 994 1079 1057 iudicium
1104 995 1297 1059 convenitur
1312 992 1352 1057 ab
1368 998 1492 1075 actore,

318 1124 470 1187 maiorem
496 1126 639 1186 meretur
668 1121 750 1207 legis
780 1120 956 1185 tuitionem.
983 1121 1063 1184 Nam
1087 1125 1179 1184 actor
1202 1126 1334 1205 paratus
1358 1123 1391 1185 in
1415 1121 1493 1187 iudi-

318 1243 402 1307 cium
426 1245 523 1317 venit,
549 1244 664 1329 quippe
688 1241 788 1308 habet
818 1244 851 1307 in
880 1263 937 1307 sua
964 1247 1121 1327 potestate
1152 1242 1279 1327 quando
1303 1264 1395 1308 reum
1418 1265 1493 1309 con·

318 1368 441 1441 reuiat3
466 1367 519 1431 hio
542 1386 631 1446 vero,
657 1366 751 1429 etiam
777 1385 820 1429 ex
844 1366 1016 1450 inopinato,
1034 1386 1091 1430 seu
1106 1386 1171 1429 non
1188 1366 1365 1431 instructus
1380 1366 1492 1432 mediis

317 1490 522 1564 defensionis,
536 1482 646 1555 actore
669 1491 818 1563 instante,
836 1478 969 1564 citatim
994 1496 1086 1553 aotor
1108 1490 1192 1574 quod
1207 1510 1273 1555 non
1288 1490 1385 1557 habet
1400 1493 1490 1577 petit,

317 1639 392 1684 reus
408 1618 490 1701 quod
508 1617 604 1683 habet
619 1615 795 1681 defendere
811 1615 915 1680 debet.
929 1652 974 1665 -
986 1616 1072 1680 Hinc
1088 1636 1163 1681 reus
1179 1618 1211 1680 in
1229 1616 1355 1691 iudicio,
1373 1618 1493 1683 fruitur

316 1765 441 1830 quoque
464 1746 642 1831 privilegiis
669 1762 899 1829 possessorum,
924 1744 1014 1806 iuxta
1044 1741 1191 1825 regulam
1215 1742 1263 1807 65
1286 1743 1373 1808 tario
1396 1742 1434 1810 ia
1457 1743 1490 1809 6.

318 1870 396 1935 «la
415 1869 499 1951 pari
521 1870 640 1935 detioto
663 1869 715 1933 aet
739 1886 845 1933 eausa
860 1867 976 1950 potior
999 1865 1062 1931 erit
1077 1866 1223 1932 coactitio
1236 1866 1443 1948 possideatis
1459 1887 1490 1931 ›.

405 1994 438 2080 3)
464 1996 615 2059 Attamen
631 1993 693 2057 hoo
708 2012 772 2056 non
789 1992 834 2057 ita
850 1995 899 2055 est
913 1990 1157 2077 intelligendum
1173 1996 1208 2057 ut
1224 2012 1298 2056 reus
1322 1994 1411 2075 quasi
1428 1992 1492 2076 pri·

316 2120 468 2203 vilegiato
493 2120 563 2183 iure
586 2121 696 2182 utatur
718 2115 873 2181 adversus
896 2121 1050 2185 actorem.
1064 2117 1117 2198 qui
1142 2115 1214 2179 fere
1244 2116 1360 2200 impari
1383 2116 1491 2181 condi·
1574 2169 1578 2176 .

315 2247 404 2311 tione
431 2244 527 2308 sitin
559 2243 689 2318 iudicio;
720 2261 815 2325 quum
840 2262 858 2305 e
881 2247 996 2308 eontra
1018 2241 1125 2305 edicat
1147 2260 1222 2324 cap.
1247 2242 1281 2316 2,
1307 2241 1358 2308 De
1380 2248 1487 2309 mater.

311 2372 380 2451 pet.
405 2367 499 2453 (ΙΙ-4)
526 2387 543 2428 a
634 2366 726 2450 qaod
749 2384 826 2431 crim
849 2365 974 2431 actoris
997 2370 1028 2430 et
1049 2364 1102 2429 rei
1121 2366 1241 2430 eadem
1264 2365 1309 2430 sit
1330 2366 1488 2440 conditio,

316 2498 348 2558 et
368 2511 437 2559 aaa
462 2491 645 2574 eodemque
667 2490 743 2554 iare
771 2489 864 2555 circa
893 2486 1132 2572 appellationis
1158 2489 1350 2554 remedium
1373 2490 1493 2556 debera

314 2622 456 2702 aterque
479 2616 652 2683 censeri...
677 2635 706 2679 a.
734 2614 874 2678 Proinde
898 2614 1041 2697 aequalia
1068 2616 1198 2678 omnino
1228 2614 1280 2679 rei
1310 2618 1343 2679 et
1366 2616 1492 2683 actone

315 2747 364 2807 est
387 2741 535 2813 conditio,
556 2740 636 2804 adeo
660 2744 696 2803 ut
718 2742 854 2822 uterque
878 2735 1054 2801 efficaciter
1078 2738 1185 2802 valeat
1207 2737 1311 2803 libere
1334 2759 1435 2825 agere
1458 2744 1491 2804 et

314 2863 568 2952 responderem
592 2864 723 2938 iudicio;
748 2862 832 2927 unde
858 2889 874 2922 ‹<
898 2883 969 2929 aaa
993 2863 1067 2929 lieet
1082 2864 1192 2930 actori
1214 2864 1307 2949 quod
1333 2883 1392 2931 reo
1416 2864 1490 2931 tioi-

315 2996 387 3055 tam
409 3008 480 3056 aaa
501 2988 614 3054 emittit
630 3008 649 3051 »
666 3007 710 3052 ex
731 3006 803 3072 rep.
827 2986 878 3052 32
900 2987 987 3053 iuria
1008 2990 1046 3052 ia
1062 2987 1094 3052 6.
1112 2986 1173 3053 Sed
1194 2989 1268 3071 quia
1288 2993 1381 3053 aotor
1396 3008 1491 3073 quae

315 3112 450 3176 ationem
478 3112 587 3183 movit,
612 3129 700 3175 snam
732 3110 942 3175 intentionem
966 3110 1105 3195 probare
1137 3109 1240 3183 debet,
1268 3132 1388 3176 «cara
1411 3116 1491 3177 eant

310 3237 467 3321 partiam
489 3237 570 3302 iura
592 3235 746 3309 obscura,
759 3255 818 3302 reo
835 3240 884 3301 est
896 3234 1084 3317 faoeaotara
1095 3234 1212 3317 potius
1236 3256 1340 3321 qaam
1364 3239 1492 3321 actori,·
1519 3307 1521 3310 ,

315 3378 358 3422 ex
379 3378 452 3445 rep.
476 3360 514 3423 11
536 3358 622 3424 iaris
643 3358 681 3423 ia
704 3358 748 3442 6,·
772 3360 890 3425 etenim
921 3376 1049 3443 semper
1071 3357 1211 3440 inpari
1238 3377 1343 3425 caasa
1369 3360 1493 3425 metior

314 3485 362 3547 est
385 3480 530 3547 conditio
551 3480 764 3564 possidentis.

314 3751 431 3818 probare
450 3748 553 3802 actoris
572 3752 629 3815 est,·
648 3764 683 3801 an
704 3748 795 3817 potius
813 3748 872 3817 ipse
894 3747 1053 3801 diffamatus
1078 3748 1126 3818 qni
1149 3747 1178 3800 in
1204 3747 1336 3801 iudicium
1360 3749 1492 3804 convenit

314 3854 528 3919 diffamatorum
549 3858 577 3909 et
595 3853 681 3907 alium
701 3852 849 3908 convenire
862 3852 890 3905 in
904 3852 1006 3906 iudicio
1018 3852 1121 3906 actoris
1140 3857 1190 3907 est
1205 3882 1239 3893 -
1253 3851 1332 3907 Card.
1353 3853 1392 3908 De
1407 3854 1491 3920 Luce,

314 3966 355 4017 De
376 3966 432 4016 iad.
452 3964 480 4015 ia
493 3963 560 4016 diac.
574 3962 613 4029 ΙΙ,
627 3964 687 4015 ra3
706 3971 731 4015 et
750 3964 816 4015 diso.
832 3962 863 4015 X
868 3961 913 4027 VJ,
927 3962 1013 4015 refert
1025 3962 1133 4029 praxim
1152 3961 1252 4016 Curiae
1274 3961 1417 4017 Romanae
1435 3980 1491 4017 non

314 4084 463 4122 consonam
488 4068 566 4137 praxi
593 4067 711 4121 aliorum
731 4066 926 4130 tribunalium
945 4082 1032 4138 quare
1051 4066 1267 4136 iurisprudentia
1286 4072 1417 4120 constane
1436 4084 1492 4121 non

314 4170 413 4239 riguit.
439 4199 473 4212 -
493 4170 579 4225 Hodie
598 4172 625 4224 in
646 4170 785 4225 codicibus
804 4170 934 4224 civilibus
952 4168 1108 4223 huiusmodi
1128 4169 1280 4224 remedium
1305 4170 1324 4222 l.
1346 4172 1493 4242 diffamari

316 4293 369 4330 non
384 4276 468 4330 soluit
488 4277 629 4341 renovari;
642 4270 696 4330 sod'
708 4276 890 4331 attenduntur
902 4275 1059 4331 ordinariae
1076 4276 1307 4345 praescriptiones
1320 4278 1491 4332 constitutae

316 4384 350 4437 ad
371 4385 550 4439 avertendum
572 4385 702 4438 damnum
724 4385 828 4439 iniuste
847 4385 950 4439 datum.
969 4385 1009 4437 Cf.
1030 4384 1185 4451 Mattirolo,
1205 4404 1248 4455 op.
1269 4388 1312 4440 cit.
1333 4387 1362 4438 V.
1381 4385 1404 4450 I,
1418 4386 1491 4441 Nor.

313 4492 427 4561 pretim.
448 4495 487 4544 tit.
508 4491 561 4553 ΙΙΙ,
582 4508 608 4545 a.
630 4492 678 4544 63.
954 4483 956 4487 ’
