3350 5117
316 298 380 364 194
841 317 924 363 rsus
948 315 972 362 1.

308 451 448 529 praesto
471 446 514 511 sit
536 464 643 529 opera
666 442 912 527 apparitorum
936 443 1062 512 auriae,
1086 444 1266 526 suppletur
1288 440 1495 508 eattibitione

314 569 513 635 earumdem
530 567 704 652 eapteadd
719 587 786 650 per
802 566 1037 653 qualificatam
1055 586 1254 650 personam,
1271 584 1361 650 quae
1379 566 1422 630 de
1437 583 1493 629 eor·

315 694 425 761 bibitis
448 694 553 760 itteris
576 694 730 761 certioret
752 694 823 760 siue
839 712 898 759 eas
915 693 1174 759 transmittendo
1192 710 1257 775 ope
1280 689 1493 757 commenda-

314 821 414 888 tionis
424 839 532 905 penes
548 819 804 885 tabellariorum
821 818 969 903 officium
985 818 1053 883 tuo
1074 817 1218 889 intotis,
1235 816 1411 901 inquibus
1430 817 1494 883 mc

312 944 456 1014 inuoluit
485 948 640 1030 systema,
661 943 879 1025 exposcenda
912 941 1015 1026 fidem
1042 940 1266 1021 exhibitionis,
1290 937 1493 1022 receptionis

312 1075 374 1135 aut
394 1070 533 1153 repudii
549 1090 578 1134 r.

404 1196 477 1261 164.
502 1195 671 1261 Caeterum
696 1195 788 1259 ouria
802 1214 864 1279 pro
882 1194 1009 1280 singulo
1025 1213 1178 1279 processu
1201 1192 1370 1277 quemdam
1393 1192 1492 1277 depu-

311 1323 383 1384 tare
406 1322 510 1405 potest
533 1319 579 1382 uti
602 1316 837 1401 apparitorem
866 1317 934 1381 sive
958 1336 1141 1389 cursorem,
1162 1314 1310 1380 eumdem
1340 1314 1490 1380 idoneum

311 1451 344 1511 et
366 1442 428 1511 flde
452 1444 583 1531 dignum
607 1444 802 1511 declarando
826 1464 886 1529 pro
912 1442 1115 1508 citationibus
1137 1442 1272 1526 aliisque
1295 1442 1417 1507 nuntiis
1439 1440 1490 1505 de

311 1570 464 1636 terendis.

401 1698 482 1764 Nam
506 1698 538 1761 in
561 1696 662 1761 modis
684 1694 834 1761 adhibitis
859 1716 918 1781 pro
942 1695 1054 1760 dandis
1077 1696 1206 1769 nuntiis,
1232 1695 1320 1759 etin
1343 1692 1490 1778 personis

310 1824 351 1889 ad
374 1824 437 1890 hoe
460 1822 658 1909 deputandis,
672 1822 796 1890 adverti
823 1822 929 1905 debet,
954 1830 988 1888 ut
1010 1824 1074 1889 hoe
1096 1824 1327 1907 qualecumque
1351 1822 1489 1887 medium

310 1946 351 2011 sit
374 1944 505 2031 dignum
530 1944 657 2029 publica
679 1942 751 2017 fide.
769 1944 925 2028 siquidem
950 1944 1067 2009 exinde
1090 1944 1187 2009 iudici
1208 1950 1240 2008 et
1254 1943 1398 2029 partibus
1416 1962 1490 2008 aon·

309 2074 397 2135 stare
421 2068 525 2142 debet,
549 2068 690 2155 legitime
718 2069 903 2133 citationem
935 2088 1051 2153 reapse
1080 2066 1120 2133 ad
1151 2074 1344 2135 conventum
1375 2087 1490 2153 perae

309 2191 405 2265 nisse,
429 2194 485 2255 aut
514 2188 627 2255 iudicis
657 2188 822 2257 decretum
857 2210 1004 2277 congrue
1034 2190 1216 2258 nuntiatum
1243 2190 1352 2271 tuisse,
1380 2197 1413 2254 et
1443 2192 1489 2254 ita

309 2335 418 2400 porro.

398 2439 524 2504 Verum
548 2438 630 2504 haee
660 2441 883 2523 apparitorum
911 2446 993 2513 actu,
1018 2440 1146 2524 publica
1171 2440 1325 2505 fruuntur
1349 2437 1420 2511 fide,
1444 2460 1488 2505 ex

307 2562 394 2629 iuris
417 2562 685 2648 praesumptione,
711 2564 826 2647 quippe
855 2564 1035 2629 innituntur
1057 2562 1279 2648 approbationi
1302 2562 1425 2629 iudicis,
1442 2598 1487 2613 -

397 2840 422 2891 2.
441 2852 536 2893 «vere
555 2854 690 2908 pauperes
709 2838 870 2895 eximendos
887 2857 905 2893 a
924 2840 1067 2911 quibusvis
1086 2842 1228 2911 expensis:

397 2948 421 2999 3.
441 2952 551 3001 «tuxas
570 2962 624 2999 non
643 2945 712 2999 adeo
737 2962 837 3014 graves
858 2965 917 3001 esse
938 2947 1048 3014 debere,
1069 2952 1099 3002 ut
1118 2953 1233 3002 arceant
1256 2947 1352 3003 fideles
1370 2965 1388 3000 a
1406 2964 1487 3001 rece·
1545 3001 1548 3005 Δ

307 3054 433 3123 optione
452 3059 705 3109 sacramentorum:

397 3162 422 3215 t.
441 3162 561 3232 «quoad
580 3162 786 3217 matrimonium
807 3164 835 3215 in
855 3164 956 3231 speeie,
975 3164 1156 3218 remittendas
1179 3165 1254 3233 ipsas
1278 3168 1359 3218 taxas
1377 3179 1437 3217 esse
1457 3164 1486 3215 in

308 3266 446 3319 «casibus
465 3267 492 3319 in
511 3267 611 3337 quibus
630 3267 701 3321 adsit
721 3266 887 3336 periculum,
902 3285 937 3320 ue
956 3268 1052 3321 fideles
1065 3268 1092 3320 in
1107 3268 1320 3321 concubinatum
1340 3272 1484 3337 proruant:

396 3374 421 3426 5.
441 3387 457 3424 e<
471 3374 580 3427 tandem
600 3374 690 3444 quoad
710 3376 845 3428 beneficia
859 3375 1057 3439 ecclesiastica,
1070 3382 1149 3429 taxas
1161 3392 1221 3430 esse
1235 3392 1288 3429 uon
1302 3376 1403 3430 debere
1423 3393 1486 3445 pro·

306 3480 532 3548 ‹portionaliter
550 3480 749 3551 inadaequatus
768 3482 902 3536 reditibus
922 3484 1125 3537 beneficiorum.

397 3587 438 3640 nd
457 3587 509 3640 qn
528 3602 544 3639 a
560 3588 696 3657 Negativu
714 3588 748 3641 ud
769 3590 886 3659 primam
906 3596 1024 3659 partem,
1042 3590 1205 3643 affirmative
1224 3590 1259 3642 ad
1278 3590 1435 3645 secumdam.

397 3692 438 3745 nd
458 3694 523 3747 tun
543 3694 752 3761 ‹Affirmativq
770 3701 797 3748 et
817 3701 945 3748 taxarum
966 3696 1178 3765 descriptionem
1197 3713 1244 3750 seu
1258 3696 1383 3750 notulam
1403 3698 1485 3751 modo

308 3816 323 3851 ι
337 3802 366 3853 et
385 3787 487 3852 normis
506 3800 631 3869 superius
645 3802 777 3870 expositis
790 3784 955 3868 contectam,
969 3802 1173 3872 quamprimum
1187 3802 1430 3856 transmittendam
1449 3803 1483 3856 ud

308 3922 323 3957 a
338 3904 365 3959 S.
380 3905 496 3959 Concilii
516 3905 767 3975 congregationem
789 3923 838 3976 pro
860 3908 1076 3976 approbatione;
1094 3923 1165 3978 quae
1178 3912 1287 3961 tanturm
1307 3908 1484 3963 correedeuda

307 4013 392 4066 «erit
410 4012 443 4065 ad
463 4014 551 4066 instar
568 4014 760 4083 experimenti,
781 4032 829 4083 pro
850 4015 1025 4069 dioecesibus
1044 4016 1169 4084 Europae
1194 4016 1227 4069 ad
1252 4016 1484 4087 quinquennium,

307 4134 386 4185 ‹pro
406 4116 520 4188 reliquis
538 4134 604 4173 vero
623 4120 656 4173 ad
676 4120 880 4179 decennnium».

397 4222 425 4275 in
445 4226 565 4293 negotiis
584 4242 650 4280 vero
669 4226 851 4280 contentiosis
867 4231 1014 4281 serventur
1025 4228 1159 4295 probatae
1172 4227 1384 4282 consuetudines
1403 4228 1484 4281 iuxta

306 4330 446 4385 decretum
467 4332 658 4387 Tridentiuum
674 4335 744 4389 Sess.
759 4336 807 4401 at,
829 4352 888 4403 cap.
902 4336 944 4385 20
958 4336 998 4388 De
1011 4340 1065 4406 ref.
1085 4334 1126 4388 Cf.
1141 4335 1296 4403 Pallottiui,
1310 4338 1329 4389 l.
1343 4356 1368 4392 c.
1382 4355 1407 4391 v.
1421 4338 1484 4391 No-

308 4438 395 4489 tarius
415 4456 440 4489 u.
463 4439 512 4492 oo,
