3350 5117
532 362 577 409 au
601 362 739 409 tumens
764 360 1028 409 uccuasrusrucus
1301 344 1368 409 149

183 488 221 549 et
243 484 269 549 2
285 484 334 549 De
359 484 393 549 V.
412 484 482 569 Sip.
500 484 536 549 in
555 484 657 551 olem.
683 484 737 568 (V,
758 482 820 569 ll),
846 490 880 549 et
901 485 934 549 in
954 484 1151 567 universum,
1168 505 1247 570 prae
1263 486 1367 551 oculis

184 607 347 675 habeatur
377 610 438 675 hoc
467 608 632 675 decretum
655 608 729 675 Iun.
755 610 803 675 IV
824 610 860 675 in
883 610 937 674 cit.
962 628 1036 693 cop.
1060 610 1088 682 1,
1112 608 1165 675 De
1187 610 1259 677 ind.
1283 610 1321 675 in
1343 611 1368 677 6

185 734 216 810 (Ι
224 735 246 807 1,
267 735 308 819 ll:
335 733 457 800 <Iuris
481 754 551 803 esse
573 734 755 820 ambiguum
780 754 844 799 non
867 732 1006 815 videtur,
1022 734 1159 800 iudicem
1182 734 1368 821 delegatum

183 859 252 945 (qui
277 881 296 925 a
319 860 397 927 sede
419 861 605 947 Aposmlica
635 858 817 925 mandatum
841 853 883 925 aid
909 860 973 925 hoc
1003 880 1068 925 non
1100 862 1263 947 receperit
1291 855 1366 947 spe&

182 983 282 1073 ciale)
305 984 418 1051 iubere
440 1004 504 1049 non
528 1004 621 1069 posse
644 982 835 1049 alterutram
859 984 998 1069 partium
1018 1004 1129 1049 coram
1152 1003 1188 1049 se
1211 1003 1364 1070 persona·

184 1106 263 1173 liter
286 1112 320 1174 iu
343 1109 461 1175 iudicio
491 1127 696 1195 comparere:
720 1108 787 1175 nisi
817 1128 923 1175 causa
950 1107 1058 1191 fuerat
1087 1109 1286 1183 criminalis,
1309 1109 1363 1176 vel

184 1232 255 1297 nisi
272 1252 341 1316 pro
364 1234 506 1299 veritate
528 1232 674 1299 dicenda
696 1233 748 1299 vel
773 1252 843 1316 pro
873 1233 1064 1300 iuramento
1094 1232 1288 1299 calumniae
1308 1232 1364 1317 fa-

182 1357 316 1429 mendo.
341 1360 393 1425 ael
416 1358 504 1424 olias
533 1358 621 1425 iuris
646 1359 826 1425 necessitas
852 1362 973 1443 partes
1002 1358 1154 1443 crepon
1184 1377 1303 1425 coram
1324 1377 1366 1425 eo

180 1482 413 1564 personaliter
433 1482 649 1567 praesentari
666 1502 695 1545 >.
722 1482 813 1549 Haec
834 1482 922 1547 iuris
936 1482 1117 1548 necessitas
1135 1501 1219 1567 quae
1241 1482 1296 1548 hic
1319 1482 1366 1547 iu·

184 1610 334 1678 vocatur,
360 1603 501 1691 explicat
523 1604 679 1689 quomodo
702 1604 913 1691 intelligenda
931 1607 973 1671 sit
987 1607 1199 1691 praescriptio
1222 1626 1298 1691 cap.
1318 1606 1362 1673 14

184 1728 237 1795 De
260 1731 332 1796 iud.
356 1730 392 1795 X
412 1730 467 1816 (ΙΙ,
496 1731 526 1817 l)
550 1731 745 1798 decernens:
774 1730 889 1797 «Non
911 1751 978 1815 per
1000 1733 1182 1801 advocatos
1211 1735 1272 1801 sed
1297 1754 1367 1819 per

182 1873 226 1920 se·
243 1856 340 1939 ipsas
353 1856 484 1938 saccom
503 1862 703 1940 proponant
718 1878 749 1922 ».
766 1856 927 1942 Siquidem
943 1857 1004 1921 nisi
1020 1856 1128 1941 aliqua
1144 1864 1263 1944 urgeat
1276 1859 1366 1924 iuris

182 1980 375 2052 accessimus,
400 1998 527 2063 semper
550 1998 609 2063 per
631 1978 738 2051 alium,
753 1998 869 2064 nempe
892 1998 952 2063 per
973 1986 1235 2063 procuratorem
1252 1986 1363 2067 partes

181 2122 286 2188 agere
318 2104 370 2169 vel
401 2102 598 2189 respondere
629 2104 817 2169 valent-
844 2102 981 2188 quuam
1000 2124 1067 2187 per
1086 2111 1360 2189 procuratorem,

184 2248 259 2293 nam
292 2230 326 2293 in
352 2234 446 2294 textu
469 2228 566 2293 citato
594 2228 768 2295 advocatus
799 2231 973 2294 assumitur
1002 2231 1073 2296 loco
1099 2229 1364 2314 procuratorts3

182 2350 342 2435 siquidem
360 2355 468 2435 partes
487 2348 681 2416 substituere
696 2352 729 2415 in
744 2350 862 2417 iudicio
876 2371 943 2415 nou
959 2356 1008 2416 est
1023 2351 1169 2417 advocati
1185 2372 1255 2438 qna
1270 2352 1359 2427 talis,

182 2475 241 2541 sad
264 2478 495 2563 procuratoris.
521 2476 660 2552 -Sed,
686 2483 721 2543 ut
743 2478 806 2543 iam
834 2478 1075 2563 explicavimus,
1100 2480 1181 2543 nihil
1212 2478 1364 2565 prohibet

182 2604 356 2685 quominus
379 2601 525 2669 advocati
548 2606 581 2669 at
603 2604 824 2687 procuratoris
847 2608 957 2687 partes
979 2602 1020 2669 ab
1044 2604 1156 2669 eodem
1172 2604 1366 2689 expleantur

185 2726 219 2789 iu
242 2724 375 2801 iudicio;
393 2731 425 2790 et
440 2725 517 2791 hinc
532 2726 647 2791 mirum
663 2746 728 2791 non
745 2732 802 2799 est,
819 2745 884 2790 uno
899 2731 1023 2793 tantum
1038 2728 1177 2801 nomine,
1195 2729 1362 2813 utriusque

182 2842 282 2911 officii
310 2865 447 2911 munera
469 2846 708 2933 comprehendi.

278 2970 351 3034 119.
378 2970 449 3035 Hoc
472 2970 512 3035 de
535 2973 605 3036 iure
620 2973 781 3037 communi
796 2974 963 3038 canonico.
980 3010 1024 3020 -
1041 2974 1092 3038 Ex
1116 2974 1187 3039 iure
1201 2972 1361 3041 hodierno

184 3095 218 3159 iu
243 3094 407 3161 codicibus
431 3094 587 3177 civilibus,
611 3098 658 3163 uti
682 3096 820 3163 edictum
851 3098 912 3163 fuit
940 3118 1001 3183 pro
1027 3104 1112 3163 statu
1142 3099 1230 3163 civili
1255 3079 1364 3164 Pontiss

184 3216 269 3299 ficia,
290 3239 350 3305 pro
374 3220 538 3285 nonnullis
560 3240 731 3287 causarum
755 3221 937 3309 generibus,
955 3224 1156 3308 praescripta
1179 3228 1228 3288 est
1248 3223 1364 3308 regula

183 3342 304 3427 agendi
328 3362 387 3428 per
410 3350 638 3429 procuratores
661 3344 702 3409 ad
725 3344 905 3411 faciliorem
921 3366 1091 3411 causarum
1108 3346 1361 3432 expeditionem:

183 3466 229 3531 ci.
254 3468 407 3553 Gregorii
430 3468 513 3535 XIV
537 3468 653 3555 Repol.
681 3468 782 3537 diua.
806 3472 828 3553 ἓ
852 3470 926 3536 100
944 3472 1049 3555 sep.§
1072 3472 1139 3538 541
1160 3490 1228 3557 seq.
1246 3472 1361 3539 Edicto

187 3592 390 3660 Gamberini
412 3593 434 3675 ἓ
457 3592 531 3658 246
556 3590 611 3678 (l).

274 3839 315 3907 (l)
333 3838 379 3893 lus
397 3856 542 3894 commune
561 3839 632 3910 quod
651 3843 767 3909 spectat,
780 3838 900 3894 habetur
917 3840 1041 3907 practica
1053 3839 1171 3894 traditae
1184 3838 1300 3909 regulae
1311 3856 1361 3911 ap-

185 3940 302 4010 plicatio
320 3944 349 3996 in
368 3946 461 4015 cap.2
479 3945 522 4000 Do
539 3946 639 3999 ludin
653 3945 673 3999 6
691 3944 782 4016 (11,1),
796 3944 843 3998 ubi
863 3944 988 4012 edicitur,
1002 3944 1133 3999 mulieres
1151 3961 1207 3998 non
1225 3960 1287 3999 esse
1301 3947 1360 3998 tra·

185 4046 291 4104 luendas
309 4047 413 4104 invitus
430 4054 462 4105 ut
480 4051 662 4121 personaliter
680 4051 780 4105 sistant
798 4050 826 4104 in
846 4050 955 4116 iudicio,
972 4050 1029 4116 sad,
1047 4050 1077 4103 in
1095 4066 1162 4104 casu
1179 4051 1361 4116 necessitates,

186 4153 306 4211 iudicem
323 4157 417 4226 potius
434 4156 484 4212 has
502 4157 579 4213 adire
597 4158 705 4214 debera
719 4188 753 4201 -
767 4160 849 4215 Aliae
866 4160 1007 4229 practicae
1020 4158 1221 4229 applicationes
1240 4158 1364 4213 eiusdem

186 4258 260 4329 legis
277 4260 456 4318 invenientur
473 4264 502 4317 in
520 4281 602 4334 saepo
621 4266 668 4319 cit.
689 4265 807 4319 [instruc.
830 4264 912 4320 Card.
932 4266 1078 4319 Reusclm
1099 4268 1130 4319 in
1148 4268 1185 4329 ἐξ
1205 4264 1272 4330 143,
1292 4264 1366 4332 115,

186 4364 255 4433 217,
273 4366 342 4434 251,
362 4366 452 4437 quoad
470 4383 568 4421 causas
586 4367 811 4423 matrimoniales
827 4397 863 4409 -
874 4366 988 4422 Codices
1006 4367 1132 4423 hodierni
1152 4370 1363 4437 procuratorum

184 4487 299 4541 operam
317 4474 468 4545 exquirunt
485 4475 514 4529 iu
533 4474 649 4542 iudiciis,
665 4476 731 4547 quia
750 4478 851 4545 partes,
867 4474 936 4528 iuria
953 4473 1109 4543 imperitae,
1122 4472 1297 4527 materialem
1315 4488 1365 4526 or·
