3350 5117
291 309 358 376 248
816 345 900 394 rens
925 347 947 393 1.

380 454 455 522 215.
482 457 656 545 Expouere
668 464 845 532 studuimus
857 471 1032 554 genuinum
1045 481 1236 562 conceptum
1250 481 1471 566 possessionis,

291 583 424 667 eiusque
447 586 602 654 iuridicae
625 592 768 659 tuitionis
792 597 883 664 iuxta
904 597 995 684 leges
1017 619 1176 678 romanas,
1194 605 1270 688 quia
1292 606 1356 674 hae
1380 609 1473 672 invo-

292 713 410 774 cantur
431 715 648 788 acanonistis,
663 720 807 800 quamvis
823 722 940 806 passim
958 724 1074 790 harum
1099 729 1148 793 vis
1170 731 1204 795 in
1227 731 1326 796 alium
1344 753 1473 798 sensum

292 835 531 921 detorqueatur,
556 845 589 905 et
611 843 686 925 quia
709 844 783 909 iura
810 844 969 913 hodierna
1000 852 1107 918 civilia
1137 855 1324 942 longissime
1355 857 1475 924 distant

291 955 332 1020 ab
355 959 500 1024 instituto
523 966 720 1046 possessorio
745 987 890 1041 romano,
907 971 998 1037 cuius
1013 977 1120 1039 tamen
1137 975 1233 1061 plura
1254 980 1398 1045 retinent
1421 999 1476 1043 ve·

293 1083 397 1169 stigia.
414 1119 458 1133 —
476 1085 566 1152 Haec
589 1090 675 1156 scire
699 1095 920 1160 necessarium
945 1103 1051 1164 estut
1074 1101 1107 1164 iu
1130 1104 1333 1186 possessione
1355 1105 1476 1172 tuenda

295 1209 390 1294 plene
413 1219 675 1298 recognoscatur,
699 1217 913 1286 invocandum
938 1241 1008 1288 esse
1038 1225 1087 1289 ius
1113 1227 1293 1310 positivum,
1318 1229 1475 1314 scriptum

295 1335 350 1400 vel
372 1338 698 1415 consuetudinarium,
723 1363 743 1406 a
765 1363 828 1428 quo
851 1349 975 1412 tantum
998 1348 1148 1417 derivant
1169 1355 1378 1437 possessionis
1402 1352 1476 1421 effe·

296 1465 367 1527 ctus
396 1462 533 1529 iuridici.
559 1466 597 1530 lu
624 1467 697 1532 foro
724 1489 805 1534 vero
836 1471 1056 1540 ecclesiastico
1087 1473 1192 1542 facilis
1224 1482 1255 1543 et
1286 1477 1403 1544 efficax
1426 1485 1477 1545 est

294 1585 387 1649 tuitio
405 1589 623 1673 possessionis,
639 1592 757 1678 quippe
780 1593 887 1658 adhuc
902 1595 1013 1680 vigent
1028 1597 1117 1683 leges
1133 1619 1287 1665 romanae
1303 1601 1476 1688 expeditae

296 1731 317 1774 a
339 1712 565 1782 subtilitatibus
580 1716 667 1783 illius
683 1718 771 1792 iuris,
788 1725 904 1786 auctae
919 1723 1010 1787 uovis
1028 1721 1178 1802 remediis
1202 1727 1234 1789 et
1256 1725 1322 1791 lats
1341 1727 1476 1813 amplia·

296 1837 385 1902 tione
407 1838 448 1903 ad
471 1841 588 1906 iurium
612 1846 701 1928 quasi
726 1847 959 1930 possessionem
983 1847 1227 1916 defendendam.

298 2986 407 3050 niaueo,
416 2984 488 3056 quod
502 2987 560 3039 fere
573 2984 675 3055 ubique
688 2984 822 3056 usquead
836 2990 931 3040 nostre
949 2990 1075 3056 tempore
1088 2987 1178 3056 viguit
1190 2985 1257 3058 (qua
1270 2987 1313 3065 ips
1329 3003 1478 3044 commune

298 3096 452 3164 civ.),haec
471 3099 500 3150 et
518 3094 574 3149 alia
592 3094 619 3147 id
638 3111 727 3165 genus
745 3095 895 3150 interdicte
915 3096 975 3150 usui
993 3097 1190 3167 fueruntquia
1208 3097 1285 3152 bisce
1298 3097 1408 3168 legibus
1424 3095 1477 3152 ba·

300 3200 426 3265 bebatur,
441 3196 520 3268 qussi
533 3197 625 3263 cardo,
637 3196 706 3250 illud
720 3196 886 3267 principium
901 3215 917 3250 ‹
936 3199 1142 3253 Traditionibus
1155 3209 1180 3254 ct
1192 3201 1408 3270 usucapionibus
1426 3203 1477 3256 do·

299 3307 385 3359 minia
394 3321 493 3358 rerum
501 3319 557 3357 raon
566 3304 650 3357 nudis
658 3303 831 3372 pactionibus
841 3307 1084 3375 transferuntur»,
1093 3305 1221 3358 nimirum
1231 3303 1265 3358 ad
1275 3306 1476 3377 assequendam

298 3412 456 3482 legitimam
470 3427 561 3465 rerum
580 3410 779 3479 possessionem
793 3426 849 3464 non
862 3411 1017 3466 sufficiebat
1030 3413 1048 3466 ti
1054 3411 1128 3466 tulus
1141 3412 1334 3467 translationis
1352 3415 1477 3482 proprie·

300 3519 376 3582 tatis,
387 3528 437 3571 aut
457 3516 556 3570 titulus
574 3515 726 3570 concedens
738 3515 801 3568 iura
819 3515 848 3568 in
868 3531 899 3570 re
917 3515 1018 3581 aliena,
1031 3515 1077 3571 sed
1091 3517 1286 3587 requirebatur
1298 3519 1411 3572 traditio
1424 3519 1476 3584 rei,

299 3644 349 3682 seu
366 3627 499 3679 immissio
518 3625 546 3677 iu
567 3623 766 3692 possessiouem
786 3623 835 3689 rei,
855 3627 971 3692 excepto
984 3621 1068 3678 titulo
1083 3625 1266 3693 usucapionis,
1279 3641 1313 3680 eo
1331 3625 1397 3696 quie
1415 3626 1479 3698 iun-

300 3733 382 3786 datur
401 3733 430 3786 iu
448 3732 508 3801 ipsa
526 3733 568 3786 rei
587 3719 766 3800 possessione.
787 3732 825 3782 At
845 3729 960 3784 traditio
979 3729 1134 3784 sufficiebat
1151 3731 1215 3800 ficto
1240 3747 1289 3784 seu
1314 3733 1477 3800 syrnbolicu,

299 3838 387 3893 veluti
406 3853 536 3908 expressa
549 3853 598 3904 per
611 3817 788 3889 traditionem
811 3834 947 3888 clavium:
966 3833 1055 3888 adhuc
1075 3835 1187 3890 iubetur
1201 3835 1258 3889 cod.
1273 3838 1351 3890 Aust.
1366 3836 1427 3890 425.
1442 3865 1477 3878 -

301 3943 359 3996 Hoc
368 3940 581 4012 prudentissime
590 3941 727 3993 statutum
738 3938 791 3991 tuit
805 3942 835 3992 ut
846 3943 924 3992 corta
933 3943 1026 3992 essent
1035 3937 1158 4013 dominia
1171 3955 1262 3993 rerum
1273 3945 1302 3992 et
1311 3939 1374 3991 iure
1387 3943 1479 3991 treus·

299 4052 453 4114 ferrentur,
472 4047 586 4101 remotis
611 4044 846 4115 usurpationibus.
868 4071 902 4086 -
924 4045 965 4097 Ex
991 4043 1107 4098 adverso
1130 4045 1158 4096 in
1176 4043 1317 4098 codicibus
1336 4043 1479 4098 hodiernis

299 4155 410 4226 passim,
423 4158 454 4208 ut
472 4154 501 4207 in
519 4151 579 4207 ced.
598 4151 669 4205 Gall.
689 4158 720 4206 et
739 4149 799 4205 ltal.
819 4150 899 4204 nulla
918 4149 1069 4220 requiritur
1082 4166 1175 4205 rerum
1188 4151 1301 4204 traditio
1315 4155 1344 4204 et
1357 4149 1480 4205 invaluit

299 4261 469 4316 contrarium
483 4257 673 4328 principium«
687 4257 780 4310 Nudis
793 4257 967 4326 pactionibus
980 4256 1104 4309 deretinia
1116 4272 1214 4311 rerum
1228 4259 1443 4328 transferrentur
1452 4273 1477 4308 ›.

299 4370 390 4430 Quare
408 4368 436 4421 in
456 4367 531 4422 bisce
549 4365 661 4434 legibus
674 4364 781 4419 nullum
801 4365 921 4419 babetur
934 4363 1082 4432 vestigium
1097 4362 1308 4418 interdictorum
1321 4365 1480 4434 adipiscen-

299 4479 353 4530 dae
368 4475 560 4544 possessionis.
