3350 5117
345 275 414 341 400
871 294 956 341 rens
981 294 994 341 1

437 415 546 490 Quare
568 421 659 481 actus
675 418 893 481 contentiosos
916 416 1014 481 iudex
1037 415 1221 481 ordinarius
1234 420 1332 481 extra
1353 434 1445 478 suum
1460 418 1526 479 ter·
1647 421 1648 486 Ξ

347 537 496 601 ritorium
512 536 618 602 valide
633 537 844 621 interponere
860 557 926 602 non
950 541 1072 623 potest;
1095 542 1200 622 potest
1214 555 1295 601 vero
1312 534 1524 600 voluntariam
1647 549 1648 610 g

347 660 600 727 iurisdictionem
623 681 792 728 exercere.
810 698 854 712 -
870 662 938 728 Pro
954 663 1112 728 exercitio
1127 664 1347 728 contentiosae
1364 660 1475 727 iurisd.
1491 657 1526 725 fit

349 790 380 853 in
397 788 496 854 Clem.
510 789 595 854 unic.
613 788 666 855 De
679 788 759 872 foro
776 808 887 872 comp.
900 788 957 874 (ΙΙ,
971 788 1005 873 2)
1021 789 1170 875 exceptio
1186 788 1290 873 quoad
1306 789 1482 874 Episcopos
1501 788 1526 851 si

349 913 500 998 expulsos
523 932 544 976 a
567 932 625 977 sua
644 914 799 978 Dioecesi.
818 913 1006 979 -Iudices
1028 933 1108 979 vero
1131 913 1270 999 delegati
1286 916 1448 977 exercent
1469 909 1528 975 sibi

348 1034 530 1100 mandatam
554 1034 807 1135 iurisdictionem
831 1038 865 1099 in
888 1036 961 1103 loco
985 1056 1048 1120 quo
1071 1035 1236 1101 ordinario
1259 1039 1440 1105 morantur,
1468 1033 1528 1097 nisi

348 1161 435 1227 aliud
458 1166 613 1227 caveatur
637 1162 854 1249 inrescripto,
879 1162 932 1228 vel
957 1164 990 1227 in
1013 1164 1077 1229 alio
1100 1164 1172 1229 loco
1194 1183 1215 1228 a
1237 1162 1399 1227 domicilio
1416 1180 1529 1245 parum

350 1285 468 1358 dissito,
486 1286 539 1352 ubi
564 1286 758 1351 commodius
783 1286 935 1352 iudicium
959 1287 1081 1353 absolvi
1103 1292 1217 1374 potest.
1236 1287 1343 1353 Edicit
1362 1288 1451 1351 enirn
1467 1286 1529 1350 Bo-

350 1411 480 1476 nitatius
504 1408 587 1475 VIII
612 1412 645 1476 in
670 1430 746 1494 cap.
762 1411 807 1484 11,
832 1410 887 1477 De
908 1412 1063 1496 rescript.
1087 1414 1125 1479 in
1148 1413 1225 1499 60,
1249 1412 1282 1498 3)
1306 1412 1392 1497 quod
1416 1412 1527 1497 Legati

349 1532 529 1599 huiusmodi
554 1554 617 1599 non
637 1554 655 1596 ‹
672 1534 714 1599 de
733 1538 842 1600 cetero
867 1535 1124 1601 committantur
1144 1555 1208 1602 nec
1229 1535 1422 1601 audiantur
1437 1534 1528 1610 olibi,

352 1676 458 1742 quam
480 1658 518 1724 in
540 1658 728 1725 civitatibus
752 1659 804 1724 vel
828 1658 910 1724 iocis
932 1659 1122 1745 inciperim
1143 1660 1203 1725 ubi
1220 1659 1329 1743 possit
1351 1657 1530 1729 commode
1647 1739 1648 1758 χ

350 1782 449 1867 copia
467 1783 660 1865 peritorum
685 1782 802 1849 teabem'
825 1803 855 1847 ›.
