3350 5117
839 306 923 357 PARS
949 308 971 353 1.

750 591 935 671 SEOTIO
965 594 1035 671 111.

494 782 549 852 De
573 784 697 877 iudicii
720 784 935 856 definitione
957 805 1025 857 sen
1048 784 1290 857 conclusione

301 1010 518 1070 summarium.
537 1042 575 1058 -·
590 1017 653 1071 600.
673 1016 804 1072 Pluribus
823 1018 912 1073 modis
933 1019 1029 1073 finitur
1047 1022 1179 1073 instantio
1198 1016 1336 1072 iudicialis
1354 1015 1400 1072 vel
1419 1016 1483 1085 ipsa

391 1124 514 1191 quaestio
532 1122 678 1178 iudicialis
697 1152 734 1167 ·-
751 1124 816 1180 ool.
836 1124 910 1179 Ordo
930 1126 1114 1181 tractationis

392 1298 468 1363 600.
494 1299 660 1371 Iudicium,
684 1302 753 1367 sive
777 1302 959 1369 ordinario
975 1304 1044 1368 sive
1059 1302 1248 1369 summario
1264 1319 1417 1387 processu
1437 1300 1484 1363 in·

302 1426 448 1499 struitur,
465 1430 500 1492 ut
512 1446 572 1512 per
587 1428 779 1493 sententiam
796 1426 982 1497 definiatur.
999 1430 1125 1495 Verum
1142 1430 1288 1514 quamvis
1303 1448 1342 1492 eo
1357 1429 1484 1513 spectet

303 1550 454 1618 iudicium
477 1554 674 1637 inchoatum,
699 1559 734 1621 ut
756 1574 816 1641 per
841 1558 1032 1621 sententiam
1057 1553 1255 1621 definitivam
1285 1554 1483 1625 absolvatur.

302 1676 409 1738 tamen
433 1674 497 1739 alia
512 1676 609 1741 etiam
632 1676 759 1742 ratione
782 1676 934 1743 iudicium
954 1679 1137 1763 incoeptum
1160 1676 1332 1761 aliquando
1348 1674 1485 1740 absolvi·

302 1804 366 1865 tur.
390 1801 472 1866 Nam
495 1821 560 1867 non
584 1802 684 1868 semel
707 1807 831 1871 tantum
858 1804 1022 1871 instantio
1045 1774 1203 1869 iudicialis
1227 1802 1414 1869 absolvitur.

394 1920 427 2008 1)
452 1924 520 1990 lam
536 1923 673 1989 vidimus
689 1924 846 2009 quomodo
869 1924 1020 1990 iudicium
1037 1924 1077 1990 de
1094 1942 1158 1991 una
1171 1944 1312 2010 persona
1331 1924 1363 1989 in
1388 1922 1488 1988 aliam

302 2044 539 2122 transferatur;
564 2052 596 2111 at
618 2053 695 2113 tunc
721 2066 786 2111 oon
808 2046 961 2115 obsolute
985 2046 1135 2113 iudicium
1151 2044 1272 2119 finitur,
1289 2046 1345 2113 sad
1362 2046 1487 2111 solum-

304 2167 398 2233 modo
428 2177 534 2235 cessat
562 2171 726 2237 instantia
753 2171 912 2237 iudicialis
941 2173 1049 2237 relate
1079 2171 1119 2237 ad
1150 2177 1274 2237 certam
1299 2190 1485 2257 personam,

304 2293 357 2357 cui
387 2294 421 2357 in
451 2294 568 2360 iudicio
591 2296 656 2361 alia
683 2297 837 2363 succedit.
871 2296 982 2363 Veluti
1013 2316 1073 2382 per
1101 2300 1237 2363 mortem
1261 2294 1387 2361 uetans
1415 2296 1488 2361 sive

303 2414 355 2479 rei
385 2412 422 2480 fit
443 2421 479 2481 ut
509 2417 607 2483 heres
629 2419 676 2483 sui
701 2421 844 2483 auctoris
876 2438 1047 2505 personam
1072 2422 1287 2504 prosequatur
1310 2436 1428 2503 gerere
1452 2420 1488 2483 in

304 2543 423 2610 iudicio
443 2547 475 2609 vi
498 2547 720 2612 translationis
743 2546 873 2622 iudicii;
889 2567 952 2613 nec
978 2567 1043 2612 ιιοιι
1067 2566 1127 2632 per
1149 2551 1251 2612 status
1274 2548 1487 2612 mutationem

304 2667 421 2732 accidit
452 2673 488 2733 ut
517 2670 587 2753 quis
617 2688 790 2754 personam
818 2669 925 2735 standi
953 2671 988 2733 in
1020 2668 1136 2734 iudicio
1166 2668 1312 2734 absolute
1341 2668 1487 2744 amittat;

305 2813 336 2855 v.
357 2812 419 2877 gr.‚
440 2794 467 2857 si
489 2774 582 2860 actor
604 2800 662 2859 aut
683 2814 760 2859 reus
782 2796 816 2859 in
839 2796 1013 2859 amentiam
1035 2793 1176 2867 labatur,
1202 2812 1304 2878 quare
1327 2794 1404 2861 huic
1427 2814 1488 2860 cu·

305 2920 397 2981 rator
419 2922 475 2981 aut
498 2924 692 3003 procurator
718 2919 754 3004 in
774 2918 831 2983 lite
856 2916 1095 2983 substituendus
1119 2921 1176 2981 est.

393 3038 428 3124 2)
451 3042 560 3107 Etiam
582 3042 755 3127 aliquando
778 3041 926 3107 redditur
941 3040 1144 3126 impossibilis
1160 3040 1269 3105 iudicii
1292 3041 1487 3126 prosecutio

305 3164 430 3229 scilicet
444 3165 483 3230 in
498 3166 733 3232 mouentibus
749 3187 808 3251 per
830 3170 969 3231 mortem
985 3164 1136 3235 accusati,
1155 3182 1216 3227 nec
1235 3182 1301 3227 non
1315 3161 1490 3247 aliquando

306 3289 435 3373 expirat
464 3288 627 3355 iactantia
657 3288 815 3356 iudicialis
846 3291 885 3354 in
904 3288 1071 3361 eioitibras,
1099 3292 1229 3372 utputa,
1262 3284 1389 3370 quando
1419 3291 1490 3351 tum

305 3410 430 3477 actoris
452 3416 522 3476 tum
543 3412 596 3477 rei
618 3432 758 3497 persona
774 3414 807 3479 in
825 3432 923 3477 unam
940 3410 1141 3485 refunditur;
1158 3410 1258 3475 veluti
1275 3410 1302 3474 si
1325 3412 1418 3473 actor
1432 3405 1493 3475 flat

306 3534 404 3600 heres
434 3537 483 3601 sui
505 3535 687 3601 adversarii
710 3556 769 3601 seu
791 3536 856 3609 rei,
885 3535 965 3601 adeo
997 3539 1031 3598 ut
1060 3531 1154 3599 titulo
1185 3530 1374 3597 hereditatis
1396 3536 1492 3596 actor

306 3656 449 3725 obtineat
471 3658 555 3744 quod
578 3661 642 3725 alio
664 3660 757 3725 titulo
781 3659 957 3746 repetebat.

397 3782 429 3871 3)
447 3784 528 3851 Item
542 3785 571 3851 si
586 3804 642 3849 res
653 3790 867 3851 controversa
887 3804 965 3851 casu
977 3784 1109 3868 periret,
1127 3782 1207 3848 adeo
1224 3788 1260 3847 ut
1274 3802 1336 3847 nec
1351 3781 1494 3867 amplius

307 3908 373 3973 litis
394 3908 521 3976 adesset
543 3909 713 3983 obiectum,
736 3929 800 3975 nec
825 3910 931 3995 possit
953 3911 1059 3994 repeti
1081 3906 1298 3993 aequivalens,
1316 3926 1413 3991 quum
1436 3926 1494 3972 res

307 4052 373 4096 non
395 4034 530 4100 alterius
552 4034 647 4119 culpa
674 4034 845 4114 interierit,
876 4032 972 4118 plane
1001 4032 1041 4097 lis
1064 4032 1276 4117 extinguitur.
1310 4030 1373 4098 Sed
1401 4031 1493 4097 hisce

308 4162 405 4227 etiam
427 4162 459 4224 in
483 4160 610 4227 casibus
633 4158 787 4224 iudicium
810 4178 876 4222 non
911 4178 1026 4243 reapse
1053 4156 1241 4231 absolvitur,
1267 4154 1323 4222 sed
1354 4155 1494 4241 amplius

308 4287 426 4374 agitari
449 4305 514 4352 non
536 4289 640 4372 potest
662 4284 826 4351 instantio
849 4282 1016 4357 iudicialis,
1040 4284 1115 4367 quia
1141 4302 1195 4348 res
1218 4281 1330 4348 incidit
1358 4282 1392 4346 in
1416 4302 1493 4347 eum

308 4430 419 4479 casum
441 4430 462 4476 a
484 4429 546 4496 quo
569 4409 715 4495 incipere
745 4427 811 4473 non
833 4413 974 4494 poterat.
