3350 5117
308 293 373 359 554
832 316 916 363 rues
940 316 962 362 1.
1024 351 1030 366 ,

308 438 394 501 cavit
417 440 581 521 processui
596 440 790 523 aequitatem
806 441 998 524 naturalem,
1015 443 1106 507 iuxta
1121 462 1218 526 quam
1236 463 1308 510 non
1323 440 1418 509 debet
1437 442 1490 507 al-

309 562 371 625 leri
389 580 456 644 per
471 564 616 627 alterurn
640 563 759 647 iniqua
783 564 929 631 conditio
946 564 1079 647 inferri.
1098 600 1116 611 -
1133 565 1217 653 Rep.
1233 565 1300 630 iur.
1319 565 1375 638 74,
1389 567 1427 649 ff.
1443 600 1489 615 -

308 686 411 751 Hinc:

400 808 430 895 Ι)
455 811 506 873 Ex
523 831 549 875 c.
564 830 590 876 c.
615 812 633 873 1
656 816 688 877 et
709 812 768 876 nlt.
794 812 826 877 b.
844 817 863 875 t.
889 812 923 873 X
944 813 1137 897 rescriptum
1156 813 1323 878 obtentum
1346 814 1379 877 in
1395 833 1490 897 prae·

308 933 456 999 iudicium
481 934 615 998 alterius
638 953 680 999 ex
704 934 962 1019 collitigantibus,
982 936 1082 1001 veluti
1106 935 1315 1021 obreptitium
1340 936 1392 1001 vel
1416 936 1489 1001 sub-

308 1062 471 1146 reptitium
496 1060 619 1124 nullum
643 1066 700 1132 est,
726 1060 785 1124 uisi
811 1060 961 1125 Pontifex
984 1066 1179 1126 mentionem
1203 1063 1302 1127 faciat
1324 1062 1392 1127 litis
1403 1081 1489 1144 pen·

308 1182 424 1247 dentis.
452 1184 561 1267 Neque
592 1180 756 1247 sufficeret
788 1183 931 1248 clausula
964 1202 1009 1249 en
1040 1190 1135 1253 certa
1156 1186 1299 1251 scientia
1336 1191 1369 1251 et
1391 1191 1490 1250 motu

305 1309 459 1391 propria,
473 1310 546 1392 quia
563 1309 710 1375 Summus
734 1308 888 1373 Pontifex
912 1328 976 1373 non
993 1304 1211 1392 praesumitur
1225 1310 1310 1375 velle
1324 1310 1488 1395 derogare

308 1437 370 1499 iuri
399 1436 487 1501 tertii
518 1435 573 1499 lite
603 1434 779 1517 pendente,
804 1436 867 1499 nisi
900 1436 941 1500 de
971 1436 1035 1501 hac
1064 1438 1260 1503 mentionem
1280 1436 1390 1501 iaciat
1420 1456 1486 1502 ex-

307 1578 460 1643 pressam.

397 1684 430 1767 2)
448 1684 517 1747 lite
533 1682 703 1767 pendente,
728 1703 837 1747 rerum
863 1689 897 1749 et
918 1685 1080 1749 actionum
1103 1685 1317 1769 litigiosarum
1333 1682 1490 1747 alienatio

308 1808 469 1894 prohibita
485 1815 542 1889 est,
564 1814 597 1875 ct
620 1810 645 1875 si
668 1808 724 1874 fiat
747 1810 854 1875 statim
879 1809 1063 1875 revocanda
1086 1815 1145 1875 est.
1169 1810 1261 1885 Quod
1284 1812 1311 1876 si
1334 1830 1389 1875 res
1411 1809 1490 1873 alie·

308 1936 385 1996 nata
408 1932 596 2015 recuperari
621 1932 739 2015 nequit,
757 1933 793 2001 is.
819 1932 871 2014 qui
896 1932 1057 2003 alienavit,
1082 1952 1152 1996 rem
1176 1933 1433 2016 aequivalentem
1450 1933 1487 1995 iu

308 2061 376 2123 eius
400 2058 505 2122 locum
529 2056 723 2121 substituere
745 2062 884 2127 tenetur,
902 2076 984 2140 quae
1007 2078 1061 2123 res
1083 2056 1259 2143 subrogata
1278 2057 1417 2122 indolem
1434 2056 1513 2123 rei'

308 2180 474 2266 lilipiosae
496 2179 603 2243 statim
626 2179 768 2243 assumit.
794 2178 842 2243 cf.
867 2198 941 2244 can.
959 2180 1017 2251 50,
1035 2198 1127 2245 canc.
1145 2180 1190 2260 11,
1214 2181 1281 2263 q.1
1306 2184 1339 2247 et
1361 2201 1388 2245 c.
1414 2179 1490 2245 αθ

308 2306 358 2372 De
382 2304 525 2376 testibus,
550 2304 584 2367 X
606 2300 663 2384 (ΙΙ,
686 2303 742 2388 20)
766 2310 798 2368 et
822 2302 847 2370 3
869 2310 901 2369 et
923 2304 946 2367 4
970 2304 1000 2367 Ιι.
1026 2310 1046 2368 t.
1071 2305 1113 2367 X.

397 2428 430 2515 3)
455 2428 562 2493 Etiam
586 2428 618 2491 in
636 2429 739 2493 causis
755 2427 1051 2501 matrimonialibus,
1068 2429 1124 2493 lile
1138 2428 1316 2511 pendente,
1332 2428 1490 2512 coniuges

308 2554 447 2639 propriis
470 2551 593 2617 iuribus
623 2554 746 2637 privari
769 2572 834 2617 non
857 2552 975 2617 debent
1000 2554 1035 2617 in
1065 2553 1137 2618 loro
1168 2558 1334 2635 ezelonem
1364 2552 1490 2617 nihilo-

308 2646 414 2741 minus
436 2677 469 2739 in
501 2676 573 2740 foro
595 2676 728 2743 interno
753 2696 826 2740 cum
851 2681 944 2742 certa
966 2676 1185 2760 impedimenti
1207 2675 1389 2741 dirimentis
1412 2696 1491 2740 con·

308 2796 443 2862 scientia
458 2796 516 2881 ipsi
542 2798 694 2881 coniuges
717 2814 778 2859 nec
802 2799 914 2879 petere
936 2815 998 2861 nec
1018 2795 1156 2861 reddere
1178 2795 1320 2861 debitum
1340 2802 1486 2882 possunt.

310 2919 358 2985 (ΙΙ.
382 2941 409 2986 c.
434 2940 461 2986 c.
485 2918 521 2999 2,
546 2918 577 2982 b.
603 2923 623 2983 l.
648 2920 682 2983 X
703 2924 735 2984 et
758 2918 792 2994 3,
817 2918 1103 2993 5,13,Derest.
1128 2920 1261 3003 spoliat.
1278 2921 1313 2983 X
1333 2922 1392 3000 (ΙΙ,
1419 2920 1486 3005 13).

398 3042 432 3131 4)
456 3047 634 3119 Innovatio,
663 3044 832 3129 pendente
860 3045 925 3116 lite,
950 3047 984 3109 in
1012 3064 1050 3111 re
1074 3045 1269 3130 beneficiali,
1300 3046 1490 3131 specialiter

309 3170 513 3237 interdicitur
537 3173 569 3235 in
593 3191 620 3237 e.
641 3192 670 3236 e.
693 3170 712 3232 1
735 3176 765 3235 et
789 3170 815 3233 2
839 3170 871 3235 b.
896 3176 916 3235 t.
941 3171 978 3235 in
1001 3170 1025 3235 6
1048 3172 1170 3255 (11,8);
1194 3170 1309 3255 quibus
1325 3172 1489 3247 statuitur,

309 3292 392 3378 quod
416 3296 443 3359 si
466 3313 509 3358 ex
531 3292 653 3358 duobus
677 3294 730 3377 qui
753 3293 949 3359 iudicialiter
964 3293 1163 3361 contendunt
1181 3295 1251 3358 sive
1271 3294 1360 3359 circa
1382 3296 1490 3379 provi·

307 3420 430 3484 sionem
452 3414 600 3481 beneficii
624 3435 824 3500 quacumque
844 3417 1002 3481 canonica
1027 3417 1133 3482 forma
1155 3416 1284 3491 factam,
1304 3419 1373 3483 sive
1397 3420 1490 3485 circa

307 3538 496 3605 beneficium
510 3542 573 3604 iam
585 3538 759 3612 obtentum,
777 3540 936 3604 alteruter
949 3540 1002 3604 vel
1014 3539 1148 3605 decedat
1160 3540 1212 3605 vel
1223 3541 1272 3607 liti
1286 3540 1389 3612 cedat,
1404 3541 1491 3605 alius

309 3666 342 3727 iu
365 3665 433 3728 eius
455 3663 562 3727 locum
586 3662 732 3727 substitui
756 3683 821 3726 non
845 3661 968 3734 debeat,
993 3662 1050 3727 sed
1073 3662 1201 3727 interea
1223 3663 1313 3727 litem
1336 3682 1410 3728 cum
1433 3684 1491 3728 su·

309 3788 441 3873 perstite
464 3788 705 3853 terminandam·
722 3807 803 3861 esse,
820 3808 864 3853 ex
886 3785 995 3852 officio
1017 3807 1038 3851 a
1057 3786 1175 3853 iudice.

399 3915 560 3989 Quocirca
589 3914 757 3979 occasione
792 3914 888 3979 huius
923 3913 1136 3998 dispositionis
1167 3912 1318 3979 conlecta
1345 3918 1396 3978 est
1427 3934 1489 3979 re-

309 4037 385 4122 gula
407 4036 445 4101 2³
468 4036 690 4103 Cancellariae
713 4037 919 4121 Apostolicae
942 4054 1025 4119 quae
1052 4058 1071 4098 ι
1094 4036 1145 4101 De
1165 4035 1398 4122 subropandia
1421 4037 1490 4103 liti-

308 4159 467 4245 pentibus
483 4181 500 4222 s
521 4158 716 4232 inscribitur,
735 4179 777 4223 ex
801 4178 864 4257 qua
887 4160 914 4223 si
937 4158 1000 4223 duo
1015 4180 1113 4243 super
1128 4158 1285 4225 beneficio
1301 4160 1438 4246 litigent,
1456 4166 1491 4225 et

310 4301 422 4348 eorum
446 4283 531 4350 alter
558 4284 648 4348 litem
671 4282 810 4363 deserat,
835 4282 1023 4348 conceditur
1046 4283 1186 4369 litiganti
1208 4285 1374 4369 superstiti
1403 4303 1489 4349 unus

309 4411 428 4475 mensis
450 4408 490 4473 ad
505 4408 675 4494 petendam
691 4410 950 4496 surrogatiouem
968 4410 1001 4475 in
1016 4429 1112 4473 omne
1128 4411 1177 4475 ius
1199 4409 1283 4495 quod
1298 4410 1488 4477 adversario
