3350 5117
313 329 381 394 294
841 353 926 401 runs
951 354 974 400 1.

314 469 489 552 proveniat
510 489 555 535 ex
578 490 679 536 causa
700 469 804 536 libera
818 473 1034 556 eatsiaseca;
1052 481 1194 540 attamen
1210 475 1293 540 salet
1309 475 1392 554 addi,
1406 477 1500 559 quasi

313 589 466 659 distincta
488 594 634 677 qualitas,
660 595 742 678 quod
766 603 870 662 metus
893 598 935 662 sit
957 597 1102 664 iniustas
1126 605 1159 665 et
1181 596 1225 663 ab
1248 599 1450 666 extrinseco.

404 716 539 781 Demum
554 717 711 784 incasura
726 718 774 783 ad
788 721 1064 804 extorquendum
1081 740 1292 800 consensuro,
1309 723 1382 804 quia
1394 729 1503 787 metus

314 839 470 907 iniustitia
492 844 644 927 provenit
668 863 711 908 en
734 842 878 909 laesione
901 845 981 908 iuris
1002 844 1098 910 liberi
1125 846 1261 931 agentis,
1286 847 1338 930 qui
1362 846 1503 912 alterius

314 963 410 1029 liberi
439 968 565 1051 agentis
594 967 780 1033 violentiam
803 971 927 1054 patitur
950 968 1123 1035 obnitentis
1146 970 1231 1035 illius
1253 970 1390 1036 liberum
1414 970 1499 1036 arbi·

313 1091 412 1155 trium
441 1091 483 1154 ad
514 1099 622 1185 actum
650 1093 855 1178 pertrahere,
878 1095 1018 1160 electum
1048 1116 1112 1160 non
1136 1096 1177 1161 ab
1201 1117 1239 1162 eo
1263 1097 1316 1182 qui
1339 1098 1415 1182 agit,
1440 1096 1501 1162 sed

314 1211 355 1277 ab
379 1213 447 1298 ipso
470 1220 597 1281 metum
622 1217 793 1282 inserente.
819 1221 972 1283 Attamen
995 1219 1287 1305 Schmalzgrueber
1310 1220 1340 1284 h.
1360 1225 1379 1284 t.
1396 1239 1430 1286 a.
1446 1219 1500 1284 27

313 1357 381 1423 seq.
407 1345 440 1404 et
464 1341 510 1406 De
535 1341 634 1426 tago,
661 1341 710 1407 De
731 1342 809 1408 iast.
834 1349 865 1409 et
889 1343 985 1424 iura,
1003 1344 1096 1426 Dirp.
1121 1343 1182 1425 22,
1199 1365 1233 1409 n.
1256 1345 1324 1410 175
1347 1363 1426 1428 seq„
1444 1363 1502 1408 au-

314 1467 440 1527 tumant
463 1463 549 1528 hanc
573 1464 789 1531 conditionem
813 1467 1028 1531 necessariam
1060 1487 1125 1530 non
1154 1486 1235 1540 esse,
1260 1467 1316 1532 sed
1347 1465 1503 1532 sufficere

313 1589 441 1651 metum
471 1606 623 1672 proaem,
648 1589 813 1654 iniustam
837 1591 954 1674 quoad
976 1590 1227 1686 substantiam
1241 1601 1275 1656 at
1297 1591 1504 1655 communior

314 1716 365 1776 est
398 1714 565 1777 contraria
599 1713 771 1786 sententia,
795 1733 912 1799 nempe
947 1721 1075 1780 meum
1107 1733 1250 1801 proaem
1281 1733 1350 1781 esee
1375 1713 1505 1779 debere

313 1835 480 1903 iniustum
495 1839 612 1922 quoad
627 1838 861 1910 substantiam,
879 1840 1055 1905 incassum
1070 1840 1116 1904 ad
1132 1839 1407 1924 actorquendum
1422 1857 1499 1904 aaa·

312 1981 461 2028 aeneum.
487 1963 632 2029 Sauchez
658 1966 703 2028 ita
725 1966 886 2050 opinatur,
912 1964 967 2031 tit.
992 1963 1052 2037 IV,
1069 1964 1149 2040 XII,
1164 1985 1200 2030 n.
1217 1963 1252 2047 3,
1268 1965 1349 2030 alios
1371 1966 1499 2049 gravis-

313 2089 412 2153 simos
436 2091 539 2154 citans
563 2091 628 2154 DD.
645 2127 689 2140 -
706 2089 870 2165 Quocirca
892 2111 918 2156 c.
936 2111 963 2155 c.
980 2089 1031 2170 14,
1054 2069 1108 2164 35,
1133 2089 1191 2171 28,
1216 2090 1266 2156 De
1288 2091 1448 2172 spumat,
1465 2089 1505 2154 X

314 2213 388 2299 (IV,
413 2218 440 2297 l)
473 2221 507 2282 et
537 2237 613 2301 cap.
637 2219 655 2279 1
680 2217 711 2281 h.
738 2223 759 2281 t.
783 2218 826 2296 Χ,
854 2217 1067 2283 diversimode
1099 2221 1368 2282 commentatores
1394 2217 1498 2281 inter-

316 2343 488 2423 pretantur
510 2336 567 2423 (1).

407 2465 449 2528 Et
472 2465 505 2527 in
529 2463 593 2527 hoc
611 2465 788 2529 convenire
804 2464 956 2529 videntur
979 2463 1143 2537 Doctores,
1161 2483 1276 2550 nempe
1300 2464 1427 2528 irritum
1444 2463 1498 2528 vel

314 2583 507 2647 irritandum
532 2602 604 2648 esse
627 2589 735 2649 actum
759 2586 897 2669 positum
922 2583 980 2650 sub
1003 2589 1090 2668 metu
1114 2586 1208 2670 gravi
1230 2583 1353 2650 iniusto
1381 2583 1502 2667 quoad

312 2705 548 2777 substantiam,
574 2707 702 2772 incusso
725 2726 789 2771 non
813 2707 854 2772 ad
871 2707 1127 2791 extorquendum
1151 2726 1353 2786 consensum,
1371 2705 1426 2770 sed
1442 2707 1499 2788 qui

313 2831 356 2896 ab
373 2831 538 2898 inserente
561 2832 722 2912 aufertur,
740 2834 765 2898 si
787 2839 907 2898 metum
924 2853 1038 2918 passus
1061 2832 1180 2916 aliquid
1203 2839 1335 2918 rogatus
1355 2837 1502 2918 praestet

404 3075 567 3149 (l)1nhoc
592 3076 765 3147 propositum
791 3076 826 3130 cl.
847 3076 1018 3131 D'Annibsle
1043 3077 1085 3130 ita
1110 3076 1302 3142 ratiocinatur,
1322 3075 1360 3142 ΙΙ,
1380 3079 1398 3139 5
1417 3075 1500 3128 ³04:

312 3191 331 3232 ‹
352 3177 414 3233 Dixi
436 3180 470 3233 ad
489 3181 730 3252 extorquendam,-
751 3181 817 3251 quid
843 3181 930 3250 igitur
948 3182 969 3234 si
996 3182 1058 3252 quis
1082 3185 1159 3236 metu
1177 3180 1229 3234 sibi
1249 3181 1360 3234 incussu
1380 3197 1415 3234 ex
1440 3179 1501 3234 aliu

312 3303 399 3340 causa
416 3305 441 3341 r.
456 3305 479 3341 c.
499 3287 629 3342 detrusus
642 3288 671 3341 in
684 3304 797 3343 carcere
815 3293 846 3342 et
858 3288 950 3358 capita
969 3287 1138 3358 plectendus,
1159 3292 1189 3344 ut
1207 3305 1237 3342 se
1254 3287 1397 3355 liberaret,
1411 3286 1498 3342 alicui

313 3397 391 3452 dedit
408 3395 514 3468 aliquid
540 3396 585 3452 uel
610 3398 745 3468 promisit,
770 3415 796 3451 v.
816 3416 850 3464 c,
869 3413 898 3452 ee
922 3397 1010 3451 filiam
1034 3399 1094 3476 eius
1113 3395 1277 3452 ducturum?
1303 3397 1338 3450 Et
1359 3395 1499 3466 siquidem

313 3516 460 3571 suranco,
481 3505 559 3561 vaiet
577 3505 657 3576 quasi
676 3510 838 3560 contractus
856 3507 892 3560 da
903 3515 934 3560 at
952 3509 1016 3572 des,-
1029 3507 1087 3560 sive
1103 3511 1201 3576 sponte
1215 3505 1242 3559 id
1255 3508 1409 3575 promittat,
1423 3505 1499 3576 quod

313 3611 428 3682 pienum
448 3616 504 3677 est;
523 3612 583 3666 siue
602 3612 744 3684 requisitis
762 3613 797 3666 ab
816 3610 956 3683 alio,quie
970 3613 993 3665 ie
1011 3613 1101 3681 magis
1118 3613 1211 3668 aufert
1228 3629 1312 3684 quam
1332 3614 1418 3667 insert
1435 3631 1500 3670 me·

314 3722 383 3772 tum.
402 3717 450 3771 Sin
471 3722 498 3772 ei
515 3738 532 3772 a
551 3735 606 3789 quo
623 3719 730 3785 metuit,
743 3718 879 3790 siquidem
894 3715 960 3772 huic
978 3723 1076 3787 sponte
1094 3717 1198 3772 obtulit
1216 3719 1284 3788 ipse,
1303 3717 1391 3772 adhuc
1410 3717 1501 3782 velet,

313 3822 442 3892 quamvis
459 3820 565 3874 malum
584 3822 637 3875 sibi
657 3821 833 3876 inferendum
846 3823 884 3876 sit
903 3822 1050 3885 iniustum
1071 3825 1169 3890 utputa
1182 3821 1206 3874 si
1224 3820 1351 3875 dominus
1366 3821 1501 3874 obsessae

314 3929 440 3985 civitatis
459 3929 547 3984 fllium
566 3929 719 3986 obsidentis
738 3947 853 3986 uxorem
872 3935 959 4001 petat,
980 3934 1011 3984 ut
1029 3931 1125 4001 iniqua
1142 3929 1285 3985 obsidione
1310 3946 1340 3985 se
1359 3929 1497 3996 redimet3

313 4035 418 4106 quippe
431 4034 518 4091 libere
533 4035 617 4106 eligit
629 4037 751 4092 medium
769 4035 935 4091 huiusmodi.
948 4035 995 4090 Sin
1015 4039 1131 4106 rogatus
1143 4037 1179 4090 ab
1197 4033 1256 4100 illo,
1270 4033 1393 4090 Sauchez
1406 4035 1501 4090 adhuc

314 4140 410 4197 valere
429 4147 509 4212 putat
532 4143 599 4214 quia
623 4143 648 4197 is
672 4141 763 4197 adhuc
784 4145 891 4209 aufert,
910 4158 965 4197 uon
995 4141 1080 4196 infert
1104 4143 1223 4204 metum
1247 4141 1364 4195 Pontius
1389 4145 1501 4210 conus,

314 4250 382 4322 quia
400 4252 486 4306 tacite
516 4251 602 4308 infert
619 4251 718 4319 denua,
743 4252 795 4306 uisi
819 4250 869 4306 itte
889 4251 916 4305 id
934 4249 1007 4323 quod
1032 4255 1155 4320 rogatur,
1173 4250 1267 4303 faciat
1289 4249 1367 4304 Etsi
1393 4250 1418 4303 is
1437 4266 1497 4306 rem

315 4354 418 4410 iustam
436 4355 536 4424 exigit,
550 4360 627 4411 recte
646 4355 783 4424 Seuthem
802 4357 846 4411 sia
865 4357 1006 4423 iniustam,
1025 4360 1102 4412 recte
1120 4355 1246 4422 Pontius,
1265 4353 1373 4425 quiuis
1393 4369 1499 4410 novem

314 4459 445 4515 iniuriam
466 4461 532 4514 facit
546 4479 570 4513 s.
