3350 5117
329 288 395 355 404
854 280 938 355 raas
963 280 1015 353 1.'

420 428 496 493 371.
522 425 667 494 Effectus
688 429 875 495 dilationum
899 436 990 494 sunt:

424 552 456 637 l)
473 552 640 619 Pandente
656 553 819 634 dilatione,
839 555 1040 637 conquiescit
1054 554 1169 619 iudicis
1182 551 1324 619 officium
1340 574 1437 637 snper
1451 554 1508 618 illo

330 676 470 744 articulo
492 676 534 743 de
557 697 619 761 quo
636 698 791 743 concessa
806 678 868 743 luit
882 678 1011 752 dilati0;
1027 684 1061 742 et
1075 676 1179 742 donee
1194 696 1349 742 concessa
1362 683 1506 763 tempora

330 800 538 875 defluxerint,
562 802 660 868 iudex
682 803 709 867 si
733 803 935 889 procederet,
958 803 1032 886 ipso
1056 803 1141 875 iure,
1166 803 1247 867 nihil
1270 808 1393 888 ageret

419 928 454 1015 2)
479 928 565 995 Hinc
596 928 705 995 dilatio
733 932 787 995 uni
819 949 974 995 concessa
1003 929 1135 1014 prodest
1161 931 1258 993 etiam
1287 929 1384 996 alteri
1406 930 1510 1015 parti;

334 1075 411 1121 nam
434 1058 568 1141 quisque
583 1077 754 1142 processus
771 1058 975 1141 intercipitur
989 1055 1093 1141 quoad
1117 1055 1205 1120 illum
1221 1055 1392 1120 articulum
1412 1074 1509 1139 qnae

333 1180 456 1245 stionis.
484 1180 604 1245 Tamen
628 1180 806 1265 suspensio,
822 1180 870 1244 uti
884 1198 945 1263 par
960 1184 1020 1259 est,
1035 1176 1136 1242 afficit
1156 1182 1279 1241 tantum
1297 1182 1424 1262 partem
1438 1196 1511 1262 pro

334 1321 446 1367 cessus
468 1322 503 1367 se
527 1302 724 1367 referentem
748 1302 788 1367 ad
812 1302 1032 1386 quaestionem
1054 1299 1198 1365 dilationi
1220 1298 1408 1364 subiectam.

423 1424 457 1509 3)
482 1424 711 1511 Praeterlapso
734 1445 815 1490 vero
838 1432 985 1509 tempore
1007 1423 1177 1503 dilationis,
1194 1423 1270 1506 quin
1294 1422 1358 1486 alia
1376 1421 1513 1485 monitio

333 1566 354 1611 a
376 1545 482 1611 iudice
505 1544 570 1619 liat,
594 1567 671 1631 pars
693 1548 830 1633 amplius
849 1568 913 1611 non
930 1546 1109 1613 admittitur
1130 1544 1172 1609 ad
1195 1544 1375 1629 ponendum
1390 1548 1513 1623 actum,

334 1671 388 1754 qui
412 1673 445 1735 in
469 1672 608 1736 termino
632 1670 791 1736 dilationis
822 1672 897 1756 poni
920 1670 1039 1743 debuit,
1062 1670 1124 1733 nisi
1148 1689 1183 1734 se
1206 1669 1348 1753 legitimo
1375 1672 1510 1733 excuset

336 1792 580 1878 impedimento;
606 1794 692 1858 ext.
717 1795 737 1859 l.
761 1794 780 1857 1
803 1797 835 1858 et
856 1794 915 1857 ult.
938 1795 986 1875 172,
1009 1792 1061 1857 De
1080 1790 1188 1873 sertis.

420 1914 455 1999 4)
479 1915 692 1980 Nihilominus
704 1915 810 1987 iudex,
823 1916 877 1998 qui
893 1913 934 1978 ad
950 1913 1154 1998 recipiendos
1169 1917 1277 1983 testes,
1294 1910 1514 1995 depositiones

333 2060 447 2106 eorum
470 2040 688 2126 publicandas,
704 2041 783 2106 alias
806 2040 1013 2125 probationes
1028 2038 1241 2125 proferendas
1256 2044 1366 2125 partes
1382 2040 1416 2103 in
1437 2058 1510 2103 cer-

335 2168 404 2231 tum
427 2164 512 2229 diem
535 2167 655 2235 citavit,
668 2170 773 2250 potest
788 2166 885 2229 etiam
908 2169 1083 2250 expectare
1098 2163 1132 2225 in
1155 2162 1240 2226 diem
1262 2162 1512 2246 subsequentem

334 2290 376 2355 ad
400 2289 605 2375 probationes
629 2289 807 2355 huiusmodi
830 2288 1052 2369 admittendas,
1066 2289 1091 2352 si
1107 2286 1171 2351 hon
1193 2288 1337 2371 aequitas
1360 2286 1511 2359 suadeatj.

274 2468 277 2473 .
332 2434 403 2501 arg.
428 2434 502 2499 cap·
526 2412 586 2485 ee.
611 2414 660 2478 lle
683 2415 739 2497 offl
762 2414 832 2478 iud.
857 2410 1050 2495 det.,xt1,
1075 2412 1143 2497 29).

424 2534 500 2599 372.
526 2532 588 2599 Sed
614 2538 647 2598 ut
670 2539 759 2598 reete
782 2534 970 2599 aestimetur
990 2533 1148 2597 terminus
1163 2530 1360 2608 dilationum,
1373 2549 1512 2595 neeesse

333 2661 382 2721 est
405 2653 543 2721 delinire
566 2654 722 2737 quomodo
746 2654 900 2720 decurrat
914 2660 1039 2737 tempus
1054 2651 1250 2717 earumdem.
1268 2653 1407 2737 Tempus
1422 2651 1509 2716 aliud

329 2780 560 2853 diciturenim,
585 2779 671 2845 aliud
695 2781 903 2846 continuum.
930 2780 1014 2844 Utile
1036 2778 1115 2843 illud
1138 2777 1256 2843 dicitur
1279 2778 1363 2861 quod
1386 2777 1506 2842 intelli-

331 2906 418 2991 gitur
442 2925 580 2971 eurrere
604 2906 800 2970 solummodo
825 2906 863 2969 iis
879 2903 1001 2984 diebus,
1015 2903 1129 2986 quibus
1151 2904 1241 2967 adest
1257 2904 1349 2987 copia
1372 2900 1510 2987 agendi;

331 3030 416 3097 unde
439 3031 618 3096 huiusmodi
642 3037 767 3116 tempus
790 3050 854 3093 non
879 3008 983 3094 curiit
1010 3027 1122 3092 diebus
1144 3028 1279 3107 seriatis,
1303 3046 1366 3090 nee
1396 3024 1509 3090 diebus

330 3156 505 3238 absentiae,
529 3176 634 3240 neque
658 3156 778 3228 diebus,
800 3154 913 3239 quibus
936 3154 976 3219 ab
999 3154 1124 3239 agendo
1147 3155 1217 3237 quis
1239 3153 1383 3237 legitime
1399 3152 1508 3235 impe-

328 3274 430 3354 ditur,
460 3277 545 3343 unde
577 3280 721 3343 axioma:
749 3298 766 3340 «
798 3283 929 3360 tempus
958 3276 1041 3340 utile
1071 3273 1218 3361 lepitime
1244 3273 1406 3355 impedito
1436 3290 1508 3337 noo

327 3402 436 3469 ewa
459 3423 489 3467 ».
520 3403 569 3467 Ea
600 3408 714 3467 eontra
740 3406 867 3485 tempus
897 3398 1095 3466 contionum
1122 3417 1251 3481 semper
1274 3397 1379 3461 currit
1409 3396 1509 3461 etiam

327 3528 473 3615 tepitime
495 3528 666 3611 impedite.

418 3654 450 3737 l)
474 3655 613 3737 Tempus
642 3651 845 3716 dilationibus
872 3650 1142 3735 comprehensum
1174 3656 1224 3714 est
1253 3650 1372 3733 partim
1400 3647 1506 3715 conti-

242 3826 248 3837 .
328 3764 447 3849 nuum,
465 3779 581 3861 partim
598 3778 678 3841 utile
701 3796 757 3839 seu
782 3775 941 3841 mimium.
960 3776 1038 3839 Nam
1055 3779 1105 3838 est
1120 3775 1318 3840 contionum
1342 3793 1380 3837 eo
1397 3792 1491 3837 sensu

327 3908 363 3969 ut
378 3906 411 3968 in
428 3905 496 3989 ipso
520 3906 745 3988 computentur
769 3904 864 3965 etiam
888 3902 960 3967 dies
981 3901 1116 3983 feriam
1131 3898 1188 3963 sed
1210 3920 1276 3963 uon
1300 3904 1349 3964 est
1364 3901 1410 3963 ita
1432 3918 1493 3963 eon

328 4030 462 4103 tinuum,
488 4032 522 4092 ul
546 4037 658 4092 currat
680 4027 775 4090 etiam
800 4026 942 4110 legitime
965 4022 1125 4108 impedito.
1151 4022 1356 4107 Quapropter
1379 4022 1407 4085 si
1429 4022 1493 4083 inci

328 4144 435 4211 derint
458 4146 570 4228 feriae
585 4144 782 4227 repentinae
797 4151 830 4209 et
845 4145 907 4207 alia
926 4143 1161 4227 impedimenta,
1178 4144 1316 4226 suppetit
1332 4142 1415 4204 ratio
1433 4158 1492 4223 pro

328 4271 465 4358 rogandi
489 4271 672 4335 dilationem
697 4270 748 4333 vel
773 4270 869 4334 aliam
892 4268 1098 4334 concedendi.

420 4396 453 4479 2)
479 4395 626 4491 Secundo
649 4396 823 4477 inquiritur
846 4416 887 4459 an
905 4398 937 4459 in
961 4394 1112 4459 dilatione
1137 4396 1314 4478 computari
1340 4395 1436 4458 etiam
1451 4389 1502 4453 de
