3350 5117
325 286 391 351 348
860 309 943 357 ruas
968 311 989 355 r.

324 429 455 492 tentem.
474 464 517 478 -
533 427 758 503 Quamobrem,
776 430 904 514 quando
927 431 1017 517 leges
1037 432 1254 498 determinare
1269 434 1442 501 intendunt
1457 436 1504 500 iu-

323 551 405 618 dicis
435 555 691 652 competentiam,
705 555 875 641 designant
897 556 1015 622 iurinm
1038 560 1380 644 controversias,quas
1403 559 1502 625 iudex

323 697 382 742 sua
403 679 565 744 sententia
587 677 723 745 definire
746 681 869 746 valeat.

413 804 489 871 321.
515 806 723 873 Ordinarium
755 809 922 874 criterium
957 808 1231 876 determinationis
1267 814 1504 896 competentiae

323 936 398 996 sunt
420 933 502 1013 iura,
527 952 591 997 non
617 933 704 1018 ipsae
728 952 905 1018 personae;
930 935 1080 999 nimirum
1110 935 1143 999 in
1174 933 1372 1021 designando
1395 936 1504 1003 iudice

324 1058 526 1137 competente
547 1074 612 1119 non
635 1055 803 1140 dispicitur
826 1055 995 1122 cuiusnam
1016 1056 1058 1121 sit
1081 1055 1130 1120 ius
1153 1060 1410 1130 controversum,
1427 1058 1503 1123 Titii

322 1183 379 1243 aut
412 1147 502 1254 Caii,¹
521 1178 578 1246 sed
610 1179 789 1246 attenditur
824 1181 961 1264 quaiitas
994 1181 1075 1245 iuris
1108 1200 1165 1246 seu
1200 1199 1317 1246 causae
1350 1179 1504 1247 definien-

323 1298 398 1376 dae;
413 1305 527 1386 utputa
541 1322 583 1366 an
599 1305 640 1368 sit
656 1323 754 1370 causa
770 1303 990 1371 ecclesiastica
1005 1303 1058 1369 vel
1073 1304 1241 1371 secularis.
1260 1306 1327 1370 Per
1342 1307 1506 1390 exceptio

323 1440 397 1486 nem
420 1441 500 1488 vero
516 1422 687 1508 aliquando
711 1426 918 1510 assignantur
933 1427 1059 1493 directe
1075 1428 1310 1514 competentiae
1325 1427 1422 1494 iudici
1437 1447 1504 1493 non

323 1545 396 1609 iura
419 1551 640 1618 controversa,
658 1545 714 1612 sed
738 1553 849 1613 certae
863 1568 1031 1634 personae,
1045 1548 1200 1616 edicendo
1224 1555 1259 1616 ut
1281 1569 1505 1635 quaecumque

250 1678 251 1686 ’
323 1675 441 1755 agatur
465 1673 608 1756 quaestio
639 1672 806 1758 pertinens
837 1671 878 1736 ad
901 1674 960 1738 has
983 1695 1148 1760 personas,
1173 1678 1253 1741 istae
1280 1695 1398 1741 causae
1421 1673 1504 1739 iudi·

324 1793 445 1858 candae
469 1797 533 1860 sint
548 1795 589 1861 ab
604 1796 660 1860 illo
685 1795 799 1863 iudice.
821 1797 863 1864 Ut
885 1817 972 1871 ecce,
989 1799 1014 1862 si
1030 1798 1236 1880 decernatur,
1253 1799 1377 1870 milites,
1390 1817 1499 1882 quam·

323 1938 459 2003 cumque
475 1922 508 1984 hi
525 1920 667 1986 habeant
682 1925 945 1996 controversiam,
963 1921 1148 1987 iudicandos
1171 1943 1243 1988 esse
1267 1942 1288 1987 a
1309 1923 1504 1988 militaribus

324 2040 525 2118 hominibus;
549 2043 603 2108 vel
627 2044 764 2109 clericos
787 2046 862 2110 item
884 2044 1013 2110 nonnisi
1036 2044 1120 2129 apud
1144 2044 1265 2110 indices
1287 2043 1403 2110 eccles.
1428 2064 1506 2129 qua·
1538 2061 1544 2072 ¹

324 2183 460 2248 cumque
483 2167 517 2230 in
547 2168 604 2234 lite
635 2169 832 2236 contendere
867 2167 984 2233 iudicio
1007 2189 1110 2255 posse.
1142 2205 1186 2219 -
1213 2170 1304 2235 Tunc
1326 2169 1505 2237 attenditur

324 2292 460 2374 qualitas
475 2313 643 2378 personae,
658 2314 759 2379 quare
782 2293 818 2360 iit
841 2295 989 2381 exceptio
1005 2296 1139 2382 regulae
1161 2299 1307 2383 generali
1332 2304 1365 2364 et
1379 2299 1432 2364 itti
1445 2319 1503 2364 or·

324 2418 398 2484 diui
413 2439 628 2504 personarum
644 2425 852 2506 comparatur
874 2421 1092 2509 privilegium:
1116 2441 1158 2486 en
1174 2422 1417 2491 fundamentum
1429 2425 1504 2508 pri-

326 2541 440 2626 citepii
461 2539 533 2623 fori
554 2541 759 2606 clericorum.

411 2666 486 2732 322.
512 2667 622 2741 Quare
647 2667 812 2732 criterium
841 2667 1058 2734 ordinariam
1081 2666 1348 2734 determinandae
1370 2688 1501 2755 compe·

322 2793 442 2857 tentiae
465 2797 514 2857 est
544 2792 647 2876 ipsum
679 2792 728 2856 ius
751 2795 1015 2867 controversum;
1044 2790 1292 2872 materiamen
1307 2792 1502 2880 privitepio,

323 2914 644 2981 emiraordiaarium
659 2919 709 2979 est
724 2915 793 2998 ipsa
813 2915 949 2999 qualitas
972 2933 1194 2999 personarum.

413 3040 475 3106 Sed
499 3041 531 3105 in
555 3039 618 3105 hoc
644 3041 842 3126 propositum
874 3041 1023 3106 exoritur
1052 3042 1117 3105 alia
1147 3042 1300 3126 quaestio.
1326 3042 1409 3118 Quia
1441 3041 1502 3107 duo

323 3171 398 3231 sunt
428 3165 461 3228 in
490 3163 606 3230 iudicio
637 3163 878 3245 contendentes,
904 3183 1019 3250 nempe
1042 3169 1139 3230 actor
1166 3170 1198 3229 et
1220 3183 1309 3247 retas,
1334 3167 1503 3248 quaeritur

323 3289 453 3371 quinam
477 3289 574 3353 iudex
596 3289 637 3356 sit
660 3294 853 3374 competens,
878 3290 904 3353 si
928 3287 1013 3355 aiter
1035 3293 1150 3374 utputa
1172 3294 1264 3354 actor
1284 3291 1325 3354 sit
1341 3289 1499 3362 clericus,

322 3411 408 3477 alter
419 3431 535 3496 nempe
548 3431 622 3476 reus
634 3411 675 3476 sit
686 3412 797 3486 laicus,
811 3431 883 3476 cum
896 3412 1039 3494 quaestio
1051 3413 1194 3496 agitatur
1206 3413 1285 3476 iuris
1298 3411 1404 3475 civilis
1420 3431 1503 3495 quae

323 3543 440 3600 natura
463 3554 520 3600 sua
544 3534 638 3600 iudici
670 3535 752 3600 laico
783 3533 923 3598 obnoxia
954 3539 1012 3599 est.
1039 3535 1076 3597 iu
1107 3553 1185 3599 casu
1207 3531 1284 3617 quid
1306 3532 1502 3618 praevalere

322 3656 426 3730 debet,
450 3658 514 3723 fori
538 3659 742 3744 privilegium
766 3658 879 3724 clerici
902 3658 955 3722 vei
975 3656 1140 3723 ordinaria
1155 3656 1373 3741 competentia
1388 3654 1506 3748 iudicis

323 3779 447 3848 civilis?

413 3906 498 3971 Huic
520 3897 699 3989 quaestioni
723 3903 896 3990 respondet
919 3905 1034 3990 regula
1056 3906 1135 3971 iuris
1158 3905 1285 3990 positivi
1309 3906 1343 3969 in
1367 3925 1396 3972 c.
1422 3925 1451 3970 c.
1467 3904 1502 3977 5,

323 4031 356 4112 8,
379 4031 420 4114 X,
445 4031 499 4096 Dc
527 4030 605 4113 foro
636 4035 786 4113 compet,
821 4029 878 4114 (ΙΙ,
902 4029 945 4115 2),
970 4032 1136 4096 nimirum:
1171 4031 1319 4098 «Actor
1347 4031 1505 4116 aequitio·

321 4154 439 4236 fortem
461 4155 513 4220 rei
536 4175 567 4235 »,
591 4156 637 4221 uti
669 4157 730 4218 iam
763 4153 901 4219 edictum
932 4159 1003 4219 erat
1032 4156 1105 4218 iure
1136 4176 1217 4220 rom.
1241 4157 1275 4219 in
1298 4156 1320 4219 t.
1345 4153 1380 4227 3,
1411 4151 1504 4221 Coti..-

326 4275 428 4341 ‹Ubi
450 4276 487 4340 ira
517 4295 592 4342 rem
622 4276 708 4342 actio
737 4277 892 4343 cmcaccri
917 4296 947 4350 »;
973 4296 1104 4361 nempe:
1131 4279 1278 4345 «Actor
1299 4275 1500 4360 recisorum,

322 4399 392 4465 siue
414 4400 450 4464 ia
473 4419 547 4464 rem
569 4400 638 4466 siue
661 4400 697 4465 ia
715 4420 904 4484 personam
927 4400 970 4465 ait
985 4401 1081 4474 actio,
1095 4381 1248 4488 aequiter
1264 4427 1294 4467 ›.
1313 4401 1443 4468 idcirco
1469 4401 1503 4463 in
