3350 5117
509 328 552 373 nu
577 326 715 373 romeus
740 326 1004 375 necessissrrors
1301 309 1345 373 49

166 444 254 512 letur
277 450 385 513 votnm
411 446 467 534 tl).
491 448 707 545 ,ωε
738 452 897 561 Qa
925 450 1210 551 arbitrarrteatpga
1239 453 1346 538 appel·

168 571 264 645 latur,
290 574 453 673 &2¹:³91ss
475 574 673 683 aer
708 595 788 641 vero
816 562 886 641 sive
912 576 1002 641 iaris
1031 577 1099 642 sive
1129 580 1347 661 compromis-

169 695 354 769 sariorum,
372 697 554 763 arbitrium
574 718 631 765 seu
648 700 791 767 laudam
808 699 934 768 dieitur.
953 701 1080 766 Etenim
1100 702 1247 767 laudare
1262 701 1345 767 idem

169 824 217 885 est
241 840 280 885 ac
304 820 460 887 iudicare
483 822 516 885 in
540 821 738 887 documentis
763 822 858 888 medii
882 824 964 895 aevi,
980 824 1080 889 veluti
1104 824 1250 891 inlibris
1263 826 1347 891 Feta·

170 943 304 1009 doram.

257 1068 314 1133 21.
338 1068 466 1135 Arbitri
488 1070 574 1135 iaris
596 1072 692 1135 etiam
725 1070 908 1137 necessarii
939 1077 1107 1152 vocantur,
1131 1074 1206 1157 quia
1233 1073 1266 1136 in
1293 1072 1349 1137 ali·

171 1192 283 1277 quibus
307 1168 435 1259 casibus
458 1212 479 1258 a
502 1194 572 1259 iure
596 1194 816 1260 determinatis
843 1196 993 1261 constitui
1016 1194 1143 1261 debent.
1170 1198 1226 1263 Isti
1255 1217 1349 1262 casus

172 1318 316 1402 potiores
339 1322 433 1383 sunt:

264 1438 296 1522 l)
320 1441 479 1526 Exceptio
501 1442 690 1528 suspicionis
706 1442 803 1509 iudici
819 1444 993 1532 appositae,
1011 1447 1179 1528 quominus
1193 1447 1226 1509 in
1242 1446 1350 1530 aliqua

173 1567 398 1631 controversia
421 1564 461 1630 ad
484 1562 688 1632 iudicandum
712 1567 881 1652 procedat;
905 1567 948 1634 cf.
970 1566 1347 1653 repensationem.

171 1690 222 1755 De
245 1689 331 1774 offic.
361 1690 432 1755 iad.
461 1688 765 1777 arreptitiae)
800 1698 832 1757 et
863 1710 938 1775 cap.
971 1692 994 1757 4
1024 1697 1057 1757 el
1085 1693 1133 1773 11,
1164 1692 1271 1758 maed.
1303 1694 1348 1757 tit.

170 1814 247 1879 tab
270 1812 310 1899 (l.
339 1812 402 1897 lt).
429 1814 518 1879 Tunc
541 1814 627 1881 iaris
650 1814 772 1881 arbitri
796 1817 1044 1881 constituuntur.

261 1937 296 2021 2)
322 1938 403 2004 Item
427 1938 640 2005 constituendi
664 1942 747 2009 sunt,
771 1937 941 2043 sidivversi
966 1939 1097 2019 iudices,
1121 1939 1273 2005 videlicet
1295 1938 1352 2005 de-

173 2066 271 2153 legati
299 2086 360 2151 per
390 2067 572 2131 successiva
603 2067 776 2151 rescripta,
802 2086 901 2153 super
931 2067 1139 2130 revocatione
1170 2067 1352 2131 litterarum

161 2174 424 2275 'apostolicarum
447 2189 648 2263 discordent,
672 2190 775 2255 itaut
805 2210 869 2255 non
899 2196 1055 2277 appareat
1083 2197 1201 2257 utram
1224 2190 1353 2257 iudices

169 2317 310 2400 priores
333 2334 381 2381 aa
398 2314 607 2399 posteriores
633 2334 834 2401 capaaseere
864 2314 1007 2381 debeant
1035 2319 1067 2379 et
1092 2320 1201 2379 utrum
1225 2335 1285 2399 per
1307 2334 1354 2380 se·

175 2442 299 2507 condas
321 2442 390 2506 siat
407 2440 545 2523 priores
567 2440 698 2505 litterae
716 2446 903 2506 revocatae.
919 2441 1001 2505 Nam
1026 2439 1190 2505 decernit:
1210 2459 1286 2523 cap.
1302 2440 1352 2513 14,

177 2566 361 2634 Pastorali.
386 2566 435 2631 De
458 2564 643 2647 Rescriplis
666 2564 700 2629 X
721 2562 814 2649 (1.3)
841 2585 859 2627 e
871 2583 939 2647 per
961 2564 1108 2631 arbitros
1131 2564 1355 2631 comataaiter

177 2687 379 2771 apartibus
402 2689 521 2753 electos
545 2686 738 2753 huiusmodi
763 2687 967 2753 concertatio
989 2688 1190 2770 sopiatur».

267 2812 302 2893 3)
328 2811 495 2895 Episcopo,
521 2830 593 2875 cum
620 2810 740 2875 clerico
764 2808 823 2874 sibi
852 2809 996 2875 subiecto
1023 2811 1279 2875 controversiam
1302 2809 1356 2873 ha-

178 2933 285 3014 bente,
302 2932 420 2997 debent
442 2919 557 2997 arbitri
581 2932 728 2997 constitui
746 2932 820 3017 quia
837 2934 897 2997 iste
922 2938 1030 3018 utpote
1054 2933 1166 2997 cleriei
1189 2931 1286 2996 iudex
1302 2950 1356 2995 or-

178 3062 333 3133 dinarius,
358 3062 386 3125 si
408 3059 575 3141 iudicaret,
599 3062 632 3125 in
657 3060 710 3125 illa
734 3080 832 3125 causa
854 3066 940 3125 esset
962 3060 1070 3125 iudea
1091 3059 1129 3124 ia
1151 3076 1257 3125 caasa
1275 3076 1357 3140 pro·

269 3360 309 3431 (lt
328 3360 454 3415 Officium
472 3360 657 3427 arbitratoris,
675 3361 748 3430 apud
769 3361 905 3428 doctores,
926 3361 1012 3415 etiam
1031 3361 1094 3415 aliis
1108 3362 1250 3416 vocabulis
1264 3362 1355 3428 expri-

182 3470 283 3535 mitur3
303 3474 334 3523 ut
352 3485 416 3523 ecce
435 3468 590 3522 huiusmodi
611 3485 728 3537 persona
745 3468 898 3540 aliquando
912 3469 1072 3535 arbitrator,
1092 3469 1241 3540 aliquando
1256 3471 1358 3523 amica·

181 3574 246 3629 bilis
266 3574 434 3644 compositor
451 3579 500 3628 alit
520 3575 632 3643 peritus,
652 3579 701 3628 aiil
721 3574 859 3629 mediator
879 3573 1047 3644 appellatur.
1067 3574 1108 3628 Ne
1129 3576 1255 3629 contusio
1279 3576 1359 3644 inge·

183 3688 261 3736 ratur
289 3681 460 3748 advertatur,
478 3698 559 3752 quem
578 3685 715 3737 arbitram
736 3700 789 3737 non
810 3683 874 3748 dici,
895 3700 977 3738 sensu
1004 3683 1088 3747 iuris,
1116 3683 1170 3737 nisi
1197 3670 1244 3737 bic
1271 3686 1360 3737 torma

183 3787 307 3842 iudiciali
327 3788 530 3842 controversias
550 3804 714 3857 componere
732 3792 853 3857 satagat.
873 3787 925 3850 Qui
945 3804 1039 3854 secus,
1061 3790 1135 3843 inter
1153 3789 1357 3853 contendentes,

184 3915 262 3951 suurn
283 3896 404 3950 officinm
429 3896 590 3966 interponit,
618 3912 790 3966 quocumque
818 3896 932 3949 nomine
960 3895 1064 3961 veniat,
1092 3912 1147 3949 non
1177 3900 1220 3949 est
1246 3896 1360 3962 arbiter,

185 4005 310 4075 quamvis
328 4005 421 4057 forsan
442 4007 550 4072 partes,
569 4018 618 4071 per
638 4006 748 4071 pactum
770 4002 975 4068 transactionis,
995 4018 1025 4056 ss
1044 4002 1244 4057 adstrinxerint
1263 4002 1297 4055 sd
1316 4018 1361 4056 ac·

187 4111 350 4180 captandam
370 4109 537 4165 sententiam
556 4108 608 4161 viri
630 4107 800 4174 mediatoris
820 4107 865 4161 vel
885 4108 987 4176 periti:
1008 4109 1041 4161 cf.
1061 4107 1179 4177 Pirhing
1195 4110 1221 4162 b.
1242 4120 1259 4161 t.
1278 4126 1305 4161 n.
1327 4109 1362 4172 6,-

186 4218 215 4269 et
240 4214 347 4278 Devoti,
372 4214 421 4267 las
440 4230 500 4267 cao.
519 4214 537 4265 b
559 4222 575 4265 t.
594 4214 607 4279 t
626 4214 654 4277 3,
675 4216 704 4266 et
724 4211 865 4277 Durautis,
886 4212 1038 4283 Speculum
1062 4214 1107 4266 lib.
1128 4212 1167 4280 II,
1190 4224 1264 4283 prust.
1285 4216 1305 4264 9
1326 4216 1361 4266 ela

185 4324 293 4390 probat.
313 4322 327 4388 b
344 4322 365 4374 3
384 4322 419 4374 de
437 4320 541 4390 requie.
562 4335 634 4372 cons.
656 4316 724 4371 Vide
744 4315 942 4372 resolutionem
961 4316 989 4371 S.
1011 4317 1096 4388 Cong.
1117 4319 1192 4386 Con,
1221 4320 1314 4373 datam
1332 4320 1361 4373 in

188 4442 243 4479 una
267 4427 452 4493 Venellorum,
471 4426 529 4481 diei
547 4426 589 4477 27
609 4426 718 4495 Aprilis
738 4424 825 4477 1883.
846 4426 915 4478 Acta
936 4425 962 4478 S.
979 4427 1058 4480 Sedis
1083 4426 1142 4479 l'ol.
1161 4426 1207 4491 16,
1216 4444 1246 4495 p.
1261 4427 1325 4477 104.

331 4550 393 4604 Sao.
414 4549 499 4621 Lapa
1239 4548 1256 4599 4
