3350 5117
510 441 555 486 on
580 439 718 488 romans
742 441 1008 490 sccunsmsrrcrs
1283 426 1347 492 271

102 570 107 579 ·
170 577 190 620 ‹
212 558 419 646 Beneficium
440 560 703 628 ecclesiasticum
717 580 789 628 non
808 567 921 644 potest
945 559 1033 630 licite
1055 565 1128 630 sine
1143 564 1351 633 institutione

168 685 337 752 canoniea
359 685 503 753 obtineri
519 707 549 768 ›,
566 694 599 753 et
619 689 652 752 in
675 708 799 774 genere
823 690 856 754 in
879 689 1062 756 huiusmodi
1086 692 1199 766 causis,
1224 693 1350 777 privato

170 811 383 876 restitutionis
405 812 468 876 iuri
491 812 660 896 praevalet
681 812 847 897 publicum
879 813 1009 878 bonum.
1035 813 1082 880 ef.
1109 815 1276 888 Schmalz„
1302 815 1351 881 De

169 941 248 1027 rest.
272 939 357 1020 spot.
381 960 415 1003 n.
439 938 486 1003 67
510 945 543 1004 st
565 939 675 1024 plures
698 939 779 1005 alias
804 947 889 1005 auct.
915 941 955 1006 ab
980 961 1018 1006 eo
1042 945 1166 1008 citatos.

249 1062 313 1128 ‘Ita
335 1061 501 1126 declarata
517 1064 675 1129 Bonifatii
691 1063 774 1130 Vlll
800 1068 969 1152 responsio
993 1087 1058 1131 non
1082 1069 1186 1132 solum
1211 1087 1352 1134 consona

171 1189 221 1247 est
242 1184 409 1269 principiis
433 1183 588 1250 inridicae
610 1185 754 1251 tuitionis
768 1188 990 1271 possessionis,
1008 1187 1063 1253 sed
1087 1189 1264 1256 concordat
1279 1210 1351 1255 cum

171 1309 235 1372 alia
250 1311 504 1394 praescriptione
520 1311 700 1375 innocentii
725 1310 786 1390 ΙΙΙ,
803 1312 996 1396 applicantis
1020 1313 1226 1378 interdictum
1251 1334 1349 1382 reeu-

167 1433 350 1515 perandae
373 1434 489 1498 iurinm
506 1454 536 1518 q.
553 1435 755 1518 possessioni,
773 1455 838 1499 non
854 1433 964 1500 habita
981 1438 1106 1501 ratione
1122 1456 1164 1500 an
1183 1438 1351 1522 possessi0,

171 1579 255 1644 quae
279 1558 517 1638 restituebatur,
541 1560 625 1624 iusta
647 1565 733 1626 esset
755 1561 809 1625 vel
833 1563 961 1625 iniusta.

262 1685 340 1752 235.
365 1686 496 1750 Revera
518 1685 728 1750 Innocentius
743 1685 792 1751 ΙΙΙ
819 1685 852 1749 in
878 1703 952 1767 cop.
970 1684 1003 1758 3,
1029 1684 1186 1750 Danaus.
1206 1704 1298 1768 poss.
1323 1690 1355 1750 et

171 1827 274 1890 prop.
298 1809 333 1872 X
353 1807 410 1893 (ll,
435 1809 490 1893 12)
520 1808 667 1874 concedit
697 1809 906 1874 interdictum
937 1810 1195 1892 recuperandae
1226 1809 1354 1874 clericis

174 1932 343 1997 Ecclesiae
359 1933 581 1999 conventualis
604 1935 639 1998 in
661 1935 792 1999 civitate
811 1934 954 2016 Sutrino,
969 1936 1021 2018 qni
1038 1955 1072 1999 se
1089 1935 1240 2020 spoliatos
1256 1936 1355 2000 tuisse

174 2075 195 2120 a
218 2056 390 2123 canonicis
413 2059 502 2124 Eccl.
519 2057 654 2125 Gathed.
671 2060 742 2124 iure
759 2057 899 2143 eligendi
918 2059 1107 2144 praelatum,
1125 2058 1352 2143 querebantur.

176 2176 332 2242 Pontifex
354 2177 447 2264 spolii
463 2179 623 2244 actionem
641 2178 778 2253 admisit,
792 2177 949 2262 siquidem
966 2179 1013 2244 eis
1036 2179 1188 2266 (clericis)
1212 2179 1355 2245 reniten-

176 2297 265 2365 tous
288 2305 319 2366 et
339 2302 489 2368 exclusis
511 2301 551 2366 ad
574 2303 765 2368 electionem
790 2301 969 2387 procedere
996 2310 1283 2388 praesumpserunt
1306 2321 1357 2368 ca-

176 2427 295 2490 nonici.
312 2426 432 2508 Quare,
456 2427 489 2490 iu
512 2426 630 2493 iudicio
653 2427 851 2512 possessorio
874 2427 1119 2511 decrevitque
1145 2447 1239 2511 ‹per
1258 2432 1356 2492 testes

175 2570 257 2615 vero
280 2551 438 2617 adversae
453 2553 555 2637 partis
577 2552 647 2637 (sen
664 2549 873 2635 clericorum)
889 2551 950 2615 fuit
966 2549 1165 2616 sufficienter
1181 2555 1354 2624 ostensum,

175 2673 262 2756 quod
285 2674 319 2739 in
341 2675 441 2741 trium
464 2676 697 2761 Episcoporum
728 2673 939 2740 electionibus
1022 2672 1134 2739 clerici
1168 2678 1357 2758 praesentes

175 2799 301 2865 tuerint
333 2808 366 2867 et
395 2822 506 2868 vocem
538 2802 714 2867 habuerint
744 2801 894 2887 eligendi,
927 2801 1134 2885 praemissam
1167 2800 1357 2864 electionem

176 2923 310 3005 facum,
328 2927 374 2990 eis
394 2925 701 2993 contradicentibus
716 2931 749 2990 et
763 2925 920 3005 exclusis,
937 2923 1139 2990 decrevimus
1156 2924 1356 2996 irritandam,

177 3047 318 3112 clericos
330 3065 426 3132 saepe
437 3046 539 3114 dictos
552 3050 584 3112 in
597 3067 668 3112 eam
680 3049 771 3132 quasi
785 3048 1028 3131 possessionem,
1044 3067 1138 3130 quam
1150 3052 1225 3110 ante
1239 3051 1358 3110 niolam

177 3173 435 3238 controversiam
448 3170 639 3246 habuerant,
653 3171 845 3238 reducentes
858 3192 888 3236 s.
906 3172 976 3246 Quo
993 3173 1025 3236 in
1042 3171 1172 3240 decreto
1184 3169 1357 3234 notandum

176 3297 354 3380 praecipue
370 3303 428 3366 est,
445 3313 509 3358 non
534 3295 745 3378 exquisivisse
762 3291 952 3358 Pontificem
977 3294 1037 3356 nisi
1053 3290 1273 3377 probationem
1291 3310 1359 3374 pos·

178 3420 350 3492 sessionis3
374 3419 465 3484 nulla
486 3417 526 3482 de
548 3418 642 3483 titulo
664 3418 875 3503 possessionis
898 3422 983 3484 mota
1006 3416 1192 3499 quaestione
1216 3415 1359 3497 quamvis

181 3543 407 3609 <secundum
428 3548 555 3608 statuta
577 3542 743 3608 canonica
766 3539 944 3606 electiones
963 3537 1213 3622 Episcoporurn
1238 3537 1284 3601 od
1304 3556 1360 3603 aa·

180 3668 268 3733 tbed.
286 3669 410 3735 Baetes.
427 3667 608 3734 canonicos
627 3667 800 3750 pertinere
823 3668 1009 3731 noscantur
1024 3685 1054 3744 e,
1068 3664 1114 3728 uti
1138 3662 1278 3727 advertit
1293 3664 1360 3747 ipse

182 3791 351 3866 Pontifex3
382 3789 507 3855 scilicet
541 3791 745 3876 peneralem.
766 3789 1059 3875 praesumptionem
1090 3787 1169 3851 iuris
1209 3787 1360 3850 resistere

180 3917 311 3982 clericis
326 3921 360 3981 et
375 3916 539 3981 canonicis
551 3919 663 4000 aperte
678 3915 801 3980 favere.
820 3913 911 3981 Unde
924 3912 1087 3998 dispositio
1105 3910 1262 3975 Bonifatii
1276 3911 1359 3975 Vlll

179 4045 285 4108 amice
308 4043 513 4126 componitur
536 4060 608 4106 cum
632 4040 843 4124 responsione
867 4039 938 4103 lun.
957 4038 1006 4102 ΙΙΙ
1031 4036 1124 4101 modo
1149 4036 1304 4122 exposita,
1330 4038 1362 4098 et

181 4187 255 4233 cum
279 4165 428 4252 generali
450 4166 705 4250 praescriptione
729 4183 802 4247 cop.
827 4163 852 4230 5
875 4164 938 4236 cit„
964 4182 1079 4248 nempe
1102 4161 1237 4246 praeda
1260 4160 1362 4226 etium

182 4295 232 4358 eu
252 4288 492 4370 resumendus,
505 4290 533 4356 si
555 4295 646 4354 recte
662 4286 875 4373 distinguatur
891 4287 1099 4370 possessionis
1114 4291 1231 4352 statum
1255 4285 1362 4350 diver·

182 4414 306 4481 simode
329 4413 459 4481 defendi
488 4435 549 4502 per
579 4415 787 4483 interdictum
817 4413 1077 4496 recuperandae
1109 4433 1166 4478 seu
1197 4411 1305 4494 spolii,
1331 4415 1364 4478 et

182 4539 272 4606 aliud
296 4540 504 4606 interdictum
526 4541 725 4607 retinendae
747 4558 806 4604 seu
828 4535 1105 4614 rnanutentionis.
