3350 5117
284 267 352 335 602
748 285 856 334 musa
882 285 1003 334 aeeon

282 410 344 466 426.
363 409 510 466 Sententia
527 408 671 464 definitiva
690 407 720 463 in
738 407 830 462 causis
846 407 882 463 de
899 411 1046 462 contracto
1067 407 1198 477 coniugio
1216 403 1263 460 rel
1281 419 1341 458 car

389 511 511 568 nalivel
530 511 669 582 spirituali
688 511 748 566 dari
767 515 946 582 potestante
966 511 1161 567 litisoonteet.
1197 551 1205 566 .
1243 551 1250 563 .
1287 549 1296 564 .
1327 527 1392 582 pap.
1411 507 1468 560 449

282 617 344 672 427.
363 617 487 672 Maxime
505 617 559 672 hoc
576 617 610 672 fit
628 618 657 672 in
675 618 766 672 causis
784 614 944 671 summariis
977 652 1338 670 .........
1374 626 1392 669 »
1425 611 1467 664 ibi

283 724 344 779 428.
363 723 393 778 ln
412 724 476 779 aliie
494 723 586 780 causis
621 760 1340 778 .................
1376 718 1468 775 »450

759 920 921 977 TITULUS
941 920 987 975 lv.

580 1059 617 1098 ult
636 1059 726 1099 (141184
745 1058 968 1100 ΡΒΟΒΑΤῙΟΝΙΒΗΒ
987 1057 1170 1099 mensuatim

609 1163 662 1202 SEU
675 1163 711 1202 DE
725 1163 847 1204 rubiono
860 1163 935 1202 uris
949 1162 1136 1203 raoearoau.

283 1307 346 1364 429.
364 1307 568 1364 Conteslationi
587 1305 646 1364 litis
664 1285 788 1363 succedit
807 1308 1002 1377 probationum
1022 1306 1169 1377 productio
1199 1347 1207 1362 .
1244 1348 1251 1361 .
1288 1347 1296 1360 .
1326 1323 1394 1379 pop.
1412 1307 1468 1363 453

282 1413 343 1474 430.
363 1413 469 1472 Causae
487 1413 585 1472 civiles
603 1415 780 1470 instruuntur
792 1415 826 1469 ad
845 1415 1008 1470 instantiam
1026 1419 1161 1485 partium3
1181 1413 1342 1472 criminales

390 1541 456 1582 vero
474 1525 520 1582 vel
539 1543 573 1582 ex
591 1525 682 1580 officio
701 1542 718 1578 a
736 1524 835 1592 iudice,
848 1525 894 1581 val
906 1543 924 1579 a
936 1525 997 1580 cire
1013 1525 1041 1578 vi
1060 1524 1178 1580 actionis
1197 1521 1339 1595 popularis
1375 1536 1393 1581 »
1425 1523 1468 1578 ibi

283 1629 344 1686 431.
364 1631 527 1702 Explicatur
546 1631 657 1696 modus,
676 1646 732 1702 quo
750 1629 919 1686 evolvuntur
936 1630 1115 1700 probationes
1139 1628 1199 1685 aire
1224 1646 1273 1699 per
1295 1629 1341 1684 in·

389 1739 572 1794 structionem
590 1739 723 1809 scriptam
742 1738 800 1793 sive
819 1754 869 1808 per
886 1737 1093 1792 contentionem
1113 1736 1219 1793 oralem
1245 1777 1251 1789 .
1289 1776 1297 1792 .
1334 1776 1341 1790 .
1377 1735 1469 1793 »454

283 1846 344 1902 432.
364 1846 505 1908 Quomodo
524 1847 607 1902 iudex
625 1847 751 1918 assignet
771 1846 921 1901 torminum
941 1844 1131 1915 probatorium
1155 1882 1343 1900 .....
1377 1843 1470 1901 »455

283 1953 344 2010 433.
365 1954 404 2010 De
423 1955 601 2011 contentione
619 1953 689 2008 orali
709 1989 1341 2006 ...............
1377 1949 1468 2008 »456

766 2149 927 2206 TITULUS
950 2150 983 2202 V.

731 2286 767 2324 D!
787 2285 1018 2326 promeremus.

284 2429 345 2486 434.
366 2431 496 2486 Traditur
514 2432 593 2487 notio
610 2431 787 2502 probationis
800 2467 1298 2484 ............
1326 2447 1395 2503 paq.
1414 2431 1470 2486 458

284 2535 347 2593 435.
364 2536 505 2599 Quomodo
524 2535 730 2592 constituantur
749 2536 929 2605 probationes
941 2535 1055 2606 legales,
1069 2536 1143 2591 inter
1156 2552 1225 2607 quas
1237 2536 1344 2593 eminet

392 2641 579 2713 praesumptio
599 2642 668 2696 iuris
710 2680 1342 2700 ...............
1377 2658 1396 2702 »
1427 2645 1469 2699 ibi

284 2744 347 2801 436.
367 2745 557 2814 probationes,
577 2745 687 2800 ratione
714 2745 798 2812 modi,
817 2761 874 2815 quo
891 2745 1062 2812 obtinentur,
1080 2744 1290 2816 distinguuntur
1312 2747 1344 2802 in

391 2850 511 2906 directas
529 2854 558 2906 et
576 2849 728 2906 indirectas
754 2887 1342 2906 ..............
1380 2849 1473 2908 »450

285 2957 346 3014 437.
366 2956 551 3012 Probationes
571 2957 678 3013 ratione
697 2959 813 3013 effectus
831 2957 1042 3028 distinguuntur
1056 2957 1085 3011 in
1100 2957 1197 3027 plenas
1215 2961 1245 3012 et
1262 2958 1344 3012 semi·

392 3064 490 3136 plenas
531 3101 1343 3120 ...................
1379 3064 1472 3122 »466

286 3173 347 3230 438.
366 3175 411 3229 An
429 3179 458 3230 et
476 3173 612 3245 quomodo
629 3171 772 3243 probanda
790 3173 827 3227 sit
846 3171 915 3227 baec
934 3173 1079 3229 distinctio
1113 3210 1344 3227 ......
1379 3185 1398 3230 >
1415 3171 1467 3227 461

286 3281 348 3338 439.
366 3280 530 3351 Explicatur
549 3279 724 3349 principium,
737 3295 807 3333 onus
823 3279 958 3348 probandi
976 3279 1066 3334 actori
1082 3278 1219 3334 incumbit
1231 3294 1280 3335 eeu
1293 3277 1345 3334 ali·

393 3387 466 3460 quod
490 3388 594 3440 sactum
619 3385 770 3452 asserenti,
790 3385 940 3440 reiiciendo
965 3386 1159 3456 exceptionem
1182 3401 1255 3456 quae
1279 3381 1345 3440 hnic

394 3492 510 3564 regulae
530 3493 590 3548 fleri
610 3491 691 3560 solet,
710 3491 820 3563 quando
838 3491 908 3545 iuris
926 3491 1115 3562 praesumptio
1133 3491 1222 3547 actori
1241 3493 1344 3546 lavet.
1379 3491 1473 3548 »462

763 3703 924 3759 TITULUS
946 3703 993 3758 Vl.

709 3861 752 3899 ult
782 3859 1049 3900 CONFBSQIONB.

288 4023 351 4078 440.
369 4022 510 4085 Quomodo
529 4022 666 4078 confessio
685 4021 722 4075 sit
740 4019 847 4091 species
866 4020 1037 4089 probationis
1070 4059 1300 4074 ......
1333 4037 1399 4090 paq.
1418 4017 1476 4074 465

288 4129 350 4185 441.
369 4129 500 4183 Traditur
517 4128 645 4184 definitio
663 4128 845 4183 confessionis
863 4125 1003 4181 iudicialis
1024 4164 1345 4181 ........
1382 4142 1400 4184 »
1418 4127 1473 4182 466

288 4237 350 4292 442.
370 4237 425 4292 Cur
444 4239 472 4292 in
492 4235 658 4292 collectione
677 4235 759 4305 Greg.
779 4233 819 4289 1x
837 4233 937 4289 titulus
955 4233 1027 4289 «De
1045 4232 1213 4291 Confessis»
1231 4248 1347 4304 praepo·

395 4349 479 4400 natur
497 4343 582 4399 titulo
600 4344 670 4400 «De
690 4344 937 4400 Probationibus›
978 4380 1342 4397 .........
1379 4356 1398 4399 »
1431 4340 1474 4395 ibi
