3350 5117
935 383 1024 429 DE
1073 382 1352 430 inmens
1400 382 1928 430 Eccnsssms‘rlcis
2479 363 2611 429 535

241 525 409 587 cem,
461 506 566 589 qui
615 507 667 570 si
717 510 1145 591 opportunum
1194 506 1403 578 ducat,
1441 507 1598 591 quin
1653 506 1976 571 rescindat
2021 506 2370 577 decretum,
2406 510 2615 590 potest

241 631 594 695 ulteriores
641 633 990 716 exquirere
1037 631 1474 716 probationes.

429 757 564 820 lmo
613 744 802 821 etiarn
849 756 929 821 ad
963 757 1360 824 instantiam
1384 758 1700 841 par-lium
1746 758 1876 824 alia
1922 759 2051 822 litis
2093 760 2479 843 argumenta
2508 755 2612 819 ad-

237 883 502 946 mittere
549 885 759 966 potest
805 882 1001 946 iudex
1049 885 1191 965 post
1237 881 1615 946 conclusum
1655 882 1721 945 in
1770 901 1962 946 causa
2008 882 2062 945 si
2107 881 2269 945 istae
2315 878 2608 952 doceant,

236 1011 696 1088 argumentum
730 1004 861 1069 litis
909 1023 1093 1088 posse
1141 1004 1458 1069 illustrari
1505 1004 1651 1068 aliis
1700 1002 2177 1087 probationibus
2209 1007 2429 1088 postea
2472 999 2613 1064 abs·

237 1148 367 1211 que
414 1127 646 1191 fraude
695 1131 974 1213 repertis
1018 1134 1083 1194 et
1130 1131 1453 1207 collectis;
1504 1150 1642 1216 arg.
1695 1150 1750 1195 c.
1800 1149 1854 1196 c.
1901 1129 1972 1204 2,
2024 1127 2123 1192 De
2167 1128 2241 1192 in
2286 1128 2401 1191 int.
2450 1131 2605 1190 rest.

236 1254 305 1316 X
351 1253 431 1337 (I,
484 1255 627 1338 41);
690 1254 754 1326 4,
807 1254 904 1318 De
965 1260 1221 1337 eoeoepl.
1269 1256 1338 1319 X
1396 1253 1509 1339 (ΙΙ,
1575 1253 1690 1336 25)
1760 1259 1825 1318 et
1880 1253 1984 1334 10,
2033 1252 2133 1318 De
2176 1255 2289 1339 fiel.
2338 1257 2490 1318 inst.
2545 1252 2615 1316 X

234 1378 352 1461 (11,
383 1377 518 1463 22).
556 1378 982 1443 Nihilominus
1013 1379 1162 1461 quia
1186 1378 1393 1443 facilis
1426 1384 1604 1464 patet
1644 1377 1857 1442 aditus
1898 1376 2248 1449 fraudibus,
2284 1379 2355 1457 si,
2391 1377 2610 1442 clausa

234 1507 364 1566 iam
419 1503 683 1588 periodo
715 1502 1107 1587 probatoria,
1157 1502 1380 1568 eadem
1432 1502 1626 1568 facile
1679 1503 2031 1588 aperiatur,
2069 1501 2263 1566 iudex
2307 1501 2434 1567 hoc
2465 1522 2612 1567 con-

233 1625 480 1690 cedere
529 1645 657 1690 non
706 1624 895 1691 debet
941 1626 1062 1689 nisi
1110 1627 1330 1710 gravis
1378 1626 1575 1689 instet
1626 1643 1840 1689 causa.

421 1749 574 1813 535.
627 1748 942 1814 Confundi
1005 1770 1163 1813 vero
1225 1769 1354 1813 non
1416 1748 1610 1815 debet
1673 1747 2013 1813 conclusio
2082 1746 2156 1810 in
2202 1765 2409 1812 causa
2473 1765 2619 1811 cum

222 1873 698 1956 publicatione
741 1876 1241 1955 attestationum,
1278 1875 1416 1938 sive
1450 1876 1947 1959 responsionum
1998 1873 2274 1957 partium
2324 1877 2385 1936 et
2418 1873 2482 1935 in
2514 1891 2621 1956 ge-

233 2015 405 2060 nere
441 2016 584 2061 cum
625 1997 1089 2079 publicalione
1121 2018 1484 2083 processus,
1520 2000 1686 2063 Nam
1732 2000 2175 2072 attestationes
2206 1996 2619 2082 publicantur

231 2120 497 2204 aliaque
541 2127 691 2188 acta
737 2143 1095 2208 processuS‚
1147 2129 1215 2188 ut
1261 2125 1626 2208 respective
1675 2120 1788 2188 fiat
1832 2124 2011 2188 locus
2061 2124 2463 2208 argumentis
2514 2122 2621 2186 de-

229 2244 582 2320 fensionis;
619 2251 683 2310 et
714 2246 1046 2330 singulare
1072 2253 1171 2310 est
1201 2246 1267 2309 in
1301 2246 1825 2313 attestationibus
1856 2246 2211 2333 publicatis,
2246 2252 2317 2311 ut
2344 2246 2453 2310 alii
2483 2264 2612 2310 non

229 2366 664 2431 admittantur
713 2373 908 2432 testes
940 2389 1136 2454 super
1169 2369 1408 2435 eisdem
1439 2369 1739 2434 articulis
1786 2368 1865 2433 ob
1906 2368 2264 2453 periculum
2296 2367 2609 2432 suborna-

228 2494 449 2559 tionis.
500 2528 588 2541 —
643 2493 997 2560 Conclusio
1049 2515 1202 2560 vero
1250 2496 1324 2560 in
1380 2515 1590 2562 causa
1639 2498 1853 2581 signat
1916 2492 2108 2558 finem
2155 2494 2402 2579 periodi
2455 2514 2604 2578 pro-

227 2617 547 2683 batoriae.
