3350 5117
298 278 342 342 46
822 290 906 337 rans
931 290 954 335 1.

295 420 368 484 sive
391 416 431 482 ad
455 416 646 481 sententiam
670 414 854 479 executioni
877 412 1100 477 mandandam.
1133 410 1339 498 Quapropter
1367 406 1467 471 socie

295 542 353 607 tati
377 540 478 625 probe
504 541 698 606 constitutae
723 539 881 603 convenit
906 536 1028 602 iudices
1056 534 1178 600 habere
1208 531 1337 618 publica
1365 535 1474 595 aucto·

298 666 393 731 ritate
417 664 571 737 fruentes,
588 666 622 728 in
643 682 780 747 quorum
798 663 947 748 peritiam
963 666 995 728 et
1009 660 1203 744 aequitatem
1219 658 1307 723 cives
1322 656 1469 741 apprime

294 785 469 853 confidant.
495 788 708 853 Nihilominus
731 791 885 875 praestat,
909 784 1034 851 civibus
1054 783 1252 867 permittere
1273 781 1307 844 in
1331 779 1473 843 arbitros

297 914 562 997 compromissum
591 931 650 996 pro
682 910 883 997 expeditiore
912 911 1015 974 litium
1045 908 1292 993 compositione,
1324 905 1387 968 imo
1417 902 1475 966 ali-

296 1033 424 1117 quando
449 1034 511 1099 lioc
534 1036 623 1099 iuvat
646 1033 872 1119 praescribere
894 1038 928 1099 et
956 1030 1081 1104 iubere,
1113 1050 1173 1115 pro
1202 1027 1366 1093 nonnullis
1397 1044 1475 1089 con-

297 1164 476 1236 troversiis,
502 1164 638 1247 quasin
665 1162 773 1249 specie
808 1160 944 1225 inferius
978 1178 1185 1243 exponemus.
1223 1156 1295 1221 Hoc
1328 1158 1472 1239 systema

299 1290 433 1355 nrixtum
458 1290 506 1353 ius
530 1288 720 1353 canonicum
744 1286 920 1372 adoptarit.

391 1414 441 1478 18.
467 1414 545 1479 Cum
569 1412 684 1477 arbitri
707 1412 758 1477 vel
773 1411 1017 1503 permittamur
1031 1408 1083 1473 vel
1100 1410 1197 1471 etiam
1211 1405 1404 1506 iicbearttar,
1423 1423 1476 1469 se·

297 1536 408 1619 quitur
431 1556 582 1621 suprema
605 1536 801 1601 arbitrorum
825 1534 948 1607 divisio,
972 1539 1007 1599 ut
1029 1534 1094 1598 sint
1116 1530 1231 1596 arbitri
1251 1528 1473 1629 compromis-

298 1662 384 1728 sarii
405 1683 462 1728 sen
485 1662 679 1736 voluntarii,
696 1662 723 1726 si
748 1663 780 1726 in
805 1660 877 1725 illos
897 1665 1006 1745 partes
1028 1659 1132 1723 libere
1155 1653 1451 1739 compromiserint
1457 1673 1472 1734 ‚·

297 1788 364 1852 sint
386 1788 508 1855 arbitri
531 1788 617 1853 iaris
638 1806 699 1853 sea
721 1785 913 1890 Qt,
931 1786 984 1868 qui
1009 1804 1052 1848 ex
1076 1784 1154 1848 iuris
1177 1781 1383 1866 dispositione
1399 1798 1475 1844 con·

297 1913 483 1977 stituuntur.
504 1910 596 1977 Unde
612 1911 693 1975 haec
709 1914 758 1975 est
773 1910 888 1975 arbitri
904 1909 1091 1992 descriptio:
1109 1909 1168 1973 Est
1178 1925 1331 1989 persona
1345 1904 1472 1970 idonea

298 2031 368 2100 siae
391 2052 436 2100 ea
458 2032 541 2118 lepis
563 2032 781 2115 dispositione
803 2032 873 2097 sice
896 2050 941 2096 ecc
963 2030 1182 2097 concentione
1196 2030 1352 2113 partium
1369 2029 1473 2093 electa

298 2163 339 2223 ut
360 2157 451 2223 circa
475 2161 631 2223 emortum
655 2156 921 2223 controversiam
943 2175 1043 2221 suum
1064 2153 1230 2219 iudicium
1241 2151 1402 2235 proferat
1419 2150 1476 2215 cai

296 2288 415 2367 partes
437 2288 528 2349 stare
551 2282 689 2348 debeat:
713 2282 754 2346 cl.
777 2278 917 2364 Pirhiog
940 2280 971 2343 b.
997 2285 1016 2343 t.
1041 2300 1074 2344 ri.
1100 2281 1116 2343 1
1142 2277 1198 2365 (l).

392 2402 442 2469 19.
468 2404 655 2469 Essentialis
678 2399 861 2467 differentia
883 2401 1005 2467 arbitri
1027 2402 1123 2472 iaris,
1154 2400 1195 2466 ab
1225 2400 1350 2475 arbitro
1381 2419 1468 2466 corn·

296 2524 533 2605 promissorio,
559 2526 717 2611 repetitur
740 2544 759 2588 a
782 2524 913 2589 diversa
934 2525 1126 2590 auctoritate
1142 2543 1205 2607 qua
1220 2524 1469 2588 constituuntur.

302 2650 383 2713 Nam
406 2648 520 2712 arbitri
553 2650 632 2713 iuris
662 2669 758 2733 quum
785 2647 926 2731 publiea
954 2649 1164 2727 auctoritate,
1197 2647 1468 2731 compromissarii

300 2794 379 2839 vero
398 2775 539 2857 priuata
561 2775 761 2841 auctoritate
784 2776 1030 2846 constituantur,
1055 2776 1222 2857 sequitur:

395 2896 425 2981 l)
449 2896 550 2970 Quem
575 2898 646 2981 cogi
668 2916 762 2981 posse
785 2894 826 2961 ad
844 2896 1080 2981 suscipiendum
1103 2917 1219 2962 munus
1234 2895 1356 2962 arbitri
1370 2895 1468 2963 iuris,

301 3040 366 3085 non
389 3041 469 3086 vero
496 3023 795 3119 compromissarii,
827 3042 903 3109 ary.
935 3042 1010 3105 cap.
1045 3024 1130 3089 Cam
1160 3021 1309 3105 speciali,
1339 3021 1389 3085 61.
1421 3020 1472 3085 De

299 3141 585 3226 appellationibus
606 3144 641 3208 X
661 3142 717 3227 (ll,
742 3144 799 3227 28)
826 3144 882 3232 (2).
907 3143 994 3210 Giris
1009 3146 1095 3209 enim
1111 3144 1208 3208 alium
1225 3144 1329 3208 civem
1356 3142 1469 3207 iubere

301 3285 366 3330 non
388 3271 509 3350 potest:
534 3267 680 3341 societas,
705 3268 821 3353 quippe
853 3269 1002 3353 superior
1030 3268 1165 3353 singulis
1196 3267 1328 3341 civibus,
1361 3272 1476 3351 potest.

390 3564 429 3635 (l)
449 3566 479 3618 ln
497 3564 654 3620 huiusmodi
673 3568 858 3622 conventione
877 3567 979 3637 duplex
998 3568 1077 3621 adest
1093 3571 1215 3636 pactum,
1228 3564 1347 3619 alterum
1362 3564 1477 3633 litigan-

303 3675 373 3729 tium
391 3674 465 3730 inter
483 3690 521 3741 se,
539 3674 572 3729 de
591 3674 642 3731 lite
661 3676 801 3744 nimirum,
820 3676 939 3730 alieuius
957 3677 1076 3729 arbitrio
1101 3676 1288 3741 subiciionda3
1314 3676 1387 3746 quod
1406 3693 1480 3730 com-

300 3784 471 3853 promissam
490 3784 605 3849 dieitur3
622 3783 741 3839 alterum
754 3784 913 3840 eorumdem
927 3784 1100 3853 litigantium
1114 3802 1176 3838 cum
1189 3786 1305 3849 arbitro,
1319 3786 1365 3855 qui
1380 3801 1481 3838 munus

302 3889 418 3958 suscipit
436 3889 583 3943 arbitrium
602 3888 759 3959 proferendi
780 3890 807 3943 in
827 3893 905 3944 certa
923 3890 1122 3954 controversia,
1141 3896 1171 3945 et
1190 3890 1219 3943 in
1238 3889 1317 3944 libris
1337 3890 1405 3943 iuris
1432 3906 1479 3943 ro·

302 3993 377 4046 mani
396 3998 513 4047 vocatur
531 4003 682 4063 receptum.
703 3993 784 4049 Unde
805 3994 832 4047 in
855 3994 1003 4049 Pandectis
1021 3994 1164 4063 appositus
1188 3992 1289 4047 titulus
1317 3992 1480 4047 inscribitur

303 4098 346 4152 De
364 4102 482 4168 receptis
501 4102 548 4169 qut
566 4101 714 4153 arbitrium
733 4110 910 4171 receperunt,
922 4110 954 4153 ut
972 4101 1136 4153 sententiam
1154 4102 1265 4166 dicant,·
1282 4103 1312 4154 et
1330 4100 1359 4154 in
1378 4099 1478 4155 Codice

304 4204 346 4259 De
364 4210 484 4276 receptis
502 4208 625 4261 arbitris.

396 4310 435 4383 (2)
456 4312 570 4367 Arbiter
588 4315 659 4367 iuris
678 4319 720 4368 ast
739 4313 880 4384 antiquior
899 4315 989 4367 lomna
1007 4316 1114 4382 iudicis,
1140 4314 1179 4368 uti
1207 4312 1298 4367 innuit
1327 4311 1425 4367 Cicero
1449 4312 1481 4367 in

304 4420 383 4471 textu
403 4417 457 4471 iam
477 4419 580 4486 citato;
599 4424 628 4475 at
646 4418 718 4474 idem
737 4422 831 4474 orator
850 4420 996 4474 confirmat
1014 4420 1045 4473 in
1062 4419 1195 4474 Oratione
1221 4434 1273 4489 pro
1301 4418 1332 4473 L.
1356 4418 1479 4474 Murena
