3350 5117
510 347 554 394 us
579 347 719 396 ruurcns
743 349 1007 401 sccnssrasrrms
1280 339 1342 406 321

169 469 255 536 unde
280 491 322 536 ex
350 471 478 538 diverso
501 473 679 558 praescribi
703 482 836 560 possunt
859 475 940 543 fines
963 479 1168 564 praediorum
1193 483 1347 548 ecclesia-

167 601 331 668 sticorum.

256 723 451 812 Praescribif
465 747 530 791 non
554 731 687 812 possunt
702 729 775 793 iura
791 728 993 814 episcopalia,
1007 750 1089 814 quae
1105 733 1175 796 iure
1192 734 1347 798 canonico

169 825 383 918 determinata
406 854 489 923 sunt.
515 851 626 915 innixo
657 837 827 916 intentioni
855 853 936 916 iuris
959 851 1073 928 divini;
1096 853 1198 920 veluti
1220 855 1270 919 ius
1295 873 1347 919 sa-

172 996 253 1044 crae
286 974 505 1057 amentiorem
528 974 573 1038 uti
596 971 707 1038 iubent
731 994 759 1040 r.
785 995 812 1040 c.
837 973 882 1038 12
905 979 937 1039 et
958 975 1001 1040 16
1025 975 1057 1039 b.
1080 980 1102 1041 t.
1127 977 1168 1040 X.
1182 976 1266 1052 Quia
1287 977 1344 1042 hu·

169 1099 304 1166 iusmodi
328 1100 400 1164 iura
423 1103 456 1164 et
471 1117 581 1179 onera,
595 1097 759 1163 bominum
772 1098 972 1184 negligentia
986 1103 1043 1166 aut
1057 1099 1182 1174 fraude,
1200 1101 1345 1186 extingui

166 1235 230 1289 non
254 1223 382 1288 debent.

255 1347 384 1412 Verum
415 1365 480 1410 non
510 1344 625 1426 obstat,
650 1347 818 1428 quominus
850 1347 884 1409 in
914 1350 1006 1410 certo
1041 1346 1207 1410 territorio
1240 1344 1345 1430 potius

168 1490 360 1555 unusquam
384 1471 467 1536 alius
489 1472 654 1557 praelatus
676 1471 759 1536 baec
785 1474 858 1536 iura
880 1478 1042 1553 exerceat,
1067 1471 1148 1537 adeo
1171 1477 1206 1538 ut
1221 1493 1264 1538 ex
1278 1491 1345 1536 non

167 1613 225 1660 usu
258 1594 342 1659 alter
373 1596 422 1659 ius
456 1596 590 1667 amittat,
615 1594 709 1660 alteri
734 1594 931 1681 diligentiori
954 1601 1190 1681 comparatum:
1215 1595 1278 1660 hoc
1294 1595 1346 1660 de

165 1728 307 1788 cernunt
322 1743 349 1788 c.
367 1742 393 1788 c.
418 1722 460 1787 15
484 1725 515 1786 et
538 1721 581 1788 18
604 1721 634 1786 b.
661 1727 680 1785 t.
706 1720 747 1802 X,
768 1728 801 1786 et
823 1723 876 1794 16.
894 1721 944 1788 De
960 1724 1014 1807 off.
1032 1723 1258 1804 ord.,X(llI‚
1276 1721 1342 1809 31),

166 1853 198 1912 et
221 1847 254 1922 7,
279 1845 330 1911 De
349 1846 441 1928 priv.
465 1845 503 1909 ia
534 1846 557 1910 6
580 1842 635 1928 (V,
669 1845 712 1929 7).
743 1844 853 1920 Quare
888 1851 1157 1911 commentatores
1183 1863 1281 1909 unam
1312 1850 1345 1910 et

168 1969 306 2037 alteram
331 1969 618 2055 praescriptionem
642 1968 730 2032 inter
757 1989 791 2032 se
816 1970 999 2049 conciliant,
1024 1967 1266 2053 distinguentes,
1283 1968 1344 2032 hn-

165 2092 302 2158 iusmodi
325 2094 399 2156 iura
428 2090 604 2176 praescribi
623 2109 687 2154 non
705 2108 798 2174 posse
814 2090 1016 2173 ecrtinciioe5
1037 2089 1120 2155 bene
1143 2110 1222 2154 vero
1238 2097 1345 2156 trans·

166 2216 275 2282 latice.
303 2251 349 2263 -
373 2215 405 2280 Si
436 2219 542 2279 autem
572 2217 688 2298 agatur
726 2213 765 2278 de
798 2212 921 2278 iuribus
949 2213 1182 2298 episcopalibus
1206 2215 1344 2298 exlege

164 2341 281 2407 eccles.
307 2340 509 2412 introductis,
533 2359 595 2405 nec
619 2342 652 2404 in
675 2341 746 2404 iure
770 2338 879 2404 divino
903 2340 1053 2424 proxime
1069 2339 1219 2412 fundatis,
1235 2339 1275 2404 de
1298 2359 1343 2419 se,

163 2464 344 2552 praescribi
368 2467 463 2532 etiam
489 2466 670 2532 eoeiinctioe
700 2483 765 2528 non
789 2464 1013 2550 probibentur;
1037 2485 1106 2551 arg.
1131 2465 1253 2530 decreti
1270 2463 1343 2531 Cle-

163 2593 279 2656 mentis
303 2591 364 2671 XI,
382 2611 413 2656 a.
441 2590 549 2673 1721;
572 2591 614 2655 cf.
633 2589 752 2654 Bened.
771 2589 865 2663 XIV,
881 2590 932 2656 De
947 2592 1065 2674 synod.
1083 2591 1197 2661 dioec,
1215 2590 1269 2656 lib.
1288 2590 1342 2662 13,

163 2735 238 2798 cap.
263 2716 296 2788 8,
320 2735 354 2779 a.
378 2715 421 2780 17
444 2735 492 2800 sq.

253 2839 287 2924 3)
311 2839 445 2936 DeQm
476 2841 663 2942 comanitae
692 2859 748 2905 res
778 2860 802 2904 a
833 2838 1040 2924 quibasdam
1066 2839 1226 2922 personis
1247 2858 1342 2924 prae·

163 2961 261 3026 scribi
286 2983 350 3028 non
373 2937 516 3048 possunt}

253 3083 342 3148 Laioi
375 3104 441 3148 non
467 3085 700 3170 praescribunt
730 3091 821 3150 certa
852 3087 924 3151 iura
955 3085 1141 3172 spiritualia
1166 3085 1267 3152 veluti
1293 3085 1343 3148 ius

164 3201 343 3270 decimaudi
366 3224 409 3270 ex
433 3225 459 3270 c.
485 3207 517 3280 7,
535 3205 585 3271 De
609 3207 772 3290 hisquae
795 3209 890 3292 fiunt,
914 3208 949 3270 X
969 3206 1042 3291 (ΙΙΙ,
1072 3205 1138 3289 ΙΟ);
1170 3207 1219 3270 ius
1241 3205 1341 3270 bene·

163 3328 237 3395 ficia
270 3331 458 3396 conferendi
492 3353 533 3397 ex
562 3353 589 3400 o.
615 3332 637 3396 7
662 3333 693 3396 h.
718 3339 750 3404 t..
776 3333 816 3397 X.
851 3334 991 3398 Possunt
1014 3353 1093 3396 vero
1123 3331 1206 3396 haec
1228 3332 1343 3394 iuraa

163 3459 291 3522 clericis
314 3458 503 3543 praescribi,
520 3479 561 3523 ex
578 3479 604 3524 c.
623 3479 649 3524 c.
666 3459 693 3529 1,
712 3459 743 3532 4,
763 3461 785 3523 6
802 3460 832 3524 b.
848 3465 869 3524 t.
888 3460 930 3524 X.
954 3463 999 3525 At
1014 3461 1073 3545 ipsi
1089 3460 1162 3523 laici
1184 3457 1339 3522 nonnulla

163 3586 234 3650 iura
258 3585 440 3670 spiritualia
469 3587 695 3671 praescribere
719 3587 838 3660 valent,
865 3587 965 3652 veluti
997 3589 1045 3652 ius
1069 3593 1274 3672 patronatus;
1297 3588 1339 3652 cf.

166 3709 290 3776 Concit.
322 3709 426 3784 Tria,
451 3729 530 3776 sess.
555 3711 615 3782 25,
641 3732 667 3777 c.
695 3711 725 3782 9,
751 3710 802 3776 De
823 3711 889 3793 ref.

250 3833 328 3900 290.
353 3833 502 3916 Secunda
516 3834 655 3920 conditio
673 3839 721 3899 est
738 3834 826 3900 bona
849 3835 942 3919 sides.
967 3835 1019 3899 Uti
1044 3854 1097 3899 res
1119 3839 1195 3919 apta
1210 3835 1342 3920 respicit
1412 3821 1417 3834 ’

163 3951 280 4020 obiecti
303 3953 518 4044 idoneitatem,
537 3957 581 4022 ita
604 3956 688 4021 bona
704 3953 783 4020 tides
805 3955 991 4022 subiectum
1009 3956 1151 4039 respicit,
1167 3957 1243 4039 quia
1256 3955 1342 4022 bona

164 4076 242 4144 fides
266 4085 315 4144 est
333 4081 515 4164 persuasio
531 4082 661 4147 nemim
676 4081 844 4146 iniurium
859 4080 1031 4162 inferendi
1048 4081 1161 4146 taliter
1178 4101 1253 4147 rem
1264 4102 1341 4166 pos·

161 4203 313 4276 suendo.
328 4205 443 4272 animo
460 4205 678 4273 dominantis.
696 4243 739 4255 -
757 4205 820 4272 Sed
835 4206 1045 4281 excludimus,
1063 4209 1208 4292 quamvis
1223 4210 1340 4294 passim

162 4349 182 4392 a
209 4329 274 4394 ΙΙΙ).
298 4327 481 4404 admissum,
507 4330 663 4396 animum
686 4352 743 4396 seu
762 4333 1024 4414 permissiones
1047 4333 1209 4417 dominii;
1224 4337 1340 4421 quippe

161 4453 229 4538 ipsa
252 4451 282 4518 b.
307 4453 330 4518 i.
356 4453 396 4519 ad
420 4445 648 4540 usucapionem
672 4474 738 4519 non
761 4476 889 4541 semper
912 4476 985 4522 cum
1007 4455 1071 4522 hac
1094 4458 1244 4544 opinione
1267 4477 1340 4524 con-

305 4577 365 4628 Soc,
386 4575 472 4645 Lapa.
1198 4582 1229 4634 21
