3350 5117
655 285 764 336 tunna
791 285 910 336 annun
1304 267 1369 335 767

188 399 250 472 666
270 415 351 472 Aliae
370 414 528 470 sententiae
546 429 601 486 non
621 417 767 470 transeunt
785 413 815 468 in
833 429 892 468 rem
911 412 1070 480 iudicatam,
1088 413 1124 467 ob
1142 414 1245 468 bonum

296 519 444 589 spirituale
463 525 513 574 aut
532 518 673 588 publicum
705 557 1200 573 ............
1229 535 1296 592 pap.
1316 519 1371 572 646

189 627 251 680 666.
272 626 477 691 Enumerantur
495 625 652 680 huiuamodi
672 640 772 680 causae
791 664 1109 680 ........
1137 604 1152 677 ⁸.
1192 666 1197 676 .
1236 666 1242 676 .
1278 640 1297 683 a
1329 627 1369 681 ibi

150 771 154 782 .
190 731 251 785 667.
272 727 311 785 De
330 731 478 786 effectibus
497 731 537 786 rei
556 729 696 785 iudicatae
706 769 1243 784 .............
1281 731 1370 787 »642

665 942 823 1000 TlTULUS
845 943 892 998 1v.

575 1101 611 1140 u!
631 1101 770 1141 ΙΧΡΙΝΒΙΒ
790 1101 986 1142 wolantinus.

190 1263 251 1318 668.
272 1264 303 1319 ln
318 1264 428 1320 iudiciis
443 1264 640 1320 ecelesiasticis
657 1281 795 1338 expensae
811 1269 961 1320 occurrunt
975 1279 1026 1334 pro
1040 1263 1166 1319 mercede
1181 1278 1245 1319 oan-

296 1370 421 1437 oellario,
432 1371 585 1442 apparitori
601 1371 788 1443 rependenda;
808 1388 859 1441 pro
877 1371 1018 1427 alimentis
1036 1376 1067 1428 et
1084 1370 1185 1426 itinere
1200 1375 1244 1429 ts·

297 1480 391 1546 etium,
409 1495 461 1534 neo
481 1495 535 1534 non
554 1479 749 1534 advocatorum
769 1485 798 1535 et
817 1483 1028 1550 procuratorum
1052 1478 1201 1534 honorario
1229 1495 1296 1550 paq.
1315 1477 1369 1531 644

190 1584 251 1640 669.
271 1583 403 1646 Quaestio
428 1599 611 1656 expensarum
637 1589 680 1640 eet
703 1601 787 1640 eausa
806 1584 939 1651 incidens,
958 1600 1029 1656 quae
1048 1583 1197 1647 resolvitur
1214 1583 1244 1638 iu

298 1686 442 1744 definitiva
460 1691 608 1756 sententia.
627 1690 671 1746 rel
690 1691 719 1744 iu
738 1689 795 1744 alia
813 1690 960 1760 posteriori
979 1689 1081 1752 iudicio
1098 1687 1247 1760 principali
1282 1702 1300 1746 a
1328 1687 1369 1741 ibi

189 1795 250 1849 670.
272 1795 498 1852 Determinantur
516 1799 653 1870 principia
671 1800 771 1870 quibus
789 1798 935 1870 expeditur
956 1799 1084 1872 quaestio
1107 1814 1244 1868 expanat-

297 1919 366 1972 rum,
387 1909 445 1959 tum
464 1905 493 1958 in
514 1905 603 1976 prima
621 1905 756 1961 instmtia
775 1909 834 1960 tum
853 1907 881 1960 in
901 1905 989 1977 gradu
1007 1904 1203 1977 appellationis
1237 1942 1244 1956 .
1280 1916 1298 1959 a
1314 1901 1369 1956 645

189 2011 251 2066 671.
272 2010 412 2066 Statuitur
431 2029 567 2083 quaenam
588 2031 726 2084 expensae
745 2015 802 2069 sint
820 2013 970 2070 solvendae
971 2051 1242 2067 .......
1280 2024 1298 2068 a
1314 2009 1369 2063 647

189 2120 251 2174 672
271 2121 351 2191 Apud
369 2122 461 2176 euriae
480 2122 572 2179 solent
589 2123 686 2180 adesse
703 2123 907 2180 determinatae
925 2127 1009 2180 taxea
1033 2136 1084 2192 pro
1108 2119 1244 2192 expensis,

297 2228 319 2281 si
340 2244 394 2283 uon
413 2229 512 2294 adsint,
531 2229 563 2282 fit
582 2231 741 2284 aestimatio
761 2245 851 2300 aequo
869 2228 969 2284 iudicia
987 2228 1105 2283 arbitrio
1150 2266 1156 2278 .
1193 2268 1200 2281 .
1238 2264 1244 2278 .
1282 2241 1299 2281 a
1329 2224 1367 2278 ibi

189 2333 250 2387 673.
271 2333 300 2388 Si
322 2335 350 2389 in
372 2334 509 2390 alterutro
531 2333 707 2403 litigantium
729 2334 809 2390 dolus
830 2333 950 2390 minerii
967 2333 1079 2390 dolosus
1098 2333 1245 2388 damnatur

297 2440 381 2495 etiam
401 2441 430 2494 in
449 2441 557 2497 damna.
574 2441 634 2496 Duo
646 2446 712 2497 sunt
724 2442 847 2513 potiores
859 2441 916 2496 doli
929 2457 1023 2496 casua:
1044 2440 1070 2510 l)
1083 2457 1163 2497 easus
1180 2454 1245 2497 oen·

297 2549 450 2614 tumaola03
469 2550 497 2618 2)
516 2565 597 2606 oaaua
616 2547 678 2620 plue
697 2551 841 2622 petitionis
881 2585 1243 2603 .........
1279 2544 1368 2601 »648

188 2657 250 2712 674.
270 2657 309 2712 De
328 2657 390 2728 plue
409 2658 592 2729 petitionibus
611 2693 1242 2712 ...............
1279 2667 1297 2711 r
1327 2654 1368 2708 ibi

188 2765 249 2819 675.
269 2764 401 2826 Quaestio
419 2782 602 2836 expensarum
620 2765 770 2839 aliquando
787 2766 909 2822 vertitur
927 2766 1002 2823 inter
1020 2781 1106 2820 unum
1130 2779 1165 2820 ex
1186 2761 1243 2816 liti·

296 2871 427 2940 gentibus
443 2876 472 2926 et
490 2871 578 2926 alium
591 2873 714 2928 tertium.
728 2871 805 2928 l'une
818 2887 956 2940 expansae
968 2869 1152 2924 aestimantur
1164 2868 1244 2925 iuxta

296 2978 453 3032 eommunia
471 2979 541 3032 iuria
559 2979 707 3050 principia.
738 2963 741 2970 ’
746 3015 1242 3032 ............
1278 2971 1369 3032 »669

188 3067 249 3121 676.
270 3067 300 3122 16
319 3083 454 3138 expensae
466 3084 533 3125 vero
545 3068 689 3124 iudiciales
708 3069 789 3125 iudex
808 3069 894 3124 etiam
913 3085 948 3123 ex
960 3068 1051 3124 officio
1063 3067 1242 3130 condemnat3

296 3175 324 3227 in
342 3173 459 3230 alterius
475 3177 586 3246 generis
600 3192 735 3247 expensae
749 3175 838 3230 solum
852 3175 887 3229 ad
899 3175 1061 3231 instantiam
1074 3174 1151 3230 illiue
1164 3173 1243 3228 onius

295 3279 413 3335 intereat
434 3317 1241 3336 ...................
1278 3291 1297 3334 a
1326 3276 1365 3331 ibi

657 3532 808 3602 seculo
837 3535 897 3601 tv.

541 3709 586 3765 De
613 3709 800 3768 exeeutione
823 3710 1012 3770 sententiae.

186 3926 246 3982 677.
267 3925 429 3980 Sententiae
448 3924 635 3980 absolutoriae
649 3926 768 3996 positiva
781 3942 834 3980 non
848 3926 977 3995 indigent
991 3925 1169 3982 executione:
1187 3923 1242 3980 axl-
1278 3989 1280 3992 ¹

292 4035 351 4085 tem
369 4031 399 4084 in
417 4029 553 4085 civilibus.
573 4030 734 4086 Sententiae
753 4031 997 4090 condemnatorixe
1008 4032 1037 4086 in
1050 4028 1241 4088 criminalibus

292 4137 366 4193 aliae
385 4153 477 4192 seeum
499 4137 616 4193 trahunt
634 4140 837 4206 executionem
856 4139 930 4195 aliae
948 4138 1095 4210 pontium
1113 4139 1242 4194 obtinent

292 4240 485 4298 executionem
503 4241 659 4298 ministerio
678 4243 843 4300 executoris,
858 4243 888 4298 ln
907 4242 1037 4301 civilibus
1054 4241 1241 4300 uoluntariam

290 4351 339 4402 ant
357 4351 483 4402 coaeum
502 4351 652 4421 exquirunt
670 4353 864 4409 executionem
876 4389 1194 4405 ........
1224 4365 1292 4421 ρῳ.
1310 4347 1365 4402 666
