3350 5117
512 324 556 371 nu
588 322 727 371 runrous
756 322 1022 371 uocuusmsrrcrs
1290 304 1355 368 409

178 448 234 530 get
256 444 389 530 speciali
421 444 582 525 mandato,
613 449 646 510 et
676 444 805 529 planum
830 448 897 519 est;
926 462 997 530 arg.
1024 463 1100 529 cop.
1124 442 1149 509 3
1172 444 1203 508 h.
1228 448 1249 508 t.
1273 443 1311 508 in
1333 442 1357 507 6

178 564 234 651 (ll,
261 567 306 654 4).

269 694 506 759 Procuratores
528 713 608 759 vero
632 694 815 780 generales,
841 693 1017 759 cuiusmodi
1046 699 1120 759 sunt
1146 694 1281 780 syndici,
1304 698 1358 757 tu·

176 824 276 897 tores,
293 817 580 902 administratores,
605 825 752 886 rectores
776 819 1010 894 Ecclesiarum,
1035 821 1143 884 iurant
1165 820 1198 883 in
1221 818 1358 904 negotiis

177 961 260 1027 quae
292 941 486 1007 iudicialiter
516 946 643 1027 gerunt,
667 916 745 1027 quin
768 942 807 1009 ad
834 943 899 1007 hoc
921 942 1053 1027 speciali
1076 942 1241 1028 indigeant
1267 960 1358 1006 man·

178 1065 252 1132 dato
268 1086 326 1133 seu
342 1086 504 1133 consensu
527 1070 723 1153 superioris;
739 1067 865 1133 habent
888 1068 972 1132 enim
996 1066 1171 1153 legitimam
1186 1084 1358 1151 personam

178 1191 284 1257 dandi
308 1193 341 1257 in
365 1192 501 1268 iudicio;
526 1194 568 1258 ci.
592 1212 667 1276 cop.
693 1192 716 1257 6
739 1193 770 1258 tt.
796 1198 817 1259 t.
841 1192 883 1257 X.

270 1315 450 1381 Praeterea
473 1316 627 1382 etiamad
651 1322 805 1402 patronos
829 1322 862 1381 et
884 1315 1058 1381 advocatos
1081 1312 1260 1381 huiusmodi
1276 1314 1360 1377 iura·

180 1440 279 1505 menti
302 1440 358 1505 lex
383 1446 520 1507 extensa
544 1440 605 1507 luit
627 1438 683 1525 (1).

269 1562 346 1627 377.
372 1563 417 1627 Iu
434 1562 580 1629 omuibus
596 1565 701 1631 causis
723 1570 791 1629 tum
816 1566 849 1629 in
872 1565 977 1648 prima
998 1569 1066 1628 tum
1090 1565 1123 1628 in
1146 1564 1287 1629 secunda
1309 1564 1359 1627 in-

180 1686 298 1750 stantia
322 1686 385 1752 hoc
409 1690 534 1753 servari
558 1686 747 1760 teneasne
766 1688 962 1773 temporales
985 1690 1058 1768 sint,
1082 1688 1150 1751 sive
1167 1686 1358 1772 spirituales,
1403 1710 1407 1715 ’

181 1812 248 1876 sive
272 1812 524 1887 ecclesiasticae,
537 1815 606 1879 sive
629 1812 747 1877 iudicio
771 1812 939 1877 ordinario
962 1813 1031 1877 sive
1054 1812 1226 1877 summario
1240 1812 1360 1895 agiten-

180 1938 252 2008 tur;
280 1953 348 2019 arg.
365 1953 393 1999 c.
409 1934 436 1999 2
451 1934 484 1999 h.
501 1940 522 1999 t.
538 1934 575 2001 io
599 1934 631 1999 6.
648 1968 692 1982 —
708 1935 898 2018 Antiquitas
914 1954 957 1998 ex
972 1952 1046 2016 cup.
1062 1934 1089 1998 2
1104 1933 1135 1997 lt.
1153 1938 1174 1999 t.
1192 1932 1227 1995 X
1238 1933 1360 1997 exime-

181 2057 300 2124 bantur
324 2078 442 2125 causae
456 2058 639 2144 spirituales
655 2064 687 2123 et
711 2057 954 2123 ecclesiasticae
971 2056 1098 2122 obeam
1117 2059 1362 2139 rationemque

181 2184 293 2249 clerici
317 2182 434 2267 alege
465 2184 636 2249 iuramenti
667 2184 742 2251 olim
772 2186 930 2249 immunes
952 2190 1056 2249 erant.
1082 2184 1177 2264 Hinc,
1206 2181 1362 2267 abrogata

181 2305 285 2389 quoad
310 2306 448 2371 clericos
468 2308 681 2391 exceptione,
706 2326 887 2392 congruum
918 2313 991 2371 erat
1014 2312 1049 2370 ut
1071 2306 1241 2372 tolleretur
1264 2306 1361 2372 otiam

182 2428 287 2512 quoad
311 2450 425 2495 causas
449 2431 632 2517 spirituales
648 2437 683 2499 et
704 2430 955 2505 ecclesiasticas,
979 2430 1061 2513 quod
1086 2429 1205 2494 factum
1228 2429 1289 2493 fuit
1303 2448 1362 2513 per

182 2576 256 2640 cup.
281 2557 308 2621 2
331 2558 362 2622 h.
389 2563 409 2622 t.
436 2556 473 2622 in
496 2558 528 2623 6.
553 2557 744 2642 -Aliquid
767 2556 934 2642 singulare
958 2562 1007 2620 est
1029 2558 1062 2619 iu
1087 2557 1192 2620 causis
1215 2556 1363 2621 crimina·

182 2680 275 2761 libus,
300 2681 340 2745 de
365 2681 479 2765 quibus
502 2693 559 2747 sno
581 2681 663 2746 loco.
689 2681 737 2746 ef.
762 2679 962 2765 Schmalrgr.
987 2680 1019 2743 tt.
1045 2684 1065 2743 t.
1089 2699 1123 2744 n.
1140 2680 1194 2744 12.

272 2802 348 2869 378.
368 2805 460 2869 Haec
475 2803 629 2890 vigebant
644 2805 714 2868 iure
731 2802 966 2877 Decretalium;
990 2803 1062 2866 iure
1085 2802 1241 2867 hodierno
1257 2806 1363 2866 autem

183 2927 400 2993 iuramentum
431 2928 610 2993 calumniae
637 2928 709 2992 fere
736 2926 854 3011 ubique
882 2946 901 2990 a
924 2926 996 2991 foro
1028 2928 1170 3008 recessit,
1199 2928 1363 2991 contrario

183 3052 424 3119 consuetudine.
449 3055 657 3137 Antiquiores
681 3052 880 3127 canonistas,
895 3059 930 3117 ut
953 3050 1150 3137 Schmalzgr.
1177 3052 1207 3116 h.
1233 3058 1253 3117 t.
1270 3074 1303 3118 n.
1326 3056 1364 3139 5,·

185 3174 363 3249 Reiffeust,
389 3178 420 3241 lt.
446 3183 465 3241 t.
490 3196 524 3241 n.
542 3178 592 3242 50
599 3196 614 3259 ,·
638 3176 783 3241 Barbosa
805 3176 839 3239 in
866 3195 942 3259 cap.
964 3176 1119 3242 Ceterum
1143 3176 1173 3241 h.
1198 3182 1220 3242 t.
1243 3198 1277 3242 a.
1293 3178 1317 3243 5
1331 3184 1365 3244 et

184 3302 239 3365 alii
262 3300 383 3387 plures,
406 3306 519 3366 tenent
541 3320 583 3365 ex
607 3299 719 3386 regula
744 3299 891 3385 generali
916 3299 1137 3365 huiuscemodi
1160 3300 1364 3367 consuetudi·

184 3442 258 3486 nem
284 3442 349 3486 non
374 3442 446 3487 esse
468 3423 653 3509 legitimam,
675 3428 708 3487 et
738 3423 817 3487 hinc
841 3442 979 3505 unquam
1004 3443 1068 3487 non
1095 3421 1281 3507 praescribi,
1306 3443 1364 3487 ex-

185 3549 277 3630 cepto
304 3564 390 3617 casu,
415 3548 514 3617 aiunt,
539 3546 617 3630 quo*
631 3545 738 3629 aliquo
763 3546 798 3609 in
820 3544 894 3609 loco
917 3545 970 3609 vel
993 3544 1083 3609 nulla
1105 3546 1275 3610 iuramenti
1307 3566 1365 3611 ne-

184 3672 319 3736 cessitas
342 3672 383 3737 sit
415 3672 454 3737 ob
486 3672 603 3738 civium
628 3670 821 3757 probitatem
846 3672 901 3736 vel
931 3672 1107 3737 vehemens
1130 3671 1300 3737 discrimen
1325 3671 1365 3737 ob

186 3796 340 3880 frequens
364 3796 497 3881 periurii
523 3794 717 3861 scandalum.
732 3832 776 3845 -
788 3798 832 3861 At
856 3797 1057 3861 contrarium
1074 3798 1191 3862 asserit
1205 3797 1251 3861 De
1267 3797 1364 3868 Luca,

185 3918 235 3984 De
258 3920 328 3985 iud.
353 3920 446 3995 disc,
462 3922 523 4003 25,
547 3921 720 3987 advertens
744 3940 945 3986 communem
965 3922 1198 4005 experientiam
1221 3920 1366 3985 docuisse

256 4086 304 4179 (lt'
317 4112 420 4167 Verum
438 4112 519 4168 hodie
533 4114 624 4184 potius
642 4115 720 4184 viget
739 4113 919 4180 consuetudo,
937 4115 1039 4183 passim
1058 4114 1143 4167 etiam
1162 4112 1191 4165 in
1204 4114 1265 4167 loro
1277 4112 1366 4179 civili,

187 4222 217 4272 ut
235 4218 362 4273 advocati
380 4225 409 4274 et
428 4224 621 4289 procuratores
640 4222 668 4275 in
688 4219 857 4290 capessendo
876 4220 968 4273 officio
986 4219 1118 4288 generale
1145 4219 1276 4273 emittant
1294 4220 1369 4273 iura·

185 4330 310 4377 mentum
329 4324 362 4379 de
381 4341 496 4380 munere
515 4324 634 4379 fideliter
653 4324 806 4394 implend03
827 4329 857 4379 et
875 4324 997 4393 speciale
1016 4324 1045 4377 in
1063 4323 1182 4393 singulis
1202 4324 1292 4377 causis
1312 4340 1367 4377 non

190 4428 328 4497 exigatur.
