3350 5117
297 228 342 295 28
825 244 910 293 runs
934 245 956 292 1.

296 374 367 437 eius
382 371 484 457 pluris
507 370 636 435 intersit
657 370 714 435 lite
737 370 902 435 abstinere
924 389 1021 455 quarn
1044 370 1189 435 eamdem
1208 371 1369 456 persequi.
1385 370 1479 435 Tunc

298 495 437 563 habetur
451 495 664 562 renunciatio
680 495 745 563 litis
761 502 898 561 exortae
916 516 974 561 seu
989 498 1187 569 exoriturae,
1201 501 1235 563 et
1249 496 1289 561 de
1303 496 1367 561 hoo
1382 502 1478 581 pacto

296 620 407 703 agitur
430 620 461 683 in
487 637 562 701 cap.
586 618 619 695 t,
644 618 694 685 De
711 624 891 703 procurat.
915 619 954 683 in
977 619 1001 684 6
1023 620 1063 703 (Ι.
1089 619 1144 704 19)
1168 625 1201 687 et
1224 620 1262 684 in
1284 622 1306 684 t.
1330 620 1351 687 t.
1375 620 1428 683 20
1449 623 1481 685 et

297 742 349 809 30
362 746 398 827 ff.
414 743 465 809 De
480 742 681 810 Minoribus.
703 743 765 810 Sed
789 744 984 809 iudicarem
1006 764 1084 809 casu
1101 749 1267 825 concreto,
1284 763 1325 807 an
1349 742 1480 807 donatio

242 928 246 941 ,
297 868 404 933 locum
420 867 539 935 habeat
554 888 595 932 an
618 870 795 934 transactio
812 870 865 935 vel
889 870 1111 944 renunciatio:
1126 870 1209 934 haec
1225 868 1311 952 facti
1334 870 1481 954 quaestio

297 1000 357 1069 est,
382 1017 447 1061 non
470 995 567 1061 iuris.
592 994 641 1062 Os.
665 992 878 1060 D'Annibate
902 994 1011 1080 (Part.
1036 995 1085 1076 tt,
1107 1014 1143 1059 n.
1167 994 1267 1077 559).

390 1118 480 1184 Haec
504 1117 703 1184 advertenda
726 1124 821 1184 erant
843 1140 886 1184 ue
901 1119 1084 1185 huiusmodi
1098 1123 1285 1187 contractus
1300 1118 1355 1201 qui
1370 1117 1479 1201 specie

297 1249 393 1309 tenus
416 1242 546 1308 videtur
568 1243 729 1329 gratuitus
752 1263 814 1309 ceu
837 1243 978 1325 donatio,
1001 1263 1118 1329 reapse
1143 1244 1287 1309 utitatis
1310 1242 1477 1316 habeatur,

298 1367 360 1432 etsi
383 1386 426 1431 ex
450 1366 593 1433 subiecta
615 1368 753 1431 materia
771 1368 1000 1432 transactionis
1018 1368 1123 1452 potius
1145 1372 1202 1431 aut
1225 1367 1478 1431 renunciationis

300 1488 403 1553 induit
426 1494 586 1553 naturam.
611 1488 702 1564 Quod
726 1488 927 1573 distinguere
950 1490 1091 1555 maxime
1113 1490 1259 1555 interest

392 1615 525 1680 Domum
548 1615 611 1680 hoc
630 1614 828 1681 innuendum
844 1594 917 1682 erat
932 1635 975 1680 ne
989 1616 1167 1681 transactio
1183 1615 1250 1679 tate
1264 1618 1399 1698 sumpta,
1416 1613 1480 1677 hoc

299 1758 396 1806 sensu
421 1740 591 1826 explicata,
615 1742 872 1841 confunderetur
896 1762 969 1807 oum
993 1743 1212 1807 transactione
1235 1740 1315 1805 adeo
1338 1742 1405 1806 tate
1428 1759 1481 1805 ac-

300 1870 408 1948 cepta,
432 1870 469 1931 ui
490 1862 651 1951 significet
677 1887 911 1953 quamcumque
933 1869 1054 1954 negotii
1078 1865 1312 1943 definitionem
1329 1866 1374 1932 uti
1397 1863 1480 1950 apud

299 1988 609 2074 SchmaIzgrueber3
635 1989 666 2054 tr.
692 1994 712 2054 t.
737 2009 772 2054 n.
796 1991 825 2065 1,
849 1995 883 2055 et
906 1988 1126 2062 ReiffenstueL
1152 1989 1183 2054 tr.
1208 1994 1230 2053 t.
1252 2008 1287 2053 n.
1311 1988 1350 2070 1,·
1373 1987 1480 2073 prouti

299 2114 482 2198 explicatur
516 2117 549 2179 in
581 2116 602 2179 t.
627 2114 780 2199 aaaff.
810 2115 861 2180 De
887 2114 985 2186 aab.
1013 2114 1129 2201 sipnif.
1158 2134 1292 2201 nempe:
1319 2138 1338 2178 ‹
1368 2114 1480 2182 Tran-

298 2243 393 2304 sacta
424 2239 561 2325 finitque
591 2240 781 2326 intettipere
811 2240 971 2307 debemus
1002 2258 1075 2305 non
1102 2240 1214 2305 aotam
1247 2238 1370 2325 quibus
1399 2260 1480 2307 con·

300 2364 466 2429 troversia
486 2362 571 2446 fuit,
596 2364 656 2429 sed
686 2364 788 2430 etiarn
820 2383 910 2449 quae
939 2364 1013 2430 sine
1043 2363 1275 2431 controversia
1303 2364 1372 2429 sint
1396 2382 1480 2446 pos-

299 2506 392 2553 sessa
416 2507 446 2550 a.

25 2690 31 2712 .
123 2680 138 2706 ,1
153 2682 162 2706 ·‚
180 2636 205 2702 p
239 2590 311 2696 (ᾖ.
389 2614 588 2689 Transactio,
609 2614 755 2697 proprie
781 2622 925 2700 accepta,
950 2620 999 2680 est
1027 2618 1211 2680 contractus
1237 2632 1337 2698 «qao
1359 2617 1481 2695 portes

24 2717 28 2732 ’
268 2721 277 2746 '
299 2738 415 2823 atiquo
438 2739 582 2805 inuicem
605 2738 684 2805 dato
709 2744 770 2805 aut
791 2745 920 2805 retento
951 2745 1011 2805 aut
1036 2738 1218 2822 promisso,
1245 2740 1349 2824 finem
1375 2738 1481 2823 impe

298 2863 389 2924 nunt
412 2860 462 2924 titi
484 2860 555 2925 iam
585 2860 739 2944 inceptae
760 2866 792 2926 et
813 2861 970 2927 nondrnn
991 2862 1107 2946 finitae
1129 2866 1189 2926 ant
1212 2862 1304 2927 litent
1331 2860 1480 2944 forsitan

300 2985 516 3051 emorituram
533 2985 765 3066 praeveniant
781 3004 812 3049 a.
837 2985 888 3050 En
912 2988 981 3051 eius
1004 2985 1159 3067 requisita
1181 2985 1381 3050 essentialia:

390 3108 423 3193 a)
448 3114 497 3174 est
513 3114 698 3175 contractus
714 3130 880 3192 onerosus,
898 3130 994 3195 quum
1010 3130 1053 3175 ex
1073 3110 1095 3175 t.
1111 3107 1170 3181 38,
1190 3109 1225 3175 O.
1243 3110 1275 3175 h.
1292 3115 1313 3174 t.
1331 3128 1350 3171 r
1367 3115 1480 3175 trans-

299 3231 387 3298 actio
410 3232 504 3298 nutto
520 3232 599 3298 dato
620 3234 672 3299 oet
695 3238 823 3299 retento
847 3253 907 3299 seu
924 3234 1105 3317 mancuso,
1121 3232 1262 3298 minime
1276 3232 1432 3314 procedit
1447 3253 1479 3312 ›‚

391 3355 422 3440 b)
447 3359 521 3442 quia
553 3362 601 3425 est
628 3364 834 3433 contractus,
860 3380 903 3425 ex
933 3361 1004 3425 iure
1035 3361 1191 3425 canonico
1221 3378 1265 3423 ex
1293 3362 1387 3443 parte
1417 3357 1481 3421 for-

301 3504 374 3554 mae
395 3484 475 3549 nihil
499 3484 586 3549 aliud
610 3485 789 3570 requiritur
812 3487 873 3550 nisi
896 3491 932 3551 ut
954 3505 1132 3551 consensus
1159 3484 1306 3572 tepitime
1332 3489 1365 3550 et
1386 3484 1480 3569 ruffi·

300 3606 426 3673 uenter
454 3608 633 3674 intercedat
664 3615 697 3674 et
727 3583 977 3683 manifestetur'J
995 3577 1182 3693 {iv-{we
1212 3611 1282 3675 sive
1311 3609 1369 3675 sub
1401 3628 1481 3676 con·

300 3732 436 3797 (titione.

390 3850 420 3937 c)
438 3850 618 3918 Ordinatur
641 3852 680 3918 ad
703 3853 792 3919 litem
808 3852 982 3919 finiendam
1002 3860 1058 3920 aut
1073 3854 1362 3940 praeveniendam:
1380 3873 1481 3938 quare

164 4041 171 4052 ,
300 3978 453 4039 versatur
476 3974 565 4040 circa
587 3996 662 4042 rern
687 3976 836 4054 dubiam,
862 3980 952 4043 circa
979 3996 1075 4061 quam
1105 3976 1266 4059 iudicium,
1290 3978 1353 4041 iam
1377 3979 1482 4043 incoe·

302 4104 400 4185 ptum,
426 4119 490 4164 non
521 4105 569 4165 est
596 4098 731 4175 finitum,
757 4104 808 4168 vel
837 4102 987 4167 iudicium
1019 4102 1157 4167 forsitan
1186 4108 1236 4167 est
1266 4105 1480 4184 exoriturum.

303 4228 383 4292 Nam
407 4228 433 4292 si
458 4246 512 4293 res
535 4230 576 4294 sit
600 4234 696 4293 extra
719 4228 948 4295 dubitationem
965 4232 1076 4314 posita,
1094 4230 1213 4314 poterit
1231 4248 1303 4295 esse
1322 4228 1481 4296 obiectum

300 4352 374 4417 aliis
397 4352 624 4434 contractibus,
648 4372 705 4418 seu
729 4354 847 4439 pactis:
865 4373 929 4417 non
953 4352 1040 4435 huic,
1065 4354 1155 4418 cuius
1178 4350 1337 4419 obiectum
1361 4359 1484 4422 astrea
