3350 5117
533 287 577 334 on
602 287 740 336 ruorcrrs
764 287 1030 339 uccnnsrasnrcrs
1301 271 1368 337 375

282 407 373 473 Haec
397 411 505 474 omnia
524 409 634 475 valent
650 413 746 476 etiarn
771 410 877 496 quoad
898 413 998 497 qnasi
1012 419 1213 480 contractus.
1238 450 1282 464 -
1305 415 1368 480 Sed

188 531 279 599 facta
302 533 363 599 luit
385 537 533 622 exceptio
557 537 698 602 maxime
720 537 884 622 attingens
906 538 1109 622 negotiorum
1130 539 1291 624 gestiones
1311 557 1369 604 seu

188 659 494 735 administrationes,
509 660 548 724 de
564 660 678 744 quibus
693 661 727 724 in
744 659 923 726 rationibus
938 659 1109 726 reddendis
1123 660 1264 726 faciliter
1275 679 1369 746 quae

190 783 313 848 stiones
337 785 531 849 usuveniunt
554 786 649 850 etiam
673 785 706 850 in
730 784 801 849 loro
826 785 918 850 eccl..
932 785 1090 871 Exceptio
1113 786 1147 849 in
1174 785 1238 850 hoc
1267 784 1368 850 habe-

188 912 254 972 tur.
281 908 346 974 Alii
371 907 601 974 contrahentes
624 911 650 974 si
681 909 842 990 absentes,
872 911 951 996 ipsis
981 910 1172 983 nolentibus,
1204 930 1268 974 non
1299 928 1368 994 pos-

189 1034 266 1094 sunt
288 1030 426 1114 amplius
449 1031 616 1097 conveniri
642 1049 752 1096 coram
778 1031 885 1096 iudice
907 1031 970 1096 loci
1002 1036 1205 1098 contractus:
1237 1029 1369 1095 admini-

190 1159 351 1222 stratores
373 1174 453 1221 vero
476 1162 609 1242 possunt
631 1175 760 1242 semper
775 1157 957 1238 conveniri,
974 1158 1035 1223 etsi
1050 1156 1199 1222 absentes
1218 1161 1252 1223 et
1266 1156 1367 1229 inviti,

190 1279 223 1343 in
247 1279 320 1344 loco
344 1284 455 1365 gestae
479 1280 771 1356 administrationis,
804 1301 850 1347 eoo
878 1283 898 1347 l.
930 1283 989 1368 fin.
1024 1281 1059 1348 0.
1096 1280 1158 1346 Ubi
1184 1280 1227 1346 de
1248 1279 1367 1346 rutioc.

190 1401 250 1486 ayt
273 1407 435 1486 oporteat,
449 1404 524 1487 quia
548 1404 580 1468 in
604 1405 675 1470 loco
698 1404 752 1470 ubi
775 1411 868 1491 gesta
891 1411 964 1470 sunt
994 1405 1132 1490 negotia,
1161 1403 1289 1469 facilior
1319 1407 1369 1467 est

190 1546 309 1593 causae
341 1529 520 1611 instructio,
545 1531 695 1596 nimirum
719 1529 762 1596 ibi
787 1530 952 1596 commode
984 1535 1082 1596 testes
1105 1530 1314 1594 inveniuntur
1336 1533 1369 1591 et

189 1655 436 1739 interrogantur
459 1661 492 1720 et
514 1644 580 1720 litis¹
602 1657 814 1722 instrumenta
839 1655 961 1721 clarius
983 1655 1215 1741 intelliguntur.
1234 1653 1305 1718 Hac
1328 1651 1369 1716 de

190 1800 290 1847 causa
311 1781 438 1846 sodales
461 1782 513 1846 vel
537 1782 616 1848 socii
640 1783 808 1848 conveniri
832 1781 951 1848 debent
973 1783 1005 1846 in
1029 1781 1178 1862 loco‚ubi
1201 1779 1294 1845 sedes
1320 1787 1369 1845 est

190 1904 370 1970 sodalitatis
393 1906 445 1972 vel
468 1907 640 1987 societatis
660 1906 702 1971 ci.
727 1907 780 1972 cit.
814 1906 887 1974 cod.
921 1907 1019 1991 Greg.
1050 1907 1072 1988 ἕ
1103 1905 1185 1970 440.
1218 1906 1261 1972 Et
1285 1905 1369 1970 haec

190 2029 404 2114 praescriptio
426 2030 515 2116 viget
540 2033 607 2094 tum
638 2049 696 2114 pro
728 2029 858 2115 publica
886 2048 981 2115 quarn
1012 2048 1071 2114 pro
1102 2028 1230 2113 privata
1256 2046 1368 2092 rerum

191 2150 478 2218 administratione.
494 2151 540 2216 cf.
558 2150 715 2217 Abbatem
732 2151 769 2217 in
785 2170 860 2234 cop.
877 2153 936 2236 fin.
954 2151 984 2215 b.
999 2157 1068 2216 tn.
1084 2151 1144 2226 57,
1160 2155 1193 2214 et
1208 2147 1370 2216 Schmalz-

193 2271 337 2359 grueber
361 2273 391 2337 b.
409 2279 430 2339 t.
454 2294 488 2339 n.
514 2275 561 2339 45
584 2273 640 2360 (l).

280 2399 356 2465 340.
382 2401 509 2466 Tertius
531 2400 643 2466 modus
665 2401 821 2466 sortiendi
846 2401 953 2466 lorum
976 2405 1104 2467 estnec
1125 2400 1199 2465 siin
1224 2401 1268 2464 In
1291 2400 1312 2464 t.
1332 2397 1367 2476 3,

194 2523 227 2592 O.
258 2526 321 2592 Ubi
337 2527 374 2590 in
399 2547 473 2594 rem
496 2534 560 2594 act.
578 2529 714 2594 iubetur:
740 2529 817 2594 «ln
843 2528 925 2596 locis
946 2529 985 2594 in
1007 2527 1128 2614 quibiu
1149 2547 1206 2592 res
1223 2532 1370 2610 propter

192 2669 279 2736 quos
303 2653 527 2735 contenditur,
541 2654 738 2720 constitutae
761 2659 850 2728 sunt,
874 2651 1029 2727 iubemus
1050 2653 1089 2717 in
1110 2671 1184 2717 rem
1202 2651 1369 2719 actionem

190 2911 307 2966 excedat
326 2929 343 2965 a
361 2911 424 2967 loco
443 2913 471 2966 in
490 2931 544 2984 qno
563 2913 720 2978 contraxit;
740 2914 781 2967 uti
798 2930 931 2984 expresse
955 2913 1107 2968 decernunt
1131 2913 1219 2967 citata
1237 2914 1328 2984 capita
1341 2917 1369 2966 et

190 3023 306 3092 exponit
326 3021 574 3091 Scbmalzgrueber
591 3025 618 3077 n.
638 3032 655 3075 t.
675 3041 701 3075 n.
721 3023 774 3076 45.
795 3020 884 3076 Ferus
903 3022 976 3076 enim
990 3031 1146 3076 contractus
1158 3020 1370 3090 distinguitura

189 3125 250 3177 foro
269 3123 403 3177 domicilii
423 3125 488 3194 quia
507 3125 541 3178 ad
561 3123 640 3178 illum
660 3125 831 3180 sortiendum
854 3124 1006 3189 nullimode
1025 3124 1176 3195 requiritur
1191 3123 1369 3178 domicilium.

190 3228 266 3284 Haec
286 3229 359 3284 ratio
376 3230 510 3285 sortiendi
530 3233 620 3286 iorum
640 3231 750 3286 videtur
768 3233 880 3300 pentius
898 3247 1052 3300 congruere
1071 3230 1162 3283 causis
1180 3230 1370 3284 matrimonia·

190 3333 350 3408 libus,quia
368 3338 398 3392 in
415 3337 478 3390 loco
498 3339 559 3392 initi
579 3343 738 3392 contractus
758 3337 869 3392 facilior
883 3341 926 3392 est
945 3354 1045 3392 musae
1063 3337 1220 3401 instructio,
1233 3341 1261 3391 et
1272 3335 1370 3390 defini·

123 3485 126 3490 .
190 3440 239 3506 tio,
258 3443 300 3496 uti
322 3442 435 3512 planum
454 3447 504 3500 est.

280 3548 320 3617 (l)
341 3549 373 3601 ln
393 3549 532 3604 codicibus
550 3548 699 3614 hodiernis,
717 3550 758 3602 uti
787 3548 843 3601 iam
868 3548 898 3602 in
923 3553 981 3604 cod,
1008 3553 1051 3603 cit.
1079 3549 1172 3618 Grep,
1187 3547 1369 3618 distinguitur

193 3649 370 3706 domicilium
386 3653 421 3705 ad
434 3653 562 3707 effectum
576 3652 708 3708 sortiendi
720 3654 773 3706 fori
792 3669 809 3706 a
822 3653 886 3706 loco
898 3654 1067 3708 residentiae
1080 3653 1125 3707 vel
1139 3655 1369 3707 commorationis.

189 3758 370 3814 Domicilium
388 3761 540 3814 assumitur
558 3775 608 3830 pro
626 3759 696 3826 loco,
707 3760 752 3813 ubi
774 3759 837 3830 quis
856 3759 931 3828 gerit
949 3759 1072 3828 negotia,
1090 3758 1136 3813 vel
1154 3775 1265 3812 suorum
1284 3774 1370 3827 nego·

189 3866 294 3920 tiorum
313 3867 406 3922 eedem
426 3865 606 3936 principalem
625 3866 719 3921 babet.
739 3866 791 3921 Sed
810 3867 876 3937 quia
895 3865 965 3920 haec
983 3870 1089 3921 statuta
1104 3870 1168 3920 eunt
1182 3867 1211 3919 in
1223 3868 1327 3920 bonurn
1340 3871 1369 3920 et

188 3975 362 4028 commodum
383 3976 562 4044 privatorum,
574 3975 745 4044 permittitur
764 3980 795 4029 ut
816 3975 879 4046 quis
899 3975 952 4028 sibi
972 3975 1061 4044 eligat
1081 3974 1251 4028 domicilium
1269 3975 1299 4028 in
1318 3973 1371 4028 ali-

187 4097 243 4149 quo
261 4080 334 4148 loco,
345 4081 404 4136 site
422 4082 504 4151 plura
521 4083 581 4136 sive
600 4099 685 4136 unum
701 4085 811 4136 tantum
826 4083 974 4151 negotium
985 4082 1023 4135 ibi
1038 4097 1136 4149 gerere
1149 4080 1256 4136 debent.
1269 4081 1293 4134 Ε
1306 4097 1371 4135 con-

187 4193 233 4244 tra
253 4185 414 4256 appellatur
433 4187 583 4242 residentia
601 4188 660 4241 sivo
678 4187 862 4240 commoratio
883 4187 971 4252 locus,
992 4187 1038 4240 ubi
1057 4186 1119 4256 quis
1138 4187 1171 4240 de
1189 4187 1264 4240 facto
1282 4185 1368 4256 degit.

188 4291 322 4346 Facultss
334 4307 400 4347 uero
413 4307 541 4360 expresse
553 4289 673 4360 eligendi
689 4291 742 4344 sibi
756 4293 931 4345 domicilium
946 4292 1038 4362 tepula
1051 4292 1182 4344 innititur
1194 4291 1283 4346 eidem
1295 4293 1370 4361 prin·

187 4396 271 4465 cipio,
283 4411 339 4466 quo
357 4395 538 4448 constituitur
556 4394 599 4447 ius
618 4394 751 4450 sortiendi
770 4395 823 4448 lori
845 4395 953 4449 ratione
966 4400 1132 4448 contractus.
1146 4394 1217 4448 Nam
1230 4395 1293 4465 quis
1304 4411 1368 4449 con·
