3350 5117
548 319 593 366 nn
615 318 755 366 romeus
779 318 1046 367 nccnnsmsrrcrs
1320 300 1386 365 635

206 445 285 531 ipsa,
310 444 386 529 quia
408 443 490 508 haec
513 442 661 508 obtinere
684 442 830 521 intendit,
854 443 907 508 vel
930 448 966 508 ut
987 443 1147 509 sententia
1171 441 1259 507 nulla
1282 441 1386 508 decla·

203 574 305 642 retur,
329 568 443 634 velut
473 570 670 656 corrigatur,
696 568 747 633 vel
778 576 813 634 ut
841 566 1031 641 infirmetur,
1055 568 1129 634 dum
1158 568 1292 652 querela
1318 568 1386 653 agit

204 696 330 757 tantum
357 690 410 806 de
423 691 513 756 nulla
536 691 732 758 declaranda
755 693 924 759 sententia.
961 690 1179 767 Quamobrem
1211 692 1283 757 inre
1305 692 1385 776 posi·

202 815 273 880 tivo
302 834 375 881 can.
408 812 558 882 effectum
587 821 646 898 est,
674 822 710 882 ut
737 815 918 881 huiusmodi
943 815 1075 899 querela
1105 814 1146 880 ad
1179 814 1384 883 obtinendam

202 941 459 1009 declarationem
492 943 649 1008 nullitatis
676 943 812 1029 proponi
848 942 946 1027 possit
968 940 1051 1027 apud
1078 940 1224 1007 eumdem
1249 940 1383 1007 iudicem

205 1070 257 1153 qui
283 1069 473 1133 sententiam
496 1068 577 1135 tulit

292 1192 418 1258 Verum
436 1193 539 1278 magis
555 1191 633 1256 utile
649 1195 708 1264 est,
721 1210 818 1255 unam
831 1190 1041 1257 intentionem
1057 1188 1098 1255 ab
1111 1191 1175 1255 alia
1190 1209 1254 1254 non
1269 1189 1385 1255 disiun-

200 1334 292 1400 gere,
315 1319 353 1381 ut
374 1334 491 1400 nempe
519 1314 705 1379 cumulatim
728 1316 900 1399 expetatur
930 1313 983 1378 vel
1014 1312 1190 1377 declaratio
1217 1312 1383 1387 nullitatis,

199 1438 254 1503 vel
283 1440 464 1505 sententiae
497 1436 623 1502 validae
654 1437 825 1518 correctio,
853 1437 907 1502 vel
932 1434 1113 1502 infirmatio
1139 1430 1183 1501 At
1209 1436 1272 1501 hoc
1302 1434 1383 1501 obti-

200 1566 273 1632 neri
307 1584 373 1629 non
407 1569 513 1651 potest
542 1565 602 1630 nisi
635 1562 720 1648 apud
749 1562 887 1629 iudicem
917 1564 1127 1649 superiorem,
1158 1563 1276 1650 quippe
1306 1569 1384 1631 tunc

202 1689 335 1775 proprie
366 1690 475 1775 agitur
506 1686 546 1753 de
576 1686 813 1773 appellatione,
833 1686 969 1773 proinde
998 1686 1093 1752 bodie
1124 1688 1236 1773 praxis
1266 1693 1324 1760 est,
1348 1692 1383 1754 ut

201 1816 351 1901 exceptis
385 1814 512 1880 casibus
547 1813 694 1878 notoriae
725 1813 894 1886 nullitatis,
925 1833 1007 1897 quae
1035 1812 1125 1878 nulla
1153 1814 1253 1898 possit
1281 1814 1382 1900 tergi-

202 1938 391 2004 versatione
414 1939 547 2022 negari,
572 1939 725 2021 cuiusque
753 1936 929 2006 declaratio
959 1936 1085 2003 facilius
1116 1936 1253 2002 obtineri
1284 1938 1384 2023 possit

201 2058 286 2145 apud
310 2060 414 2147 ipsum
446 2058 584 2124 iudicem
609 2058 662 2142 qui
686 2060 888 2126 sententiam¹
901 2059 1051 2145 protulit,
1076 2060 1109 2124 in
1132 2060 1251 2125 ceteris
1274 2077 1382 2124 recur-

203 2191 297 2250 ratur
320 2182 361 2249 ad
385 2181 524 2249 iudicem
555 2184 773 2268 superiorem,
798 2184 885 2249 iacta
907 2184 1122 2249 cumulatione
1147 2182 1280 2248 remedii
1304 2200 1381 2264 que·

206 2306 297 2371 relae
319 2305 476 2372 nullitatis
506 2305 637 2391 proprie
666 2305 772 2373 dictae
799 2311 831 2371 et
854 2306 1088 2392 appellationis
1113 2311 1208 2391 prout
1238 2304 1380 2390 explica·

202 2431 318 2496 vimus.
344 2431 392 2497 cf.
417 2432 531 2505 Bouix,
558 2430 617 2515 Op.
642 2432 694 2499 et't.
719 2432 767 2513 Π,
787 2450 823 2515 p.
849 2430 925 2497 rio.

290 2551 366 2620 654.
393 2552 534 2619 Subinde
557 2554 737 2637 quaeritur,
761 2572 803 2617 an
828 2554 967 2639 querela
990 2552 1105 2618 debeat
1128 2552 1264 2638 proponi
1294 2552 1381 2616 inter

204 2678 404 2744 decendium.
422 2712 466 2727 -
482 2676 641 2743 Schmalz.
657 2698 730 2743 cum
745 2677 906 2743 communi
921 2677 971 2744 De
985 2682 1067 2744 sent.
1085 2682 1115 2743 et
1130 2695 1170 2742 re
1184 2676 1254 2742 iud.
1270 2696 1305 2741 a.
1322 2676 1378 2753 64,

206 2800 302 2870 docet
323 2802 517 2868 sententiam
539 2802 661 2867 nullam
684 2801 724 2867 ob
746 2821 812 2867 non
828 2804 1011 2889 oppositam
1039 2803 1286 2888 appellationem
1314 2822 1379 2868 non

196 2923 394 2999 confirmari,
411 2946 451 2991 ac
470 2926 607 3012 proinde
630 2935 744 2993 contra
766 2928 853 2993 banc
875 2948 969 3013 posse
992 2928 1105 3012 emcipi
1127 2930 1160 2994 in
1176 2934 1377 3014 perpetuum,

204 3050 281 3134 quia
296 3053 503 3136 exceptiones
519 3058 594 3117 sunt
609 3057 785 3137 perpetuae
800 3050 860 3137 (1);
877 3070 969 3137 posse
985 3072 1064 3117 vero
1080 3051 1138 3138 api
1161 3052 1247 3118 intra
1262 3050 1306 3115 30
1325 3069 1380 3115 an·

199 3193 269 3245 nos,
283 3192 345 3257 qno
356 3178 505 3259 tempore
515 3174 635 3239 durant
650 3175 804 3241 actiones.
818 3176 863 3239 At
874 3174 987 3239 melius
1001 3171 1221 3254 Reiffenstuel,
1231 3172 1281 3239 Dc
1294 3176 1377 3240 sent.

198 3301 231 3362 et
252 3316 292 3363 re
313 3295 598 3363 iud.a.136hac
616 3300 716 3363 utitur
732 3297 945 3364 distinctione.
964 3298 1099 3364 Nullitas
1120 3318 1247 3383 semper
1262 3297 1378 3381 opponi

199 3424 313 3504 potest,
337 3420 364 3484 si
387 3419 523 3485 nullitas
545 3419 732 3506 apartibus
756 3422 866 3486 sanari
894 3440 958 3487 non
983 3423 1090 3506 possit.
1115 3424 1175 3486 Ast
1197 3422 1224 3485 si
1248 3419 1378 3485 nullitas

198 3546 288 3610 valet
309 3547 419 3610 sanari
436 3566 456 3611 a
471 3546 626 3631 partibus,
642 3547 753 3611 verius
772 3552 821 3611 est
836 3548 1002 3631 querelam
1026 3545 1291 3632 interponendam
1306 3564 1378 3611 esse

198 3668 289 3736 inter
311 3670 529 3746 decendium,
554 3690 648 3737 secus
679 3676 790 3755 partes
824 3678 1001 3737 censentur
1029 3674 1229 3737 consensisse
1252 3670 1286 3735 in
1308 3690 1378 3735 sen-

199 3795 335 3859 tentiam
351 3813 487 3878 eamque
502 3814 648 3859 sanasse:
665 3796 710 3858 ita
725 3793 854 3859 videtur
869 3795 1005 3859 innuere
1023 3795 1121 3860 Clem.
1137 3794 1167 3860 V
1183 3796 1216 3859 in
1231 3794 1333 3861 Clem.
1347 3794 1376 3869 Ι,

194 3915 248 3982 De
268 3922 351 3984 sent.
375 3921 406 3983 et
428 3936 468 3982 re
490 3916 562 3983 iud.
586 3915 649 4001 (ll,
677 3916 739 4001 10).
768 3917 839 3982 Non
863 3938 957 3983 secus
984 3923 1094 4002 postea
1116 3921 1300 3983 statuerunt
1322 3935 1376 3981 co·
1474 3962 1477 3969 -

197 4041 286 4108 dices
313 4044 360 4107 uti
388 4042 461 4109 cod.
486 4042 539 4109 cit.
566 4042 667 4130 ἆνερ.
691 4043 787 4125 XVI,
811 4062 842 4109 a.
868 4063 900 4107 a.
927 4043 1007 4125 778,
1033 4043 1113 4109 977.
1139 4042 1264 4109 Verum
1287 4044 1377 4109 iuxta

283 4320 325 4393 (l)
344 4322 506 4378 Revocetur
524 4322 705 4393 principium:
721 4324 798 4383 Quae
818 4333 996 4394 temporanea
1016 4333 1080 4377 sunt
1098 4324 1136 4376 od
1154 4326 1294 4393 apendum
1311 4340 1377 4393 per·

189 4440 278 4501 petua
295 4432 367 4500 fiunt
385 4432 423 4484 cd
441 4432 646 4502 excipiendum.
