3350 5117
661 287 768 334 ruoex
795 287 916 334 aenou
1316 270 1381 334 673

197 407 242 461 87.
261 405 404 469 Quomodo
422 407 578 462 resolvatur
597 408 711 462 dubium
732 409 799 463 tacti
844 446 1208 463 .........
1242 427 1308 480 pap.
1331 410 1382 463 113

197 515 241 570 88.
261 515 346 570 ludex
364 516 487 572 iudicare
505 517 588 573 debet
607 533 641 572 ex
660 517 731 571 actis
749 522 778 573 et
798 517 932 586 probatis,
944 517 1105 588 posthabita
1122 518 1190 572 facti
1208 532 1258 574 no·

306 619 371 680 titia
390 618 501 675 aliunde
523 620 621 675 habita
622 660 1254 674 ...............
1292 636 1310 678 a
1330 622 1381 677 114

197 731 241 786 89.
261 731 321 786 Etsi
335 731 418 786 iudex
437 747 470 785 ex
489 730 587 796 officio,
598 729 746 800 aliquando
759 746 858 784 curare
871 730 972 785 debeat
984 735 1016 785 ut
1028 731 1207 801 probationes
1219 733 1259 784 at·

305 835 440 900 terantur,
454 848 563 902 semper
576 835 669 887 tamen
683 831 805 887 iudicare
820 832 903 888 debet
916 830 996 886 iuxta
1008 837 1073 886 acta
1089 836 1118 886 et
1131 832 1255 902 probata.
1292 846 1310 889 »
1343 833 1381 886 ibi

199 935 243 988 00.
263 935 479 1005 ludexexigere
498 937 589 1004 potest
608 933 769 1004 apartibus
793 938 825 988 ut
850 933 952 988 melios
975 928 1119 990 declarent
1143 939 1207 989 acta
1228 938 1258 990 et

185 1055 188 1062 ’
305 1045 423 1115 probata
444 1083 1255 1098 ...................
1293 1059 1311 1100 a
1333 1045 1383 1100 115

541 1209 560 1270 ἕ
580 1203 604 1258 3.
625 1205 667 1258 Da
686 1203 774 1276 officio
793 1204 894 1257 iudicis
913 1206 1046 1274 delegati.

198 1365 242 1420 91.
261 1365 387 1419 Officium
408 1362 507 1418 iudicis
525 1364 647 1434 delegati
669 1364 822 1419 desumitur
848 1382 865 1419 a
888 1368 991 1418 natura
1015 1364 1075 1418 eius
1101 1365 1257 1434 potestatis,

306 1473 408 1544 quippe
428 1473 548 1526 officium
573 1477 616 1527 est
641 1488 794 1544 congruum
820 1473 986 1528 exercitium
1012 1472 1157 1542 legitimae
1178 1477 1257 1542 pote·

306 1575 388 1630 statie
402 1613 1212 1630 ...................
1244 1595 1310 1647 pap.
1332 1576 1383 1630 116

198 1685 242 1739 92.
264 1682 428 1752 Explicatur
446 1655 580 1750 clausula,
592 1700 648 1755 qus
660 1683 779 1752 iubetur,
793 1683 913 1739 iudicem
932 1684 1091 1754 delegatum
1107 1684 1257 1755 procedere

306 1787 412 1842 «omni
431 1788 596 1858 exceptione
614 1793 751 1846 remota>
761 1827 1256 1843 ............
1293 1804 1312 1846 a
1332 1789 1383 1844 118

198 1892 242 1946 93.
262 1893 427 1963 Explicatur
446 1893 571 1948 clausula
589 1896 694 1949 (omni
714 1895 903 1966 appellatione
924 1899 1061 1952 remota»
1071 1933 1256 1948 ·····
1293 1909 1311 1952 »
1333 1895 1383 1948 120

198 1999 243 2052 94.
264 1998 346 2054 ludex
365 1999 511 2070 delegatus
529 1999 574 2054 vel
593 2007 636 2056 est
654 2017 772 2071 persona
790 1999 910 2073 physica
928 2001 973 2057 vel
992 2001 1122 2061 moralis.
1160 2040 1167 2054 .
1205 2040 1212 2052 .
1250 2040 1255 2050 .
1294 1998 1378 2057 »121

199 2105 243 2160 95.
263 2105 363 2161 Plures
382 2107 486 2163 iudices
504 2107 628 2177 delegari
641 2114 755 2178 possum
768 2107 813 2162 vel
826 2109 857 2161 iu
870 2108 989 2162 solidum
1001 2108 1047 2163 uel
1060 2107 1256 2178 collegialiter.

307 2211 438 2267 Diversae
457 2212 570 2282 regulae
590 2229 640 2283 pro
658 2213 766 2267 diverso
785 2212 972 2284 delegationis
990 2213 1072 2268 modo
1114 2255 1121 2267 .
1159 2254 1166 2268 .
1204 2255 1210 2268 .
1249 2255 1255 2268 .
1293 2214 1383 2271 »122

562 2427 580 2486 5
600 2423 624 2476 4.
644 2425 686 2476 Dc
705 2427 795 2478 modis
814 2427 914 2493 quibus
932 2433 1020 2478 ceram

441 2545 498 2586 rum
517 2533 656 2587 ordinarii
674 2541 732 2586 tum
751 2534 877 2604 delegati
896 2534 996 2588 iudicis
1011 2543 1141 2604 potestas.

198 2725 242 2780 96.
264 2725 405 2786 Quomodo
424 2731 514 2782 cessat
532 2716 664 2781 ordinarii
683 2727 783 2780 iudicis
802 2731 928 2796 potestas
937 2766 1212 2782 .......
1243 2745 1310 2798 pop.
1332 2729 1396 2782 121⁴

198 2829 244 2884 91.
262 2831 404 2892 Quomodo
422 2847 513 2886 cessat
531 2829 651 2900 delegati
672 2829 770 2885 iudicis
790 2836 914 2901 potestas
939 2871 1256 2884 ........
1293 2847 1311 2890 »
1331 2832 1383 2886 125

708 3063 804 3118 Garun
827 3063 871 3118 lll.

550 3208 581 3240 DE
598 3206 738 3241 invocaris
754 3207 786 3241 ar
805 3206 1036 3242 raocuaaromua.

198 3380 241 3434 98.
262 3380 367 3434 Horum
386 3380 464 3436 notio
483 3379 588 3451 aliquid
607 3397 751 3435 commune
770 3380 857 3435 habet
893 3420 1212 3435 ........
1242 3399 1309 3452 pop.
1332 3380 1383 3435 128

198 3484 242 3538 99.
262 3484 422 3540 Advocatns
433 3488 477 3540 eat
490 3485 595 3540 auxilio
613 3484 791 3554 litigantibus
804 3486 834 3539 in
849 3485 973 3539 iudiciali
990 3485 1153 3555 quaestione
1171 3485 1259 3556 expli-

306 3587 409 3654 canda3
428 3591 591 3657 procurator
603 3589 632 3642 iu
646 3586 797 3657 explendis,
816 3589 929 3645 nomine
949 3588 1131 3659 litigantium,
1149 3589 1259 3644 actibus

307 3711 450 3766 processus
487 3735 494 3750 .
529 3736 538 3749 .
576 3735 582 3749 .
619 3735 625 3747 .
707 3736 1253 3753 .............
1290 3715 1308 3757 »
1342 3700 1382 3754 ibi

201 3802 259 3856 100.
281 3802 439 3856 Advocatus
458 3821 475 3857 a
493 3802 690 3878 iurisconsulto
709 3803 891 3873 distinguitur
892 3841 1255 3858 .........
1293 3820 1310 3862 »
1332 3805 1383 3859 120

201 3911 260 3966 101.
280 3911 365 3967 Notio
383 3911 572 3981 procuratoris
591 3910 747 3980 explicatur
758 3949 1255 3966 ............
1293 3925 1311 3966 »
1332 3911 1383 3964 130

201 4015 261 4070 102.
281 4017 349 4071 Adv.
370 4015 491 4071 officium
515 4015 671 4069 habendum
691 4019 733 4070 est
753 4015 793 4069 uti
814 4015 976 4071 distinctum
996 4017 1030 4069 ab
1049 4015 1139 4069 officio
1157 4031 1257 4084 procu-

306 4125 407 4179 ratoris
443 4161 1256 4179 ...................
1293 4124 1383 4183 »132

201 4232 261 4288 103.
279 4232 341 4289 lure
366 4249 434 4287 rom.
453 4231 582 4287 advocati
605 4249 705 4286 munus
729 4232 770 4286 uti
798 4231 942 4301 publicum
965 4236 995 4287 et
1019 4232 1112 4287 nobile
1136 4232 1257 4287 officium

305 4339 432 4396 habitum
454 4346 497 4397 est
534 4375 1251 4396 .................
1289 4357 1306 4399 »
1341 4343 1381 4396 ibi

345 4463 405 4518 Suc.
424 4463 510 4536 Lego.
1199 4461 1235 4517 43
