3350 5117
312 276 377 343 164
821 298 905 344 raas
930 297 952 342 1.

400 416 433 506 2)
458 418 587 491 Clerici,
613 422 665 503 qui
688 440 708 484 a
731 440 867 486 munere
889 421 1055 495 advocati,
1079 420 1180 486 multo
1203 422 1307 505 magis
1329 439 1349 483 a
1371 439 1489 505 procu-

272 628 274 634 ,
309 546 430 611 ratoris
453 543 558 611 officio
581 546 804 631 prohibentur.
829 550 874 612 At
895 548 933 613 in
955 548 1061 615 curtis
1083 547 1161 613 eccl.
1178 546 1291 612 clerici
1310 545 1408 613 hodie
1430 546 1489 611 ad-

312 666 493 732 mittuntur:
518 668 560 733 cf.
585 690 616 733 n.
643 670 705 733 107
730 690 760 755 p.
787 669 859 734 137.
995 754 998 759 ¹

400 792 434 874 3)
457 792 610 877 Religiosi
627 794 703 859 item
720 792 942 878 prohibentur,
960 795 1020 858 nisi
1037 794 1200 859 licentiam
1217 794 1395 878 superioris
1410 793 1489 858 obti-

313 916 455 989 nuerint,
472 920 505 980 et
520 917 590 988 nisi,
614 920 650 981 ut
671 916 717 981 ait
740 916 838 981 Clem.
856 916 888 981 Il
912 916 974 980 Tit.
991 916 1035 981 de
1048 922 1227 999 procurat.
1245 915 1284 1001 (1,
1304 915 1367 1000 10),
1387 937 1406 978 ‹
1416 935 1487 1000 pro

308 1060 371 1108 sao
394 1040 431 1105 ia
454 1042 574 1106 eodem
590 1042 646 1107 tite
660 1046 848 1108 consorte»
867 1047 942 1126 agat
958 1042 1150 1126 Religiosus.
1168 1042 1259 1107 Tunc
1275 1044 1361 1107 enim
1384 1044 1488 1128 magis

308 1187 368 1251 pro
392 1187 427 1232 se
451 1168 519 1253 ipso
542 1186 642 1252 agere
664 1166 792 1233 ridetur
815 1186 910 1251 quam
933 1169 1159 1251 procuratorio
1182 1169 1321 1234 nomine.

396 1289 429 1376 4)
455 1288 675 1356 Prohibentur
696 1290 859 1373 infamem
882 1310 958 1377 orq.
975 1310 1051 1362 aaa.
1068 1290 1217 1374 infamis
1239 1312 1330 1358 cous.
1348 1291 1382 1366 3,
1400 1293 1433 1368 9,
1450 1292 1485 1357 7.

261 1426 264 1431 '
305 1414 383 1480 lure
407 1436 628 1481 romanorun
655 1416 806 1483 videntur
836 1418 1005 1502 prohibiti:
1037 1424 1071 1483 at
1101 1418 1236 1485 dedecet
1265 1420 1372 1484 forum
1403 1420 1486 1485 eccl.

306 1538 367 1605 hos
389 1539 582 1617 admittere;
607 1542 648 1607 cf.
674 1538 885 1608 Reiffenstuel
909 1544 929 1607 l.
954 1563 982 1609 c.
1006 1563 1040 1608 a.
1064 1542 1126 1609 50.

395 1660 429 1747 5)
453 1660 597 1728 Minores
628 1664 728 1729 abab
750 1664 815 1739 25,
845 1683 888 1728 ex
911 1683 985 1746 cap.
1010 1664 1044 1735 5,
1067 1666 1090 1745 ἓ
1112 1662 1172 1728 ult.
1201 1662 1252 1728 De
1277 1682 1374 1747 proc.
1398 1663 1437 1728 ia
1459 1664 1486 1729 6

307 1785 346 1866 (Ι,
374 1783 428 1869 19)
451 1786 498 1851 od
520 1786 649 1853 iudicia
670 1792 899 1873 procuratores
923 1807 993 1851 esse
1018 1806 1081 1851 non
1108 1792 1259 1872 possunt,
1286 1787 1413 1869 ‹licet,
1437 1788 1487 1853 ait

306 1909 472 1985 Pontifex,
488 1914 558 1995 quis
580 1916 652 1997 post
668 1913 710 1977 17
725 1932 845 1978 annum
869 1918 1061 1997 procurator
1085 1914 1132 1978 ad
1154 1913 1291 1999 nepotio
1312 1912 1402 1978 licite
1425 1913 1482 1977 de·

304 2036 436 2117 putatur
453 2054 483 2098 r.
508 2034 609 2109 Sane,
634 2037 765 2120 gravius
796 2041 845 2101 est
872 2036 1036 2121 negotium
1059 2034 1222 2107 iudiciale,
1246 2034 1326 2102 adeo
1349 2042 1385 2101 ut
1407 2036 1483 2101 iure

303 2155 437 2241 speciali
463 2154 504 2219 ad
528 2176 643 2222 munus
665 2159 927 2243 procuratorium
953 2157 1172 2224 exercendum
1197 2160 1384 2242 requiratur
1406 2177 1482 2244 pas-

304 2281 364 2345 sim
387 2280 472 2365 apud
494 2281 668 2348 tribunalia
688 2284 836 2369 specialis
852 2283 1009 2349 idoneitas
1025 2289 1057 2348 et
1072 2283 1255 2349 idoneitatis
1279 2284 1481 2368 experimen·

304 2405 383 2468 tum.
409 2403 586 2471 Praeterea
608 2404 692 2488 quod
714 2404 824 2471 nobile
848 2410 881 2470 et
899 2404 1075 2488 pubiicum
1092 2403 1137 2489 (l)
1157 2406 1299 2470 evaserit
1320 2404 1482 2471 iudicialis

373 2700 414 2769 (l)
427 2700 575 2755 Rrblicam
585 2702 701 2757 dicimus
710 2703 829 2757 officium
841 2701 1036 2772 procuratoris,
1046 2701 1119 2772 quia,
1129 2702 1222 2770 prouti
1231 2701 1372 2754 innuimus
1380 2700 1410 2754 in
1419 2706 1479 2755 not.

297 2824 366 2877 paq.
378 2810 438 2873 141,
449 2810 606 2879 respublica
616 2829 633 2864 a
642 2813 868 2881 procuratoribus
881 2810 1040 2880 expostulat
1052 2814 1157 2864 certam
1168 2809 1357 2874 idoneitatem,
1365 2825 1479 2880 perpa-

302 2916 407 2969 blicam
426 2919 616 2972 testimonium
634 2936 683 2973 seu
701 2919 922 2986 experimentum
935 2918 1160 2995 comprobatam.
1179 2917 1283 2971 Tamen
1308 2933 1404 2972 eorum
1423 2938 1480 2972 are-

303 3022 425 3087 ctoritos,
439 3038 493 3093 qua
506 3040 585 3075 suum
599 3028 730 3101 exercent
742 3040 842 3075 munus
861 3023 891 3075 in
910 3021 1043 3091 peculiari
1057 3038 1150 3084 cause,
1163 3025 1205 3074 est
1214 3025 1336 3090 privato,
1348 3022 1480 3076 derivans

300 3142 336 3179 ex
355 3111 486 3183 mandato
505 3130 704 3199 procuratorio.
724 3159 757 3171 -
777 3129 835 3183 Hac
854 3130 1032 3183 distinctione
1051 3128 1160 3183 videtur
1185 3130 1354 3184 examussim
1374 3128 1477 3185 resolui

298 3232 427 3298 quaestio
446 3234 555 3301 agitata
573 3234 657 3288 etiam
676 3233 747 3302 apud
766 3232 978 3287 iurisconsultos
1003 3233 1165 3298 hodiernos,
1185 3249 1220 3285 an
1239 3249 1339 3302 nempe
1358 3238 1388 3288 et
1407 3249 1479 3303 quo-

297 3346 379 3401 modo
398 3344 541 3414 publicum
559 3342 612 3396 dici
626 3342 725 3396 debeat
738 3341 858 3395 officium
871 3340 1067 3394 advocatorum
1081 3346 1111 3395 et
1129 3348 1348 3410 procuratorum,
1357 3355 1476 3410 quorum

297 3470 399 3507 munus
418 3450 527 3518 legibus
545 3448 689 3502 ordinatur
708 3454 736 3503 et
755 3448 864 3517 regitur
875 3464 893 3501 a
905 3448 1019 3516 publica
1032 3452 1172 3517 potestate
1185 3448 1280 3513 editia;
1294 3448 1341 3502 aed
1360 3448 1390 3500 in
1407 3464 1476 3501 casu

296 3555 431 3629 peculiari
451 3555 523 3609 idem
543 3572 642 3608 munus
661 3556 806 3609 exercetur
825 3570 874 3623 per
893 3552 1096 3621 delegationem
1109 3552 1154 3607 vel
1167 3552 1328 3606 mandatum
1345 3553 1477 3623 privatae

296 3664 487 3721 auctoritatis:
507 3665 541 3717 ct.
554 3662 700 3717 Mattirolo
719 3679 762 3733 op.
776 3663 818 3716 cit.
834 3661 863 3713 Ρ.
879 3661 903 3725 I,
916 3664 1043 3731 Appead.
1057 3663 1088 3715 al
1100 3663 1138 3714 tie.
1155 3660 1193 3728 II,
1207 3679 1233 3713 a
1251 3660 1317 3713 595
1330 3671 1385 3715 not.
1398 3662 1427 3713 4.
1438 3690 1474 3703 -

275 3824 281 3836 ,
295 3769 481 3831 Quamobrem
495 3766 546 3820 hoc
560 3783 659 3820 munus
672 3770 714 3819 est
727 3764 909 3836 undequaque
918 3765 1066 3835 publicam
1079 3764 1189 3835 quando
1202 3763 1287 3818 etiam
1299 3766 1476 3830 inundatum,

293 3891 351 3945 quo
377 3872 497 3927 officium
522 3875 677 3935 exercetur,
695 3886 712 3923 a
731 3868 845 3939 publica
869 3869 1038 3923 auctoritate
1057 3869 1250 3938 proficiscitur,
1268 3870 1361 3939 prouti
1384 3870 1418 3922 fit
1443 3871 1473 3923 iu

294 3978 364 4032 adv.
384 3976 428 4032 val
448 3978 526 4031 Proc.
546 3974 662 4040 Fiscali3
682 3976 710 4027 in
730 3974 798 4029 Adr.
818 3972 864 4028 vel
878 3974 956 4027 Proc.
976 3990 1128 4042 pauperum
1143 3978 1172 4027 et
1184 3974 1225 4026 ita
1237 3989 1328 4042 porro.
1340 3974 1473 4043 —Apud

294 4085 435 4139 Romanos
454 4099 519 4137 vero
538 4082 604 4152 quia
623 4082 809 4151 procuratoris
827 4080 948 4135 officium
973 4079 1100 4134 habitum
1124 4084 1168 4135 est
1191 4080 1304 4134 omuino
1326 4080 1473 4152 priuatum

293 4196 323 4247 at
340 4191 406 4245 hinc
425 4192 490 4257 cite,
509 4206 564 4243 non
583 4190 832 4257 recognoscebatur
851 4189 880 4241 iu
900 4192 1079 4257 procuratore
1098 4189 1155 4243 alia
1174 4189 1311 4244 idoneitas
1329 4206 1380 4244 eeu
1398 4206 1473 4260 qua-

292 4298 367 4365 litas,
381 4315 469 4369 naque
482 4296 539 4350 alia
550 4297 702 4351 auctoritas
720 4312 802 4366 quam
815 4296 994 4361 comedererit,
1005 4297 1034 4350 in
1046 4314 1100 4367 quo
1113 4314 1148 4352 ex
1161 4296 1293 4351 mandato
1311 4296 1472 4365 eligebatur

292 4405 430 4461 industria
449 4421 582 4475 personae
601 4408 630 4458 et
649 4410 726 4459 certa
751 4405 932 4473 proreuiebat
956 4404 1109 4458 auctoritas
1130 4405 1164 4458 ad
1186 4405 1276 4475 ipsum
1301 4402 1473 4474 explendum

1666 717 1668 812 l
