3350 5117
590 637 968 751 PROOEMIUM

491 1230 514 1311 ἓ
540 1228 568 1294 l.
592 1227 641 1295 Do
663 1228 819 1295 methodo
844 1226 1065 1295 tractationis.

278 1445 318 1508 ln
341 1445 463 1509 uostris
487 1444 621 1517 scholis,
646 1444 810 1509 nonnullis
833 1443 954 1509 abhinc
979 1444 1088 1517 anuis,
1112 1443 1146 1507 in
1175 1442 1371 1527 exponendo

183 1574 281 1635 textu
304 1572 385 1635 iuris
401 1569 561 1643 canonici,
585 1569 690 1635 ordini
712 1569 811 1655 legali
833 1569 996 1655 praeferri
1012 1570 1118 1655 coepit
1140 1567 1221 1633 ordo
1242 1567 1371 1653 logicus

183 1695 307 1779 quippe
338 1695 440 1780 magis
463 1692 654 1778 accornodus
685 1693 852 1759 doctrinae
882 1712 1042 1759 canonum
1072 1691 1259 1758 tradendae.
1293 1691 1370 1767 Qua

188 1820 231 1884 de
255 1819 405 1885 methodo
429 1817 549 1903 aliquid
564 1819 597 1882 in
612 1823 814 1885 antecessum
831 1819 998 1903 explicare
1016 1822 1170 1904 praestat
1185 1818 1244 1883 sed
1268 1837 1364 1901 quam

187 1942 389 2015 brevissime,
402 1948 472 2007 tum
487 1944 521 2007 in
537 1961 657 2028 genere
674 1940 777 2026 quoad
794 1960 921 2006 omnem
937 1946 1045 2006 textus
1061 1958 1132 2005 can.
1149 1945 1285 2026 partem,
1299 1945 1366 2005 tum

187 2069 225 2131 in
249 2068 357 2154 specie
379 2067 484 2151 quoad
507 2084 578 2131 eam
601 2085 696 2151 quam
719 2064 811 2131 nobis
835 2064 1059 2151 exponendam
1082 2064 1291 2150 proponimus
1311 2063 1369 2150 (l).

281 2192 439 2275 Equidem
467 2190 612 2257 ordinem
640 2192 779 2277 logicum
811 2211 876 2280 non
907 2191 1095 2275 opponimus
1122 2188 1229 2255 ordini
1252 2190 1369 2276 legali,

189 2319 304 2400 utpote
327 2334 393 2378 non
415 2314 520 2399 logico
535 2332 592 2379 seu
606 2332 627 2376 a
642 2331 842 2397 quacumque
865 2312 1020 2377 scientiae
1035 2302 1293 2386 ratioue'alienn
1310 2310 1371 2376 sed

185 2460 231 2505 eo
255 2445 405 2526 respectu
427 2459 490 2523 quo
513 2437 659 2503 omnibus
683 2438 715 2503 in
739 2438 888 2504 confesso
911 2444 970 2519 est,
986 2458 1126 2503 canones
1149 2440 1182 2503 in
1205 2437 1372 2505 codicibus

189 2566 293 2630 fuisse
309 2564 449 2649 digestos
464 2584 528 2629 non
545 2566 635 2629 iuxta
651 2562 862 2628 doctrinalem
878 2563 1033 2627 materiae
1048 2561 1293 2635 ordinationem,
1310 2561 1372 2629 sed

189 2691 297 2775 magis
312 2690 437 2753 ratione
453 2688 609 2754 historica
624 2696 656 2755 et
671 2690 824 2774 practica.
843 2689 892 2752 Re
908 2708 987 2752 sane
1001 2706 1092 2770 vera,
1108 2687 1185 2771 quin
1208 2685 1374 2773 ingredia-

189 2835 267 2879 mur
291 2814 458 2879 historiam
482 2814 706 2879 collectionum
730 2813 940 2878 decretalium
964 2832 1139 2896 earumque
1165 2813 1369 2878 instituamus

189 2959 344 3010 examen,
368 2938 451 3024 quod
474 2937 516 3004 ad
538 2938 681 3005 scholam
704 2937 939 3002 institutionum
962 2956 1034 3000 can.
1055 2937 1206 3020 pertinet.
1230 2932 1369 3000 sufficiat

190 3068 342 3134 innuere,
359 3062 575 3129 Decretalium
592 3062 788 3128 Oollectores
811 3062 949 3147 vestigia
964 3059 1117 3126 Codicum
1139 3060 1247 3146 legum
1268 3078 1372 3124 roma·

189 3206 313 3252 narum
335 3189 500 3272 pressisse,
524 3186 584 3251 sibi
607 3188 640 3250 in
664 3186 775 3271 primis
798 3186 1048 3271 praestituentes
1074 3186 1108 3249 in
1131 3206 1230 3251 unum
1253 3204 1372 3270 corpus

186 3308 353 3394 colligere
382 3327 623 3392 quaquaversus
652 3314 809 3394 vagantes
837 3310 979 3375 incertas
1014 3307 1105 3393 leges
1135 3312 1171 3373 ut
1199 3326 1258 3372 eae
1288 3326 1373 3391 quae

188 3432 354 3497 hactenus
375 3434 526 3518 rigerent
548 3430 588 3497 ab
612 3432 738 3498 abolitis
762 3438 795 3497 et
818 3431 1007 3513 obliteratis,
1032 3433 1102 3518 ipsa
1125 3432 1287 3517 Principis
1307 3451 1373 3501 au·

186 3559 356 3632 ctoritate,
381 3563 642 3623 secernerentur.

285 3804 324 3875 (l)
344 3806 395 3867 Qui
414 3806 448 3861 de
467 3806 597 3861 methodo
616 3806 696 3877 plura
714 3808 808 3877 cupiat
826 3822 1010 3875 cognoscere,
1035 3807 1118 3861 adem
1139 3796 1372 3862 Ibaenotutiones

192 3912 325 3967 Cataonia
345 3911 456 3965 loannis
482 3910 603 3967 Doviatii
622 3912 758 3981 (Douiet);
782 3916 812 3967 et
835 3913 1040 3982 stotepomenc
1058 3912 1137 3967 Iuris
1161 3912 1227 3966 Can.
1247 3912 1277 3966 in
1304 3910 1374 3965 luet.

186 4020 261 4076 Cau.
284 4048 318 4063 -
339 4018 478 4083 Maschet·
497 4014 801 4075 item'commentarios
823 4020 900 4074 Petri
918 4019 997 4073 Baldi
1016 4020 1042 4073 S.
1062 4020 1092 4085 1,
1111 4018 1158 4091 (In
1177 4035 1279 4089 corpus
1297 4019 1373 4073 iuris

189 4130 321 4184 cononici
340 4130 563 4184 eommovear-ias
580 4132 617 4183 da
634 4146 703 4183 vero
721 4139 746 4181 et
763 4129 884 4198 propria
901 4129 994 4197 operis
1012 4131 1183 4195 oeconomio)
1203 4131 1232 4182 et
1251 4124 1374 4196 Pirhiug

186 4234 248 4304 <lus
260 4233 339 4303 Can.)
352 4233 403 4305 qni
423 4232 453 4285 in
468 4232 611 4287 Prooemio
624 4234 636 4299 ξ
650 4232 667 4285 4
679 4232 713 4287 de
729 4230 859 4286 methodo
877 4230 988 4286 disserit
1005 4236 1035 4287 et
1053 4231 1101 4285 dat
1122 4234 1260 4287 rationem
1287 4248 1375 4303 quare

187 4340 336 4397 recesserit
355 4340 393 4394 ab
413 4337 511 4405 ordine
529 4336 615 4407 legali
636 4338 763 4409 Cupitum
782 4342 811 4392 et
829 4338 983 4393 servaverit
1001 4337 1122 4408 legalem
1146 4339 1305 4393 Titutorum
1329 4354 1376 4392 or·

185 4447 288 4504 dinem.
