3350 5117
516 362 559 408 an
584 361 722 409 rumoris
746 357 1011 407 neccesmsrrcrs
1291 336 1351 401 181

172 502 240 549 neo
264 486 495 558 ecclesiastica,
520 486 676 551 adstante
698 484 854 550 actuaria
871 488 992 557 rutum
1023 482 1056 545 in
1084 486 1145 545 art.
1170 480 1223 560 29,
1240 478 1355 543 decer-

173 626 308 671 nens:‹
328 608 471 690 Expleta
492 628 663 690 processa,
688 614 844 675 actorum
861 608 1054 679 instructor,
1070 606 1264 671 restrictam
1280 622 1356 669 con·

171 730 244 813 ficit
266 732 494 797 essentialium
518 732 773 798 conclusionum
796 731 947 796 eiusdem
963 751 993 792 ›.
1011 728 1193 812 Aliquando
1222 733 1256 792 31
1271 726 1356 812 apud

172 860 268 919 certa
284 856 458 921 tribunalia
474 858 654 923 huiusmodi
677 856 825 923 officialis
849 858 931 922 solet
946 858 1057 921 vocari
1073 853 1353 939 Reserandarins.
1378 914 1386 927 ,

266 980 456 1055 Quaestioni
473 982 615 1066 quinam
634 983 676 1048 sit
691 982 868 1068 stipendus
890 982 937 1046 ad
951 998 1077 1045 cannas
1092 978 1277 1050 ilnditoris.
1294 978 1352 1043 cle·

170 1102 269 1168 31333
292 1124 333 1168 33
358 1106 476 1179 laicas,
505 1114 597 1173 certa
619 1112 652 1173 et
679 1108 843 1193 generalis
866 1106 1032 1191 responsio
1056 1102 1127 1168 lieri
1151 1122 1216 1165 non
1239 1106 1352 1187 potest„

171 1229 250 1310 quia
273 1228 313 1293 ad
338 1229 468 1295 diversa
491 1251 626 1296 munera
649 1233 730 1297 solet
753 1234 865 1297 vocari
889 1231 1028 1297 Auditor
1050 1229 1102 1300 vel
1126 1228 1223 1293 iudex
1239 1229 1354 1293 instru-

173 1358 256 1417 ctoe.
289 1356 393 1437 prouti
428 1358 644 1439 exposuimus.
676 1354 811 1431 Quando
844 1355 993 1421 Auditum
1024 1354 1112 1418 nulla
1142 1348 1354 1416 demandetur

171 1475 364 1549 iurisdictio,
382 1480 478 1543 eiiam
494 1480 601 1545 laicas
625 1485 673 1545 est
697 1498 802 1565 capax
818 1477 972 1545 eiusmodi
988 1476 1139 1541 mandati.
1159 1512 1199 1522 -
1218 1474 1250 1541 Si
1273 1493 1353 1538 vero

172 1602 387 1667 committitur
403 1624 574 1687 processus
591 1606 758 1669 instructio
786 1602 882 1687 (quod
906 1601 976 1667 fieri
996 1602 1126 1666 solatio
1143 1602 1247 1665 causis
1263 1598 1354 1664 disci·

172 1723 354 1807 plioaribus
378 1727 596 1813 clericorum),
614 1730 686 1812 quin
707 1730 782 1793 huic
801 1731 927 1794 muneri
945 1728 1099 1812 quaedam
1115 1732 1241 1792 constat
1256 1725 1353 1791 iuris-

172 1846 283 1929 dictio,
308 1852 360 1915 vir
389 1853 628 1920 ecclesiasticus
659 1854 826 1939 eligendus
859 1858 918 1918 est:
943 1854 1004 1917 hoc
1028 1858 1121 1917 cavet
1144 1857 1205 1915 art.
1232 1851 1275 1916 12
1298 1852 1352 1916 cit.

173 1972 254 2036 Iust.
274 1974 353 2037 ltem
378 1975 419 2038 cl.
439 1976 609 2042 Decretum
633 1976 667 2043 S.
687 1978 721 2045 C.
739 1978 969 2043 immanitatis
992 1974 1197 2049 33311832,
1215 1975 1353 2039 relatum

171 2116 194 2159 a
218 2099 334 2172 113313,
360 2102 380 2165 1.
406 2121 433 2165 3.
453 2121 490 2183 p.
516 2101 596 2167 463.

265 2224 340 2289 146.
366 2228 411 2291 113
437 2225 544 2292 allicio
568 2228 762 2303 dudilonis,
786 2230 841 2294 vel
863 2229 985 2294 indicis
1014 2227 1228 2294 instructoris
1250 2226 1353 2293 verba

172 2346 324 2413 iacienda
348 2368 414 2412 non
438 2356 521 2420 sunt,
539 2350 612 2433 quia
636 2350 815 2413 huiusmodi
839 2348 996 2420 3111313113,
1017 2368 1114 2432 quum
1136 2348 1260 2413 nullum
1284 2368 1352 2413 cer-

170 2476 239 2535 tum
264 2472 400 2555 gradum
433 2473 550 2538 habeat
581 2476 613 2538 in
641 2474 838 2539 Hierarchia
869 2474 983 2538 eccles.
1009 2494 1052 2537 ex
1081 2474 1152 2537 iure
1180 2473 1350 2546 communi,

170 2598 240 2660 eius
263 2594 406 2661 cilicium
431 2598 680 2663 mensurandum
705 2604 754 2663 est
776 2618 796 2661 3
820 2598 974 2681 qualitate
996 2596 1137 2662 mandati
1161 2596 1214 2661 vel
1237 2617 1257 2660 a
1280 2598 1352 2662 iure

169 2721 456 2785 consuetudinario
479 2724 531 2787 vel
556 2743 574 2787 a
598 2724 756 2808 rescripto
777 2723 947 2807 peculiari.

263 2845 530 2919 1411333333,
557 2849 602 2912 311
626 2849 728 2933 ipsum
760 2848 952 2913 vocabulum
983 2852 1224 2928 3333133333
1254 2846 1352 2911 habet

170 2968 348 3033 assidendi
371 2968 477 3041 iudici,
503 2972 591 3054 quasi
624 2972 839 3053 consiliarius
863 2972 1034 3037 ueletiam
1065 2972 1154 3055 quasi
1183 2969 1280 3034 iudex
1302 2970 1350 3035 ui-

165 3044 439 3077 -ae--aeae‘
537 3044 690 3071 ...au-

169 3096 359 3159 333133.-
381 3096 483 3169 Unde,
508 3098 539 3161 13
557 3117 688 3183 genere,
709 3098 886 3165 Andiloris
909 3104 958 3163 est
980 3097 1116 3163 iudicem
1140 3096 1294 3163 adiuvare
1316 3098 1350 3162 in

169 3218 373 3303 expediendo
404 3220 531 3293 iudicio,
556 3222 746 3311 Ι1333333313
776 3224 882 3307 potius
907 3222 1042 3287 iudicem
1070 3222 1280 3287 substituere:
1306 3222 1349 3287 cf.

174 3347 290 3427 Bouix,
316 3348 337 3412 1.
362 3368 389 3412 c.
411 3366 447 3429 p.
473 3346 552 3412 466.

262 3470 337 3535 148.
363 3474 554 3535 Assessores
577 3489 619 3534 ex
644 3471 714 3535 iure
738 3472 897 3535 communi
923 3472 1044 3535 nullam
1075 3476 1197 3536 certam
1229 3472 1352 3538 habent

167 3592 278 3657 sedem
303 3595 337 3657 in
362 3594 461 3659 curiis
485 3593 719 3666 ecclesiasticis,
744 3593 800 3659 sed
829 3613 941 3659 corum
972 3598 1091 3677 partes,
1115 3594 1173 3659 sub
1204 3596 1267 3660 alio
1290 3615 1349 3658 no-

168 3720 264 3794 mine,
288 3719 414 3803 expleri
443 3718 547 3784 solent
570 3740 629 3803 per
653 3720 804 3784 Vicacios
828 3721 1069 3805 Episcoporum,
1095 3740 1229 3804 quorum
1260 3722 1350 3785 vices

166 3840 338 3907 admodum
362 3843 472 3906 varias
495 3842 589 3907 docet
612 3843 756 3908 historia.

259 3969 392 4033 Initium
410 3968 1173 4073 ι’3331331133-33133ΗΕ11333,1133333333
1191 3990 1286 4053 quum
1306 3972 1350 4034 vi.

168 4070 266 4178 gente
291 4095 441 4177 Imperio,
466 4112 508 4157 ex
531 4092 994 4161 3313113333(1313313313333
1018 4097 1050 4159 in
1075 4096 1259 4178 provincias
1282 4097 1351 4161 mit·

166 4216 323 4281 lebantur
345 4218 408 4279 viri
434 4217 563 4283 militari
595 4220 730 4283 scientia
753 4220 857 4304 periti,
882 4225 916 4284 31
938 4221 1019 4284 iuris
1051 4220 1185 4283 scientia
1208 4222 1348 4303 ignores.

168 4340 281 4414 Quare
305 4339 427 4404 eisdem
451 4340 571 4405 lactum
596 4341 702 4406 luerat
725 4348 933 4427 praeceptum
958 4340 1016 4407 sibi
1039 4342 1220 4407 assumendi
1242 4362 1348 4407 assas·

165 4484 262 4533 sares
286 4486 347 4552 pro
372 4468 478 4531 causis
500 4467 718 4541 diiudicandis,
743 4470 849 4553 prouti
881 4473 1005 4534 constat
1028 4489 1071 4533 ex
1093 4470 1141 4533 tit.
1167 4464 1198 4532 ff.
1223 4469 1273 4533 Dc
1296 4468 1347 4552 os-
