3350 5117
548 334 592 381 os
616 333 754 380 runicus
779 332 1043 381 ecclesiasrrcrs
1316 314 1377 379 521

207 463 316 524 racter
340 462 520 547 scripturae
543 480 606 525 non
624 459 718 525 dubie
735 460 895 546 genuinae
911 459 1079 525 confertur
1099 480 1171 524 cnm
1189 460 1381 525 charactere

204 581 320 648 dubiae
344 586 534 670 scripturae.
550 586 617 649 Per
639 585 703 649 alia
726 582 918 649 documenta
941 585 1062 670 scripta
1078 585 1141 649 iam
1165 583 1262 647 allata
1278 589 1384 668 potest

205 706 302 771 iudex
319 709 471 773 evincere
487 709 656 774 veritatem
675 708 726 773 vel
743 706 917 773 falsitatem
934 709 1147 782 instrumenti,
1165 726 1307 773 necnon
1323 728 1383 793 per

204 828 269 893 alia
292 848 414 913 genera
437 829 671 916 probationum,
696 832 723 894 si
748 835 931 915 suppetant.

295 955 370 1021 515.
385 956 448 1021 Hic
463 955 643 1041 descriptus
658 956 770 1023 modus
789 954 1043 1041 recognoscendi
1059 958 1239 1042 scripturas
1253 963 1385 1022 tenetur
1451 966 1455 972 '

205 1085 273 1146 tum
291 1082 417 1165 quando
433 1081 465 1145 in
490 1099 643 1165 processu
666 1081 814 1145 exoritur
831 1079 959 1145 dubium
983 1079 1024 1144 de
1047 1080 1231 1145 earumdem
1252 1080 1383 1146 authen·

208 1208 342 1287 licitate,
367 1213 434 1270 tum
458 1204 584 1289 quando
608 1206 800 1291 proponitur
823 1207 963 1290 querela
985 1203 1076 1286 salsi,
1093 1207 1161 1270 sive
1177 1206 1222 1269 uti
1242 1206 1385 1290 quaestio

201 1330 411 1414 principalis
434 1330 503 1395 sive
526 1330 572 1393 uti
595 1328 821 1411 taaleumtts,
849 1330 918 1393 sive
948 1329 1183 1403 criminaliter,
1208 1332 1276 1394 sive
1299 1329 1383 1395 etta-

207 1457 293 1521 litcr.
326 1457 447 1520 Tamen
480 1454 628 1520 diversus
657 1459 707 1519 est
736 1474 852 1539 scopus
875 1454 1029 1537 querelae
1051 1454 1124 1518 falsi
1152 1453 1386 1519 criminaliter

207 1582 306 1653 ciuili,
332 1585 408 1667 quia
431 1582 486 1646 illa
510 1582 643 1665 inquirit
665 1579 705 1645 de
729 1584 863 1644 auctore
883 1578 956 1644 falsi
981 1584 1016 1644 ut
1038 1580 1159 1663 puniat,
1184 1580 1245 1643 ista
1258 1579 1386 1662 quaerit

207 1706 248 1770 de
270 1707 437 1771 authentia
461 1681 666 1771 instrumenti
689 1710 725 1770 ut
744 1703 826 1769 idem
851 1702 1008 1775 admittat,
1033 1702 1086 1767 vel
1110 1702 1256 1787 repellat.
1275 1701 1386 1776 Quoad

209 1832 336 1897 modum
360 1830 576 1897 instituendae
599 1831 694 1895 huius
718 1831 913 1915 quaestionis
936 1833 992 1893 aut
1009 1828 1215 1913 principalis
1230 1834 1286 1894 aut
1307 1828 1386 1895 inci·

208 1954 353 2021 dcnlulta
372 1955 455 2019 haec
469 1959 519 2019 est
533 1950 724 2022 differentia,
742 1956 777 2017 ul
793 1950 833 2015 ad
849 1952 952 2016 instar
969 1950 1172 2042 incidentalis
1191 1950 1387 2033 quaestionis

207 2082 354 2162 promota
378 2061 520 2143 civiliter
544 2076 676 2159 querela
699 2076 783 2157 falsi,
808 2074 906 2140 iudex
930 2074 1074 2140 eamdem
1099 2093 1254 2160 respuere
1276 2072 1385 2158 possit,

208 2204 234 2268 si
258 2203 322 2267 alia
345 2202 463 2268 habeat
485 2207 677 2287 argumenta
700 2200 892 2266 sufficientia
907 2202 947 2266 ad
962 2202 1050 2266 litem
1067 2186 1238 2265 finiendam
1255 2204 1388 2284 praeter

166 2358 174 2374 ⁴
209 2329 457 2395 instrumentum
474 2332 729 2393 controversum.
741 2361 785 2373 -
797 2324 951 2391 Promota
966 2345 1047 2390 vero
1059 2325 1283 2391 odollamites·
1295 2344 1387 2409 quae·

209 2454 270 2517 stio
298 2452 467 2517 exhauriri
490 2450 594 2525 debet,
619 2470 660 2515 ne
683 2452 807 2515 crimen
831 2452 1022 2536 impunitum
1046 2449 1171 2514 eradat.

299 2574 375 2639 516.
409 2572 521 2649 Quoad
552 2574 728 2658 scripturas
759 2592 824 2637 non
857 2572 1064 2655 subscriptus
1091 2571 1281 2636 advertatur
1314 2592 1387 2635 cmn

209 2702 342 2786 primis:

301 2823 332 2909 1)
356 2824 445 2889 Idem
477 2845 547 2891 esse
579 2830 680 2889 totum
704 2824 913 2889 conscribere
945 2824 1106 2909 privatum
1131 2810 1387 2897 instrumentum,

209 2968 267 3015 seu
291 2950 416 3015 litteras
440 2955 495 3014 aut
516 2950 659 3015 libellum
682 2958 738 3017 ant
761 2952 922 3015 rationum
946 2949 1057 3031 libros,
1081 2951 1134 3014 vel
1158 2949 1198 3013 ab
1222 2949 1286 3013 alio
1310 2968 1388 3014 exa·

209 3080 283 3139 rata
306 3074 520 3157 subscribere,
545 3096 588 3139 ex
611 3078 632 3143 l.
658 3074 696 3142 Si
719 3076 795 3159 quis
817 3076 1025 3161 arqenturiis
1054 3078 1089 3160 ff.
1114 3076 1164 3141 De
1191 3074 1331 3149 edendo,
1357 3081 1389 3138 et

208 3196 231 3275 g
254 3196 273 3259 1
297 3196 389 3267 lust,
413 3195 464 3260 De
487 3200 587 3278 ampl.
608 3200 639 3261 ct
662 3196 761 3261 vend.

299 3322 332 3408 2)
350 3322 462 3397 Quoad
477 3322 578 3388 libros
593 3329 808 3388 mercatorum
826 3328 860 3387 et
883 3322 1132 3407 patrisfamilias,
1149 3322 1276 3400 tutoris,
1293 3319 1391 3383 admi·

211 3446 395 3511 nistretoris
412 3453 445 3513 et
459 3446 608 3512 similium
626 3466 685 3532 per
695 3465 929 3511 amanuensem
946 3447 1156 3531 conscriptos,
1170 3445 1229 3509 hos
1245 3444 1388 3509 eamdem

211 3565 335 3631 habere
357 3568 432 3648 vim,
457 3570 483 3633 si
507 3568 711 3633 amanuensis
734 3566 864 3633 aliunde
887 3587 951 3632 non
974 3570 1016 3633 sit
1038 3573 1213 3653 suspectus,
1243 3573 1347 3651 neque
1370 3588 1390 3630 a

210 3691 339 3757 domino
363 3695 533 3780 principali
557 3695 701 3780 legitime
730 3694 926 3780 repudiatus.

300 3816 333 3901 3)
358 3815 404 3882 nt
434 3818 580 3882 nonnulli
613 3817 685 3882 libri
716 3820 781 3883 vim
805 3817 928 3883 habent
961 3817 1081 3903 publici
1112 3819 1326 3890 instrumenti,
1358 3821 1391 3882 et

212 3940 285 4005 ideo
316 3941 443 4027 plenam
475 3942 599 4007 faciunt
628 3941 861 4026 probationem.
894 3940 1081 4008 Huiusmodi
1113 3949 1187 4008 sunt
1211 3941 1287 4007 libri
1318 3943 1402 4007 visi·-

211 4067 367 4131 tationum
398 4086 477 4151 quas
509 4065 674 4133 Ordinarii
706 4066 828 4131 faciunt
852 4068 886 4130 in
916 4037 1056 4151 propriis
1083 4063 1291 4145 dioecesibus,
1315 4066 1391 4131 libri

212 4189 244 4255 S.
270 4190 529 4263 Ordinationum,
545 4191 620 4256 libri
635 4190 860 4277 baptismatum
876 4195 909 4255 et
926 4191 1202 4255 matrimoniorum
1220 4211 1298 4275 quos
1315 4212 1389 4257 con-

211 4310 325 4378 ficiunt
347 4320 379 4379 et
402 4320 517 4381 tenere
541 4315 657 4380 debent
680 4315 825 4401 parochi,
843 4316 953 4380 etalii
979 4314 1008 4378 id
1032 4334 1135 4399 genus
1158 4314 1232 4378 libri
1249 4317 1301 4398 qui
1319 4336 1393 4382 con-

211 4432 365 4500 ficiuntur
389 4438 514 4501 ratione
539 4434 634 4501 officii
659 4437 787 4523 publici.
1054 4407 1057 4411 ι
