3350 5117
332 289 399 354 378
857 309 942 358 rans
965 314 987 361 1.

332 434 427 504 illius.
451 435 504 519 qui
528 434 726 500 contrahens
748 436 800 500 vel
824 456 894 504 rem
915 439 1064 506 detinens
1079 440 1113 505 in
1127 436 1296 504 territorio
1310 436 1443 501 alterius
1458 436 1506 500 iu-

332 555 421 637 dicis,
433 555 561 622 videtur
577 575 612 622 se
628 557 817 624 submittere
835 559 932 626 huius
946 561 1143 642 auctoritati,
1160 560 1365 628 renuncians.
1382 557 1415 622 in
1430 576 1506 622 casu

332 684 452 761 nostro,
461 681 630 766 privilegio
643 682 868 767 exemptionis.
887 684 1008 750 concil.
1023 683 1111 749 Trid.
1124 702 1203 750 sess.
1217 682 1241 747 7
1252 701 1327 765 cap.
1341 681 1384 746 14
1395 681 1447 746 De
1456 699 1508 748 ue·

331 803 434 886 form.
451 805 536 870 hanc
560 805 666 871 Consi.
691 825 847 892 expresse
871 805 1076 875 confirmavit
1090 814 1124 873 et
1143 805 1298 881 extendit,
1314 826 1332 868 ‹
1349 805 1507 872 addendo

332 929 474 1014 iusuper
484 931 577 1015 qaod
588 930 626 996 io
638 929 789 998 civilitas
802 931 915 997 causis
926 933 1124 999 mercedum
1135 937 1167 998 el
1177 929 1423 997 miserabilium
1431 948 1508 1013 pess

332 1071 497 1118 samaram
521 1051 635 1118 clerici
654 1053 851 1118 saeculares
872 1058 934 1118 aut
952 1054 1132 1139 reputares
1146 1057 1249 1120 emtra
1262 1051 1509 1120 monasteriam

332 1177 498 1264 depcules,
526 1178 774 1262 quomodolibet
804 1179 965 1263 eaccmpti,
985 1177 1119 1245 etiamsi
1148 1185 1279 1246 certum
1308 1178 1456 1244 iudicem
1485 1195 1510 1242 a

333 1299 419 1367 Sede
434 1301 551 1385 Apost.
569 1302 767 1385 depalatum
783 1302 820 1368 ia
833 1301 993 1384 partibas
1009 1301 1198 1368 habeant...
1215 1321 1344 1370 caram.
1356 1301 1511 1367 locomm

333 1424 521 1492 ordinariae
545 1431 720 1510 tamquam
742 1425 780 1491 ia
806 1425 870 1492 troc
892 1425 935 1492 ab
956 1425 1034 1510 ipsa
1056 1425 1136 1493 sede
1149 1425 1321 1513 deleoalia,
1335 1424 1512 1492 conveniri

332 1555 364 1615 et
386 1550 461 1616 iare
484 1550 595 1617 medio
619 1550 666 1616 ad
688 1550 891 1617 solvendum
916 1549 1066 1617 debitum
1089 1550 1165 1636 copi
1186 1556 1220 1616 et
1246 1547 1405 1632 compelli
1423 1566 1510 1632 pae-

331 1675 441 1742 slat...
467 1698 484 1740 »

575 1941 597 2023 ἓ
623 1942 652 2005 l.
677 1940 727 2006 De
749 1941 996 2026 prorepatione
1019 1938 1270 2022 competentiae.

333 2167 550 2226 summarium.
564 2199 597 2211 -
611 2169 671 2223 342.
692 2169 888 2239 competentia
900 2168 1078 2224 territorialia
1098 2185 1146 2223 seu
1160 2169 1289 2234 relatiua,
1300 2168 1403 2238 quippe
1421 2166 1450 2219 in
1463 2167 1515 2220 bo-

421 2289 487 2326 num
501 2273 621 2342 partium
640 2272 778 2341 privatum
792 2271 898 2326 directe
916 2270 1045 2324 ordinata
1058 2274 1109 2336 eet,
1121 2274 1221 2339 potest,
1234 2287 1270 2326 ex
1288 2269 1434 2324 voluntate
1446 2285 1514 2338 par·

421 2379 501 2444 tium,
516 2377 626 2433 extendi
647 2377 722 2431 ultra
747 2393 811 2431 suos
837 2375 949 2442 limites,
968 2393 1016 2430 seu
1038 2380 1200 2446 prorepari.
1225 2374 1421 2444 competentia
1444 2390 1515 2429 vero

421 2487 548 2540 absoluta
566 2486 751 2542 determinata
770 2485 880 2539 ratione
900 2485 998 2540 obiecti
1016 2489 1066 2538 aut
1083 2488 1191 2554 pradia
1210 2499 1266 2538 non
1284 2487 1462 2553 prorogatur.
1476 2509 1514 2524 -

421 2595 482 2650 343.
503 2595 667 2664 Explicatur
685 2594 762 2648 notio
781 2593 938 2648 huiusmodi
958 2594 1171 2663 prorogationis,
1189 2593 1304 2662 eiusque
1322 2590 1449 2646 extensio
1466 2590 1514 2645 de-

421 2696 553 2750 claretur.

421 2915 496 2982 342.
514 2913 596 2989 Quia
611 2913 828 2998 competentia
842 2911 1050 2977 territorialis
1073 2908 1309 2974 determinatur
1331 2908 1463 2974 directe
1478 2910 1513 2973 in

332 3041 449 3106 bonum
472 3041 644 3125 privatum,
661 3059 718 3103 seu
734 3043 769 3104 ut
791 3039 881 3103 cives
905 3035 1101 3102 commodius
1115 3056 1175 3101 sua
1196 3037 1270 3100 iura
1290 3035 1376 3100 tueri
1392 3041 1426 3100 et
1441 3056 1515 3121 pro

332 3164 411 3230 bare
444 3164 581 3238 valeant,
607 3167 759 3248 sequitur,
793 3183 950 3250 personas
980 3163 1122 3247 privates
1151 3163 1247 3228 huius
1276 3165 1514 3248 competentiae

332 3283 478 3349 ordinem
501 3283 664 3368 paulisper
687 3287 811 3347 mutare
836 3283 870 3346 in
893 3302 984 3346 suam
1007 3283 1177 3348 utilitatem
1200 3301 1303 3368 posse.
1323 3281 1455 3348 Exinde
1478 3281 1516 3350 ot

332 3407 572 3490 competentiae
592 3406 804 3492 prorepalio.
821 3443 866 3455 -
890 3393 953 3471 Sed
976 3405 1196 3470 tantummodo
1220 3406 1434 3492 competentia
1451 3412 1514 3473 le»

332 3534 497 3602 mtomalis
521 3533 607 3596 valet
630 3533 766 3606 mutari;
798 3533 873 3616 quia
902 3537 981 3597 tunc
1015 3531 1239 3618 infringuntur
1265 3533 1368 3598 solum
1391 3533 1514 3599 limites

332 3660 466 3745 appositi
497 3659 654 3724 exercitio
685 3659 929 3742 competentiae,
962 3658 1017 3724 sed
1049 3659 1132 3724 haec
1162 3678 1227 3722 non
1256 3657 1445 3723 extenditur
1470 3659 1513 3724 ad

332 3781 412 3845 alias
435 3781 559 3865 species
587 3781 702 3844 iurium
726 3786 782 3844 aut
811 3781 1120 3860 controversiarum,
1137 3799 1219 3864 quae
1243 3781 1306 3844 iam
1331 3801 1395 3844 non
1427 3799 1515 3846 com·

332 3907 577 3994 prehendantur
601 3907 632 3971 in
657 3908 725 3972 eius
744 3906 875 3972 ambitu.
901 3907 1032 3972 Scilicet
1055 3927 1119 3971 non
1142 3911 1280 3993 augetur
1298 3912 1449 3989 potestas
1463 3906 1513 3971 ia·

333 4032 480 4104 dicamli,
506 4030 589 4114 quod
612 4051 631 4094 a
655 4031 789 4115 privatis
813 4030 937 4096 civibus
961 4031 1120 4116 praestari
1143 4049 1209 4094 non
1231 4035 1346 4115 potest,
1369 4027 1427 4094 sed
1440 4034 1511 4094 tan·

332 4162 398 4219 tum
422 4155 495 4220 eius
518 4155 716 4220 exercitium
734 4156 923 4221 extenditur
939 4158 1024 4221 ultra
1047 4155 1166 4220 limites
1189 4155 1378 4220 constitutos
1401 4155 1433 4218 iu
1453 4155 1512 4219 uti-

332 4279 453 4344 litatem
478 4279 618 4363 ipsorum
635 4277 838 4364 litigantium.
856 4315 897 4325 -
914 4279 1005 4344 Unde
1022 4279 1237 4362 competentia
1253 4279 1379 4344 ratione
1394 4277 1512 4344 obiecti

278 4483 283 4490 Ι
333 4420 389 4465 seu
414 4401 537 4465 ratione
551 4401 683 4486 prodar
706 4399 920 4466 determinata
937 4400 1096 4472 absolute,
1115 4397 1379 4466 contendentium
1394 4399 1510 4465 volun·
