3350 5117
518 360 562 407 ns
584 362 724 411 runicus
747 364 1017 415 scenasrssrrcrs
1293 354 1359 419 439

183 478 215 541 in
239 499 267 547 c.
295 501 321 545 c.
346 482 403 556 54,
427 484 449 565 ἓ
472 482 506 552 3.
531 484 582 553 De
603 490 693 555 elect.
725 490 761 555 X
780 490 820 575 (1,
845 493 890 574 6),
913 500 947 558 et
968 494 996 558 2
1018 494 1051 559 it
1074 502 1096 560 t.
1120 496 1158 560 ia
1180 496 1205 561 6
1230 496 1287 582 (ll,
1311 498 1357 581 3).

182 604 277 671 Modo
299 609 485 675 evolremus
507 612 589 699 legis
611 614 854 701 dispositionem
878 620 1132 705 interpretantes
1153 622 1256 689 rerba
1275 623 1360 689 Pou-

179 728 283 795 tificis

270 857 345 922 417.
370 859 589 927 Communiter
611 864 676 927 ΒΙ).
701 866 914 932 inhaerentes
935 868 1046 935 uerbis
1068 870 1122 933 cit.
1146 890 1217 955 cap.
1240 872 1287 936 ita
1308 872 1359 937 de

181 979 296 1047 finiunt
317 983 381 1050 litis
404 989 690 1054 contestationem:
708 1009 726 1050 ‹
743 996 791 1056 est
803 992 926 1075 petitio
948 993 1075 1059 actoris
1091 995 1127 1058 ia
1143 994 1218 1060 iare
1228 1014 1359 1079 propo·

180 1107 246 1172 sita
261 1112 293 1173 et
303 1130 456 1195 cmiqiua
471 1114 629 1199 neqatiaa
643 1118 821 1199 responsio
835 1118 1006 1201 roisnato
1021 1120 1139 1186 animo
1155 1119 1314 1205 titiqandi
1328 1142 1358 1185 s.

182 1231 305 1297 Dicitur
328 1236 437 1320 petitio
459 1238 585 1304 actoris
611 1246 645 1304 et
666 1241 718 1305 rei
740 1244 881 1328 negatio,
905 1249 1014 1308 tamen
1042 1245 1361 1330 comprehenduntur

181 1355 276 1418 etiam
289 1376 447 1441 personae
458 1359 601 1445 legitime
624 1362 657 1426 in
670 1362 787 1429 iudicio
800 1366 930 1433 actoris
944 1367 998 1431 rel
1008 1366 1062 1432 rei
1083 1375 1193 1452 partes
1215 1376 1359 1455 agentes.

182 1480 292 1563 quales
322 1490 575 1564 procuratores,
601 1493 736 1563 tutores,
760 1498 952 1573 curatores,
975 1494 1118 1578 syndici,
1143 1496 1359 1562 administra-

182 1610 270 1671 tores
291 1606 424 1693 ipsique
445 1610 602 1676 aduocati
623 1612 761 1679 marteine
780 1616 1043 1698 promuntorio:
1065 1617 1108 1683 cf.
1132 1638 1206 1702 cap.
1227 1618 1286 1701 62,
1310 1620 1361 1685 De

181 1748 271 1813 app,
297 1732 329 1796 X
351 1732 407 1817 (11.
431 1732 487 1821 28)
510 1742 543 1801 et
567 1738 762 1804 Leurenium
787 1740 818 1803 u.
846 1746 868 1805 t.
894 1760 925 1826 q.
949 1741 1035 1807 254.

271 1859 435 1945 Requisita
457 1864 640 1928 essentialia
663 1864 726 1930 duo
749 1872 843 1932 sunt:

270 1982 302 2070 l)
326 1986 372 2050 De
393 1986 458 2052 litis
481 1988 605 2054 obiecto
628 1994 748 2055 actoris
770 1993 967 2077 petitio‚·rei
991 1994 1138 2078 negati03

268 2106 303 2191 2)
327 2111 453 2175 animus
475 2112 630 2199 litigandi.
655 2150 699 2163 -
727 2116 773 2181 De
801 2116 877 2181 iure
900 2119 1061 2182 communi
1090 2136 1155 2182 uon
1182 2117 1360 2199 requiritur

179 2234 373 2301 solemnitas
388 2235 570 2319 verborum,
584 2238 639 2303 sed
659 2237 776 2307 sufficit
800 2237 943 2306 dilucide
965 2241 1153 2325 exprimere
1168 2238 1360 2305 contenden-

177 2358 256 2421 tium
280 2361 476 2425 coutrariam
493 2362 714 2443 intentionem,
728 2364 771 2427 ita
791 2369 829 2428 ut
855 2369 945 2429 notet
961 2363 1160 2449 Schmalzgr.
1185 2364 1217 2427 u.
1234 2368 1256 2427 t.
1271 2384 1306 2428 a.
1323 2362 1357 2428 2.

180 2488 214 2549 et
235 2488 372 2549 testetur
398 2486 577 2571 Pellegriui
601 2488 621 2551 l.
646 2508 675 2553 c.
700 2486 784 2553 sect.
810 2488 861 2568 ΙΙ,
889 2485 978 2554 subs.
1002 2488 1030 2560 1,
1054 2507 1097 2551 ex
1132 2486 1227 2571 praxi
1256 2484 1358 2549 tribu·

179 2608 297 2672 natium
319 2612 609 2677 ecclesiasticorum
634 2611 784 2678 sufficere
802 2632 1036 2698 quamcumque
1053 2612 1294 2696 responsionem
1309 2611 1358 2673 rei

179 2736 353 2819 oppositam
373 2738 492 2802 scuris
508 2739 687 2809 intentioni,
704 2738 789 2803 unde
812 2737 909 2802 iudici
925 2742 1034 2822 pateat
1047 2736 1246 2821 propositum
1268 2733 1357 2798 litem

179 2859 395 2935 instaurandi;
419 2880 520 2945 quare
545 2863 909 2948 Pellegrini,l.c.a.1,
930 2867 977 2926 ait
998 2862 1264 2926 contestationem
1285 2856 1357 2922 fieri

178 3004 280 3069 posse,
297 3004 457 3068 expresse
476 2988 529 3051 vel
549 2987 656 3052 tacite.
673 3021 716 3034 -
741 2988 864 3051 Tamen
889 2988 923 3051 in
947 2984 1071 3050 iudiciis
1092 2983 1281 3052 ordinariis
1303 3002 1357 3046 ec·

179 3108 375 3191 clesiasticis,
391 3112 465 3195 quia
496 3111 592 3175 iudex
618 3112 683 3177 litis
707 3112 977 3177 contestationem
1004 3109 1266 3194 praetermittere
1291 3126 1358 3170 non

178 3234 281 3307 debet,
301 3236 378 3301 hinc
401 3237 527 3319 quando
550 3238 618 3322 ipse
640 3242 846 3323 perspectum
872 3236 992 3303 habeat
1015 3236 1210 3321 propositum
1232 3233 1358 3317 litigan-

178 3360 266 3439 tium,
280 3358 352 3425 edet
375 3359 550 3433 decretum,
566 3381 627 3444 quo
650 3367 776 3426 asserat
798 3360 889 3428 litem
908 3358 1022 3425 haberi
1045 3362 1256 3423 contestatam
1271 3356 1358 3420 inter

177 3490 286 3568 partes
317 3490 350 3550 et
379 3487 456 3551 hinc
487 3487 724 3572 procedendum
756 3508 828 3552 esse
860 3486 900 3551 ad
924 3485 1130 3572 probationes
1153 3481 1357 3549 instruendas

177 3610 281 3693 quoad
305 3609 462 3675 obiectum
485 3612 551 3677 litis
574 3616 797 3676 contestatum.
815 3646 859 3660 -
884 3610 1062 3695 Pellegrini
1086 3611 1106 3674 l.
1124 3630 1151 3674 a.
1168 3607 1267 3673 tradit
1289 3628 1357 3672 sue

177 3740 242 3798 tarn
266 3734 438 3800 formulam
463 3736 595 3801 decreti.
613 3738 716 3800 —At
738 3734 778 3800 ad
803 3735 869 3800 hoc
892 3734 1036 3799 deveniri
1062 3753 1127 3796 non
1151 3735 1264 3817 potest,
1281 3733 1357 3815 quin

177 3860 386 3944 praehabitas
409 3862 472 3927 siut
495 3861 650 3945 quaedam
674 3860 950 3945 interrogationes
973 3863 1006 3922 et
1029 3858 1254 3942 responsiones
1272 3858 1358 3921 inter

176 3990 285 4067 partes
308 3990 341 4047 et
364 3987 648 4051 instrumentorum
679 3990 712 4048 et
735 3982 875 4047 aliarum
899 3980 1122 4066 probationum
1140 3977 1356 4051 deductiones,

177 4107 260 4173 uude
278 4108 458 4174 illustratur
472 4110 538 4174 litis
553 4110 722 4174 obiectum.
741 4109 847 4173 Etiam
872 4109 905 4170 in
927 4108 1009 4172 Iast.
1027 4106 1096 4171 EE.
1114 4110 1144 4170 et
1166 4102 1241 4170 Ru.
1257 4104 1295 4169 11
1310 4104 1358 4169 iu·

176 4234 227 4299 aii
242 4234 333 4300 1880
349 4234 493 4299 innuitur
508 4233 573 4297 litis
587 4222 790 4313 contestatio,
806 4250 892 4314 quae
907 4229 1071 4296 obtinetur
1093 4233 1261 4314 postquam
1275 4226 1359 4292 suffi-

73 4346 79 4356 ’
176 4360 265 4424 ciens
287 4358 450 4443 inquisitio
473 4358 650 4443 praemissa
666 4358 708 4421 sit
723 4358 756 4421 in
773 4355 897 4421 factum
914 4354 1139 4429 criminosum;
1155 4353 1201 4417 ait
1215 4357 1280 4418 art.
1296 4353 1358 4418 26.-

179 4502 197 4543 «
221 4480 413 4548 Proceditur
436 4480 511 4545 inde
534 4480 573 4546 ad
597 4480 865 4547 contestationem
889 4478 969 4545 facti
989 4476 1153 4542 criminosi
1177 4480 1210 4541 et
1226 4475 1357 4540 conclu·
