3350 5117
319 284 386 349 546
857 298 940 347 runs
965 299 987 344 1.

318 426 524 511 regulariter
538 424 616 489 otiis
628 424 727 489 insto
743 420 996 489 constitutiones
1011 422 1194 487 canonicos
1214 426 1246 486 et
1268 419 1381 485 civiles
1395 440 1425 498 >,
1441 437 1499 483 seu

318 549 397 615 illud
421 550 614 634 principium
637 549 757 633 petitur
780 548 1000 632 exceptiones.
1025 547 1105 611 Nam
1129 565 1184 611 res
1209 546 1295 609 inter
1317 545 1398 609 alios
1425 550 1500 610 acta

318 673 489 757 aliquando
512 674 557 737 ita
580 674 692 737 stricte
716 672 921 753 connectitur
945 690 1017 735 cum
1041 672 1112 734 iure
1134 670 1224 733 tertii
1246 668 1300 733 vel
1323 676 1373 733 est
1394 670 1500 752 ipsum

317 797 367 860 ius
385 797 481 878 tertii,
499 802 533 860 ut
551 796 709 861 sententia
724 783 890 860 iudicialis
907 794 947 858 de
962 812 1002 858 ea
1024 794 1159 878 prolata,
1177 794 1361 857 necessario
1381 800 1500 858 noceat

319 922 372 985 vel
395 922 496 1005 prosit
519 922 581 985 iuri
604 922 703 984 tertii.

408 1048 484 1111 553.
502 1046 550 1110 lte
574 1045 701 1129 quidem
724 1065 813 1117 vera.
832 1064 930 1109 unum
954 1044 1003 1108 ius
1026 1064 1090 1108 seu·
1106 1043 1270 1108 vinculum
1294 1041 1501 1127 obligationis

318 1169 463 1257 pluribus
485 1176 590 1255 potest
614 1188 684 1235 esse
707 1188 888 1249 commune,
913 1170 959 1234 uti
982 1166 1018 1233 fit
1046 1170 1078 1232 in
1103 1170 1257 1233 societate
1284 1174 1340 1233 aut
1362 1170 1402 1232 in·
1419 1186 1501 1250 qua-

318 1314 453 1379 cumque
477 1314 588 1359 rerum
611 1294 846 1359 communione.
867 1294 905 1357 ln
921 1293 1007 1358 hanc
1022 1294 1162 1377 speciem
1177 1291 1327 1375 loquitur,
1345 1310 1421 1374 cap.
1439 1290 1500 1370 72,

318 1420 369 1486 De
391 1420 516 1503 appell.
540 1419 575 1482 X
595 1420 651 1501 (Il,
668 1419 724 1504 28)
749 1420 794 1483 ita
816 1418 1016 1483 decernens:
1042 1416 1150 1483 «Une
1172 1418 1334 1501 sententie
1352 1414 1501 1501 pluribus

319 1543 547 1615 condemnatis,
565 1544 590 1606 si
612 1563 693 1606 unus
717 1541 803 1606 solus
820 1540 860 1605 ad
883 1540 1109 1626 appellationis
1132 1537 1323 1604 beneficium
1346 1538 1502 1604 convola-

318 1670 413 1751 verit,
437 1668 522 1732 illius
546 1668 682 1730 victoria
705 1667 775 1731 iure
792 1666 956 1729 communi
980 1666 1120 1730 coeteris
1143 1662 1351 1747 suffragetur,
1368 1664 1395 1727 si
1411 1683 1500 1727 com-

317 1795 405 1859 muni
429 1795 500 1858 iure
523 1794 684 1871 inventur,
709 1790 856 1874 idemque
881 1791 1045 1874 negotium
1067 1794 1100 1852 et
1122 1788 1235 1853 eadem
1260 1808 1357 1853 causa
1380 1787 1498 1853 delen-

318 1919 416 1985 sionis
439 1919 557 1985 existat
573 1937 590 1979 >
609 1916 664 2003 (1).
691 1916 783 1981 Haec
807 1916 1044 1996 dominabiles,
1069 1916 1136 1980 titis
1158 1916 1368 1983 consortium
1391 1914 1500 2000 appel·

318 2042 405 2106 latur
428 2040 511 2125 quod
536 2040 598 2106 dici
620 2040 702 2105 solet
726 2041 886 2112 aeduum,
911 2043 937 2105 si
960 2040 1026 2105 litis
1048 2046 1216 2105 consortes
1239 2041 1363 2106 actoris
1386 2044 1498 2125 partes
1522 2106 1527 2115 ,

319 2170 433 2251 agant3
454 2165 631 2247 passivam
654 2166 680 2229 si
703 2170 869 2248 tamquam
892 2165 944 2231 rei
965 2164 1031 2229 litis
1055 2170 1221 2229 consortes
1247 2167 1375 2229 actione
1398 2165 1500 2248 impe·

318 2295 440 2354 tantur.
465 2292 515 2356 lta
538 2290 570 2352 in
595 2288 670 2353 Cod.
689 2290 804 2355 titulus
828 2290 888 2369 40,
912 2287 1011 2355 rios
1034 2289 1236 2355 inscribitur:
1256 2309 1273 2351 ι
1292 2288 1341 2353 De
1364 2306 1501 2353 consor·

321 2415 407 2481 tibus
429 2415 580 2481 eiusdem
604 2414 669 2481 litis
692 2436 723 2479 ».
749 2414 878 2480 Exinde
904 2416 936 2478 in
953 2416 974 2480 l.
997 2414 1071 2479 ab.
1089 2419 1109 2478 t.
1134 2416 1179 2480 ita
1202 2419 1353 2479 cavetur:
1375 2412 1501 2478 ‹com-

320 2558 416 2603 mune
440 2540 603 2623 negotium
619 2543 690 2622 post
712 2539 799 2603 litem
812 2538 963 2623 legitime
986 2538 1167 2602 ordinatam
1183 2542 1217 2601 et
1238 2535 1426 2620 quibusdam
1442 2534 1502 2599 ab·

319 2662 472 2734 sentibus,
498 2664 530 2727 in
554 2662 699 2735 solidum,
716 2664 769 2747 agi
785 2663 856 2726 sine
882 2660 1031 2726 mandato
1046 2666 1159 2746 potest,
1176 2664 1204 2725 si
1219 2668 1407 2746 praesentes
1429 2681 1501 2725 rem

319 2790 441 2864 ratam,
465 2784 627 2848 dominum
654 2782 838 2847 habiturum
864 2802 984 2846 cavere
1007 2784 1112 2866 parati
1136 2783 1209 2854 sint,
1234 2782 1287 2845 vel
1310 2783 1337 2846 si
1361 2781 1436 2864 quid
1459 2780 1502 2845 ab

320 2911 371 2975 his
394 2912 521 2995 petitur,
547 2910 720 2975 iudicatum
744 2908 824 2975 solvi
857 2907 1063 2973 satisdatione
1086 2906 1288 2971 firmaverint
1312 2928 1341 2969 ».
1370 2906 1503 2972 Scilicet

320 3056 404 3101 unus
427 3038 521 3101 etiam
544 3042 669 3101 tantum
692 3054 751 3119 pro
776 3034 848 3100 aliis
873 3033 1075 3099 consortibus
1101 3054 1201 3120 agere
1224 3035 1276 3098 vel
1301 3034 1502 3117 respondere

321 3162 426 3243 potest
448 3178 489 3223 ex
513 3158 662 3223 mandato
687 3178 844 3243 expresso
860 3158 912 3222 vel
936 3158 1053 3232 tacit03
1078 3160 1104 3220 si
1128 3176 1207 3220 vero
1230 3158 1397 3241 opotsine
1413 3174 1501 3220 man·

322 3284 404 3357 dato,
428 3285 558 3365 silleri,
584 3304 697 3369 nempe
721 3289 792 3350 sine
815 3286 981 3349 mandato
1004 3302 1176 3365 expresso,
1202 3282 1297 3348 debet
1320 3284 1399 3348 dare
1423 3305 1501 3349 cau-

263 3426 270 3437 ·
320 3413 440 3476 tionem
465 3411 615 3484 dorato,
645 3430 705 3477 sco
737 3412 917 3477 sicininum
940 3416 1055 3474 ratam
1085 3428 1159 3475 rem
1193 3408 1398 3474 babituram.
1424 3410 1501 3475 Sie

322 3542 437 3601 contra
460 3555 502 3599 ex
526 3534 674 3599 mandato
697 3535 794 3599 tacito
818 3535 1012 3619 respondeat
1035 3534 1069 3597 in
1094 3533 1219 3600 iudicio.
1237 3556 1295 3601 seu
1310 3536 1361 3599 rei
1379 3541 1502 3617 partes

322 3662 412 3742 opat,
437 3655 532 3721 debet
555 3674 673 3721 cavere
696 3654 736 3718 de
759 3656 910 3721 iudicato
927 3656 1109 3738 sotoeod05
1132 3675 1189 3719 seu
1212 3657 1401 3722 iudicatam
1416 3658 1502 3723 sotoi

321 3779 541 3845 satisdatione
563 3779 714 3863 firmare.
741 3774 940 3845 Recolantur
961 3799 1042 3863 quae
1066 3778 1205 3844 diximus
1221 3778 1261 3844 de
1284 3782 1503 3864 procuratori·

321 3904 381 3971 bus
405 3924 450 3970 ec
464 3906 627 3971 innodato
652 3906 750 3972 tacito
774 3907 970 3982 constitutis,
993 3927 1028 3971 a,
1053 3907 1124 3971 122
1145 3904 1203 3993 (1).

413 4098 452 4169 (1)
472 4100 501 4153 lo
527 4104 585 4155 cod.
606 4102 648 4155 cit.
674 4100 758 4170 Greg.
779 4102 818 4153 its
845 4100 1003 4155 decernitur
1028 4102 1061 4156 de
1086 4102 1246 4155 interventu
1272 4101 1439 4156 voluntario.
1464 4132 1503 4144 —

324 4202 385 4256 Art.
405 4202 483 4255 852:
496 4218 513 4255 s
526 4202 593 4263 Quis
611 4202 713 4256 iudicio
732 4208 883 4257 extraneus
902 4220 949 4257 seu
965 4204 1064 4257 tertius
1083 4204 1130 4273 qui
1149 4205 1248 4273 probet
1261 4220 1290 4257 se
1308 4202 1413 4258 habere
1431 4205 1503 4259 inte·

323 4325 399 4363 resse
417 4310 446 4361 iu
471 4309 602 4363 iudicium
627 4310 683 4362 iam
703 4308 897 4377 instauratum,
918 4314 1010 4378 potest
1035 4315 1130 4379 petere
1150 4315 1180 4364 ut
1199 4310 1363 4363 admittatur
1381 4311 1411 4364 in
1430 4310 1503 4364 idem

323 4412 455 4467 indicium
476 4432 500 4469 n.
515 4442 548 4455 —
567 4417 628 4469 Art.
649 4416 729 4467 853:
745 4414 864 4469 «Tertii
885 4415 1018 4469 instantia
1035 4415 1193 4469 nuncianda
1211 4417 1266 4471 erit
1284 4416 1410 4486 pertibus
1429 4434 1503 4487 quae
