3350 5117
511 338 554 383 ns
579 336 719 385 romeus
743 336 1009 384 nccnasmsrrcrs
1285 317 1347 383 591

171 465 273 527 tatem
295 452 484 526 secundam
505 457 659 539 sormam
686 475 892 529 cononum...
916 476 948 532 »ς
973 455 1057 521 idem
1089 457 1231 523 inculcat
1254 459 1350 522 Inuo-

170 587 294 652 centius
318 585 368 650 ΙΙΙ
385 585 420 649 in
443 602 518 667 cop.
531 582 583 657 31,
600 584 651 649 De
666 582 825 658 simonio,
841 582 876 646 X
886 580 941 667 (V,
955 580 989 667 3)
1014 586 1047 646 et
1069 582 1188 646 clarius
1206 581 1304 647 (ilem.
1319 583 1351 648 V

170 679 204 778 in
227 714 280 778 cit.
305 732 380 794 cop.
403 711 438 784 2,
456 710 507 776 De
529 709 620 776 ocrb.
645 709 772 795 siquid,
797 708 918 773 docens
946 707 1083 773 iudicem
1116 714 1151 773 ut
1178 728 1196 771 α
1219 712 1351 774 centen-

170 840 254 904 tiom
273 834 432 920 proferat
451 840 556 918 prout
580 853 627 900 eoo
646 834 807 917 petitione
830 838 862 898 et
883 831 1087 915 probatione
1110 839 1142 898 ct
1167 832 1245 898 aliis
1268 834 1351 900 octi-

170 962 248 1028 tatis
270 961 307 1026 in
330 980 437 1027 cauca
466 959 575 1040 fuerit
596 957 797 1042 faciendum
821 981 851 1023 o.
885 958 956 1023 Hoc
980 959 1123 1044 pressius
1149 960 1290 1042 pertinet
1311 959 1352 1023 ad

171 1084 288 1149 iudicia
308 1082 512 1163 summaria,
538 1082 594 1147 sed
616 1087 743 1166 spectat
765 1100 893 1165 quoque
917 1079 957 1145 ad
981 1080 1172 1147 ordinario.

260 1207 335 1271 610.
362 1204 529 1271 Hactenus
552 1204 592 1270 de
617 1206 779 1288 requisitis
801 1202 996 1269 intrinsecis
1002 1223 1017 1286 ;
1040 1202 1133 1267 modo
1158 1202 1198 1268 de
1221 1177 1377 1269 extrin-¹

169 1330 254 1395 cecis
275 1349 333 1393 seu
356 1327 396 1393 de
419 1327 458 1392 iis
482 1327 657 1411 praecipue
680 1326 752 1389 iure
775 1324 914 1410 positivo
938 1324 1130 1389 constitutis.
1147 1324 1199 1388 Ex
1222 1325 1290 1390 istis
1310 1326 1352 1391 di·

170 1452 395 1539 spositionibus
412 1454 576 1537 attingunt
599 1451 792 1515 sententiam
808 1455 877 1514 tum
898 1449 930 1513 in
954 1449 1145 1516 summario
1168 1455 1236 1514 tum
1252 1452 1284 1514 in
1301 1472 1353 1517 or·

170 1580 308 1646 dimutto
332 1598 488 1663 processu
510 1576 638 1648 editam.
664 1579 852 1660 sequentes:

263 1699 294 1787 l)
318 1706 354 1767 ut
368 1702 489 1786 scripto
512 1703 677 1771 exaretur,
694 1703 727 1764 et
742 1699 863 1783 scripta
882 1698 1011 1783 legatur
1035 1703 1067 1762 et
1091 1698 1282 1784 publicetur,
1299 1720 1352 1765 no·

143 1886 157 1903 ,
170 1825 310 1891 minibus
332 1824 498 1909 expressis
521 1822 662 1888 indicum
679 1826 713 1888 et
735 1822 944 1907 litigantium
970 1819 1011 1885 cs.
1029 1840 1056 1887 c.
1075 1842 1102 1888 c.
1122 1822 1145 1887 9
1168 1821 1288 1906 (iufra)
1303 1822 1353 1887 Do

166 1947 278 2030 prob„
302 1946 337 2011 X
358 1944 415 2031 (ΙΙ,
441 1946 496 2027 19)
521 1956 554 2013 et
577 1945 676 2011 Clem.
702 1946 755 2009 cit.
778 1944 814 2017 2.
838 1944 889 2010 De
911 1944 1001 2010 verb.
1026 1943 1152 2031 siqnifi,
1178 1950 1212 2010 et
1233 1965 1307 2028 cop.
1329 1946 1353 2012 5

172 2073 203 2136 b.
221 2079 252 2154 t.‚
266 2074 301 2137 X
312 2072 389 2138 ind
412 2076 521 2136 monet
543 2075 577 2136 ut
592 2070 665 2152 ipse
687 2070 796 2137 iudeo
818 2069 1007 2156 promulget
1030 2071 1221 2137 sententiam
1244 2072 1351 2137 aiens:

173 2220 193 2259 ‹
216 2198 259 2262 Et
289 2196 450 2263 sententia
477 2192 642 2260 definitive
673 2192 862 2278 (postquam
894 2194 1016 2279 scripta
1046 2194 1164 2281 fuerit)
1192 2194 1353 2260 debeata

171 2318 275 2384 iudice
302 2340 368 2384 non
398 2318 438 2383 ab
469 2317 534 2381 alio
566 2316 606 2382 de
637 2319 749 2402 scripti
781 2318 973 2383 recitatione
1000 2318 1143 2403 proferri
1168 2317 1260 2403 (alias
1291 2340 1353 2384 nec

171 2465 288 2508 nomen
317 2447 486 2508 mereatur
516 2442 639 2507 habere
672 2445 863 2518 sententiae,
896 2462 958 2507 nec
988 2442 1029 2507 ab
1059 2464 1098 2508 ea
1125 2445 1167 2509 sit
1189 2444 1354 2530 appellare

169 2570 332 2656 necesse);
358 2570 516 2655 Episcopo
539 2575 648 2634 tanmn
671 2566 779 2653 (quem
803 2575 938 2655 propter
962 2568 1125 2655 dignitatis
1149 2572 1352 2655 praerogasti·
1407 2642 1411 2649 ,

171 2716 243 2761 vam
268 2696 415 2781 ampliori
440 2696 592 2761 convenit
618 2694 745 2759 honora
768 2694 927 2780 fulgere),
955 2696 1150 2760 sententiam
1172 2695 1213 2760 ab
1237 2716 1275 2759 eo
1303 2696 1352 2761 se-

147 2798 305 2884 rendam
326 2815 438 2882 licebit
460 2815 500 2880 ad
525 2817 628 2880 instar
655 2815 829 2881 illustrium
854 2834 1068 2900 personarum
1096 2836 1157 2902 per
1183 2816 1281 2881 alium
1306 2838 1353 2881 re-

170 2942 276 3005 citare
292 2959 324 3014 »3

260 3061 294 3148 2)
318 3066 354 3126 ut
383 3060 470 3127 ultra
500 3059 642 3126 debitum
664 3066 791 3145 tempus
822 3061 893 3125 eius
915 3060 1054 3145 prolatio
1085 3081 1150 3125 non
1173 3058 1351 3127 differatur.

171 3183 259 3249 Trid.
285 3185 371 3248 enim
394 3202 472 3249 sess.
488 3180 547 3263 eo,
565 3183 616 3249 Do
629 3183 706 3265 rof„
723 3184 843 3265 statuit,
861 3184 934 3249 lites
958 3182 1158 3250 definiendas
1181 3204 1252 3250 esse
1267 3185 1353 3249 inter

169 3304 379 3370 bienniuma
409 3304 461 3369 die
490 3309 597 3372 motae
627 3306 701 3380 litis,
729 3327 822 3373 secus
854 3308 1017 3393 integrum
1047 3328 1118 3373 esse
1141 3306 1285 3393 partibus
1312 3305 1352 3371 ad

170 3430 291 3496 iudices
322 3431 506 3515 superiores
537 3431 729 3517 confugere,
764 3434 817 3515 qni
848 3450 979 3498 causam
1004 3434 1076 3498 ‹in
1101 3453 1139 3501 co
1171 3438 1261 3499 stote
1285 3451 1351 3517 quo

168 3553 275 3638 fuerit
297 3561 483 3631 assumant,
501 3562 532 3624 et
555 3558 837 3642 quamprimum
861 3560 1042 3625 terminari
1066 3567 1184 3626 curent
1201 3582 1231 3624 ›.
1258 3561 1352 3628 Hanc

123 3759 127 3769 Ι
171 3680 456 3764 praescriptionem
480 3682 543 3744 iam
575 3684 782 3747 commentati
805 3703 913 3748 sumus
942 3686 973 3749 in
997 3687 1019 3767 ἓ
1043 3684 1077 3758 3,
1104 3684 1156 3750 De
1180 3684 1250 3751 iud.
1274 3686 1350 3752 inst.

166 3803 411 3885 peremptione,
435 3823 468 3868 n.
493 3802 593 3887 309‚·
616 3814 650 3871 at
672 3806 725 3870 hic
742 3812 886 3891 praestat
911 3808 1175 3873 animadvertere
1199 3830 1241 3873 ex
1257 3812 1352 3895 praxi

172 3932 302 4012 recepta
330 3932 362 3992 et
391 3929 657 3997 commendatae
689 3932 720 3997 S.
746 3934 863 4019 Congr.
889 3903 1024 3999 Conc'ilii
1057 3940 1089 4001 et
1121 3956 1140 3999 a
1171 3938 1262 4001 curia
1299 3958 1352 4002 ro-

170 4067 275 4129 mana,
300 4050 332 4112 in
356 4069 477 4134 genere
501 4050 641 4117 iudicem
664 4055 865 4139 superiorem
888 4075 953 4118 non
987 4054 1108 4121 debere
1132 4058 1284 4143 excipere
1308 4062 1353 4125 in-

170 4172 307 4237 stantiae
330 4174 597 4257 prosecutionem.
622 4176 649 4240 si
678 4181 801 4241 constet
824 4182 935 4262 partes
958 4178 1058 4244 luisse
1089 4180 1291 4267 negligentes
1318 4186 1352 4248 in
1454 4242 1456 4248 ,

169 4297 282 4363 eadem
305 4299 503 4374 instruenda,
528 4301 580 4365 vel
604 4306 712 4387 pateat
734 4322 864 4367 causam
888 4323 959 4369 esse
983 4306 1093 4391 magni
1117 4305 1281 4391 ponderis,
1299 4308 1352 4373 vel

170 4425 351 4511 longiorem
375 4428 585 4511 exquisivisse
609 4431 853 4507 tractationem
879 4432 1088 4516 quamobrem
1111 4432 1219 4500 dilatio
1243 4432 1352 4500 defini-
