<?xml version="1.0" encoding="UTF-8"?>
<!DOCTYPE html PUBLIC "-//W3C//DTD XHTML 1.0 Transitional//EN"
    "http://www.w3.org/TR/xhtml1/DTD/xhtml1-transitional.dtd">
<html xmlns="http://www.w3.org/1999/xhtml" xml:lang="en" lang="en">
 <head>
  <title>
</title>
<meta http-equiv="Content-Type" content="text/html;charset=utf-8" />
  <meta name='ocr-system' content='tesseract 3.04.00' />
  <meta name='ocr-capabilities' content='ocr_page ocr_carea ocr_par ocr_line ocrx_word'/>
</head>
<body>
  <div class='ocr_page' id='page_1' title='image "./praelectionesin01legagoog_0217.png"; bbox 0 0 3350 5117; ppageno 0'>
   <div class='ocr_carea' id='block_1_1' title="bbox 524 305 1481 376">
    <p class='ocr_par' dir='ltr' id='par_1_1' title="bbox 524 305 1481 376">
     <span class='ocr_line' id='line_1_1' title="bbox 524 305 1481 376; baseline 0.008 -7"><span class='ocrx_word' id='word_1_1' title='bbox 524 323 569 370; x_wconf 80' lang='lat' dir='ltr'>ua</span> <span class='ocrx_word' id='word_1_2' title='bbox 592 324 732 372; x_wconf 83' lang='lat' dir='ltr'>runicus</span> <span class='ocrx_word' id='word_1_3' title='bbox 755 325 1022 374; x_wconf 73' lang='lat' dir='ltr'>accensiusrrcrs</span> <span class='ocrx_word' id='word_1_4' title='bbox 1297 309 1365 376; x_wconf 77' lang='lat'>215</span> <span class='ocrx_word' id='word_1_5' title='bbox 1478 305 1481 312; x_wconf 75' lang='grc'>’</span> 
     </span>
    </p>
   </div>
   <div class='ocr_carea' id='block_1_2' title="bbox 179 447 1444 2504">
    <p class='ocr_par' dir='ltr' id='par_1_2' title="bbox 179 447 1444 2504">
     <span class='ocr_line' id='line_1_2' title="bbox 278 447 1365 548; baseline -0.001 -35"><span class='ocrx_word' id='word_1_6' title='bbox 278 447 310 534; x_wconf 81' lang='lat'>1)</span> <span class='ocrx_word' id='word_1_7' title='bbox 333 449 487 516; x_wconf 79' lang='lat' dir='ltr'><strong>Actiones</strong></span> <span class='ocrx_word' id='word_1_8' title='bbox 507 450 648 548; x_wconf 55' lang='lat' dir='ltr'>msijtpe,</span> <span class='ocrx_word' id='word_1_9' title='bbox 671 469 751 536; x_wconf 87' lang='lat' dir='ltr'>quas</span> <span class='ocrx_word' id='word_1_10' title='bbox 781 459 963 516; x_wconf 89' lang='lat' dir='ltr'>memorant</span> <span class='ocrx_word' id='word_1_11' title='bbox 992 454 1179 519; x_wconf 77' lang='lat' dir='ltr'>canonistas</span> <span class='ocrx_word' id='word_1_12' title='bbox 1209 453 1242 517; x_wconf 96' lang='lat' dir='ltr'>in</span> <span class='ocrx_word' id='word_1_13' title='bbox 1270 453 1365 520; x_wconf 74' lang='lat' dir='ltr'>titudo</span> 
     </span>
     <span class='ocr_line' id='line_1_3' title="bbox 181 537 1365 661; baseline 0.003 -29"><span class='ocrx_word' id='word_1_14' title='bbox 181 567 235 632; x_wconf 79' lang='lat' dir='ltr'>ne</span> <span class='ocrx_word' id='word_1_15' title='bbox 250 537 553 644; x_wconf 55' lang='lat' dir='ltr'>ueratrum,</span> <span class='ocrx_word' id='word_1_16' title='bbox 572 571 628 637; x_wconf 83' lang='lat' dir='ltr'>uu</span> <span class='ocrx_word' id='word_1_17' title='bbox 645 573 689 652; x_wconf 85' lang='grc' dir='ltr'>ιι,</span> <span class='ocrx_word' id='word_1_18' title='bbox 705 573 748 646; x_wconf 84' lang='lat' dir='ltr'>x,</span> <span class='ocrx_word' id='word_1_19' title='bbox 764 573 813 638; x_wconf 76' lang='lat' dir='ltr'>aa</span> <span class='ocrx_word' id='word_1_20' title='bbox 829 573 861 646; x_wconf 87' lang='lat'>3,</span> <span class='ocrx_word' id='word_1_21' title='bbox 879 575 970 639; x_wconf 81' lang='lat' dir='ltr'>iuxta</span> <span class='ocrx_word' id='word_1_22' title='bbox 992 575 1263 661; x_wconf 72' lang='lat' dir='ltr'>praescriptiones</span> <span class='ocrx_word' id='word_1_23' title='bbox 1286 573 1365 638; x_wconf 75' lang='lat' dir='ltr'>rura</span> 
     </span>
     <span class='ocr_line' id='line_1_4' title="bbox 183 699 1364 800; baseline 0.003 -40"><span class='ocrx_word' id='word_1_24' title='bbox 183 699 322 779; x_wconf 88' lang='lat' dir='ltr'>romani,</span> <span class='ocrx_word' id='word_1_25' title='bbox 342 703 424 800; x_wconf 77' lang='lat' dir='ltr'>suut</span> <span class='ocrx_word' id='word_1_26' title='bbox 447 705 653 786; x_wconf 73' lang='lat' dir='ltr'>comparatae</span> <span class='ocrx_word' id='word_1_27' title='bbox 673 706 741 766; x_wconf 91' lang='lat' dir='ltr'>tum</span> <span class='ocrx_word' id='word_1_28' title='bbox 765 700 806 766; x_wconf 91' lang='lat' dir='ltr'>ad</span> <span class='ocrx_word' id='word_1_29' title='bbox 828 719 904 767; x_wconf 86' lang='lat' dir='ltr'>rem</span> <span class='ocrx_word' id='word_1_30' title='bbox 926 706 994 790; x_wconf 79' lang='lat' dir='ltr'>tum</span> <span class='ocrx_word' id='word_1_31' title='bbox 1017 699 1226 786; x_wconf 71' lang='lat' dir='ltr'>adpossem</span> <span class='ocrx_word' id='word_1_32' title='bbox 1248 719 1364 786; x_wconf 75' lang='lat' dir='ltr'>perse-</span> 
     </span>
     <span class='ocr_line' id='line_1_5' title="bbox 182 823 1364 926; baseline 0.002 -39"><span class='ocrx_word' id='word_1_33' title='bbox 182 823 361 926; x_wconf 59' lang='lat' dir='ltr'>quendam</span> <span class='ocrx_word' id='word_1_34' title='bbox 385 832 498 912; x_wconf 87' lang='lat' dir='ltr'>utputa</span> <span class='ocrx_word' id='word_1_35' title='bbox 514 827 547 891; x_wconf 93' lang='lat' dir='ltr'>in</span> <span class='ocrx_word' id='word_1_36' title='bbox 561 827 669 892; x_wconf 83' lang='lat' dir='ltr'>turem</span> <span class='ocrx_word' id='word_1_37' title='bbox 691 826 829 893; x_wconf 85' lang='lat' dir='ltr'>dabatur</span> <span class='ocrx_word' id='word_1_38' title='bbox 849 829 932 892; x_wconf 90' lang='lat' dir='ltr'>actio</span> <span class='ocrx_word' id='word_1_39' title='bbox 956 826 997 892; x_wconf 86' lang='lat' dir='ltr'>ad</span> <span class='ocrx_word' id='word_1_40' title='bbox 1011 847 1086 894; x_wconf 83' lang='lat' dir='ltr'>rem</span> <span class='ocrx_word' id='word_1_41' title='bbox 1109 823 1364 912; x_wconf 80' lang='lat' dir='ltr'>persequendam</span> 
     </span>
     <span class='ocr_line' id='line_1_6' title="bbox 182 949 1363 1034; baseline 0.002 -24"><span class='ocrx_word' id='word_1_42' title='bbox 182 952 217 1011; x_wconf 91' lang='lat' dir='ltr'>et</span> <span class='ocrx_word' id='word_1_43' title='bbox 226 967 378 1031; x_wconf 79' lang='lat' dir='ltr'>poeraum</span> <span class='ocrx_word' id='word_1_44' title='bbox 385 969 400 1032; x_wconf 89' lang='lat'><em>;</em></span> <span class='ocrx_word' id='word_1_45' title='bbox 414 950 565 1014; x_wconf 89' lang='lat' dir='ltr'>nimirum</span> <span class='ocrx_word' id='word_1_46' title='bbox 581 949 622 1014; x_wconf 91' lang='lat' dir='ltr'>ad</span> <span class='ocrx_word' id='word_1_47' title='bbox 638 949 856 1024; x_wconf 88' lang='lat' dir='ltr'>obtinendum,</span> <span class='ocrx_word' id='word_1_48' title='bbox 872 952 957 1016; x_wconf 89' lang='lat' dir='ltr'>citra</span> <span class='ocrx_word' id='word_1_49' title='bbox 972 950 1223 1022; x_wconf 84' lang='lat' dir='ltr'>indemnitatem,</span> <span class='ocrx_word' id='word_1_50' title='bbox 1241 949 1275 1012; x_wconf 92' lang='lat' dir='ltr'>in</span> <span class='ocrx_word' id='word_1_51' title='bbox 1289 967 1363 1034; x_wconf 92' lang='lat' dir='ltr'>poe·</span> 
     </span>
     <span class='ocr_line' id='line_1_7' title="bbox 183 1070 1363 1159; baseline 0.002 -25"><span class='ocrx_word' id='word_1_52' title='bbox 183 1089 259 1134; x_wconf 89' lang='lat' dir='ltr'>nam</span> <span class='ocrx_word' id='word_1_53' title='bbox 282 1071 444 1146; x_wconf 88' lang='lat' dir='ltr'>laesionis,</span> <span class='ocrx_word' id='word_1_54' title='bbox 468 1073 613 1156; x_wconf 82' lang='lat' dir='ltr'>duplum</span> <span class='ocrx_word' id='word_1_55' title='bbox 644 1073 697 1138; x_wconf 86' lang='lat' dir='ltr'>vel</span> <span class='ocrx_word' id='word_1_56' title='bbox 720 1073 865 1158; x_wconf 62' lang='lat' dir='ltr'>triplum</span> <span class='ocrx_word' id='word_1_57' title='bbox 894 1074 947 1139; x_wconf 84' lang='lat' dir='ltr'>vel</span> <span class='ocrx_word' id='word_1_58' title='bbox 971 1073 1206 1159; x_wconf 78' lang='lat' dir='ltr'>quadruplum</span> <span class='ocrx_word' id='word_1_59' title='bbox 1230 1072 1278 1137; x_wconf 92' lang='lat' dir='ltr'>rei</span> <span class='ocrx_word' id='word_1_60' title='bbox 1309 1070 1363 1136; x_wconf 90' lang='lat' dir='ltr'>de·</span> 
     </span>
     <span class='ocr_line' id='line_1_8' title="bbox 181 1189 1364 1277; baseline 0 -21"><span class='ocrx_word' id='word_1_61' title='bbox 181 1189 280 1268; x_wconf 86' lang='lat' dir='ltr'>bitae,</span> <span class='ocrx_word' id='word_1_62' title='bbox 296 1193 339 1258; x_wconf 84' lang='lat' dir='ltr'>cf.</span> <span class='ocrx_word' id='word_1_63' title='bbox 356 1196 378 1260; x_wconf 85' lang='lat' dir='ltr'>t.</span> <span class='ocrx_word' id='word_1_64' title='bbox 400 1194 463 1268; x_wconf 82' lang='lat'>22,</span> <span class='ocrx_word' id='word_1_65' title='bbox 479 1195 502 1277; x_wconf 67' lang='grc' dir='ltr'><strong>ἓ</strong></span> <span class='ocrx_word' id='word_1_66' title='bbox 517 1193 551 1268; x_wconf 87' lang='grc'>3,</span> <span class='ocrx_word' id='word_1_67' title='bbox 568 1194 641 1261; x_wconf 84' lang='lat' dir='ltr'>eod.</span> <span class='ocrx_word' id='word_1_68' title='bbox 658 1193 711 1260; x_wconf 85' lang='lat' dir='ltr'>De</span> <span class='ocrx_word' id='word_1_69' title='bbox 724 1193 819 1277; x_wconf 77' lang='lat' dir='ltr'>furt..</span> <span class='ocrx_word' id='word_1_70' title='bbox 838 1201 872 1260; x_wconf 89' lang='lat' dir='ltr'>et</span> <span class='ocrx_word' id='word_1_71' title='bbox 888 1197 971 1262; x_wconf 80' lang='lat' dir='ltr'>inst.</span> <span class='ocrx_word' id='word_1_72' title='bbox 985 1197 1066 1268; x_wconf 83' lang='lat' dir='ltr'>lust,</span> <span class='ocrx_word' id='word_1_73' title='bbox 1080 1193 1142 1270; x_wconf 90' lang='lat' dir='ltr'>IV,</span> <span class='ocrx_word' id='word_1_74' title='bbox 1159 1195 1205 1260; x_wconf 87' lang='lat' dir='ltr'>tit.</span> <span class='ocrx_word' id='word_1_75' title='bbox 1223 1194 1256 1274; x_wconf 88' lang='lat'>6,</span> <span class='ocrx_word' id='word_1_76' title='bbox 1275 1193 1298 1275; x_wconf 64' lang='grc' dir='ltr'><strong>ἓ</strong></span> <span class='ocrx_word' id='word_1_77' title='bbox 1320 1193 1364 1256; x_wconf 88' lang='grc'>10</span> 
     </span>
     <span class='ocr_line' id='line_1_9' title="bbox 181 1321 1362 1406; baseline -0.003 -19"><span class='ocrx_word' id='word_1_78' title='bbox 181 1340 252 1406; x_wconf 83' lang='lat' dir='ltr'>seq.</span> <span class='ocrx_word' id='word_1_79' title='bbox 277 1359 322 1372; x_wconf 93' lang='lat'>-</span> <span class='ocrx_word' id='word_1_80' title='bbox 346 1321 537 1387; x_wconf 85' lang='lat' dir='ltr'>Huiusmodi</span> <span class='ocrx_word' id='word_1_81' title='bbox 558 1322 702 1388; x_wconf 82' lang='lat' dir='ltr'>actiones</span> <span class='ocrx_word' id='word_1_82' title='bbox 722 1321 855 1388; x_wconf 79' lang='lat' dir='ltr'>mimtuc</span> <span class='ocrx_word' id='word_1_83' title='bbox 886 1321 1086 1404; x_wconf 82' lang='lat' dir='ltr'>dicebantur,</span> <span class='ocrx_word' id='word_1_84' title='bbox 1106 1322 1180 1406; x_wconf 91' lang='lat' dir='ltr'>quia</span> <span class='ocrx_word' id='word_1_85' title='bbox 1203 1326 1270 1386; x_wconf 94' lang='lat' dir='ltr'>tum</span> <span class='ocrx_word' id='word_1_86' title='bbox 1293 1339 1362 1384; x_wconf 88' lang='lat' dir='ltr'>rem</span> 
     </span>
     <span class='ocr_line' id='line_1_10' title="bbox 180 1445 1364 1532; baseline -0.002 -22"><span class='ocrx_word' id='word_1_87' title='bbox 180 1452 250 1511; x_wconf 87' lang='lat' dir='ltr'>tum</span> <span class='ocrx_word' id='word_1_88' title='bbox 272 1466 408 1532; x_wconf 89' lang='lat' dir='ltr'>poenam</span> <span class='ocrx_word' id='word_1_89' title='bbox 431 1446 719 1532; x_wconf 88' lang='lat' dir='ltr'>persequebantur.</span> <span class='ocrx_word' id='word_1_90' title='bbox 745 1449 822 1512; x_wconf 90' lang='lat' dir='ltr'>lure</span> <span class='ocrx_word' id='word_1_91' title='bbox 846 1449 932 1512; x_wconf 93' lang='lat' dir='ltr'>enim</span> <span class='ocrx_word' id='word_1_92' title='bbox 964 1467 1097 1515; x_wconf 85' lang='lat' dir='ltr'>romano</span> <span class='ocrx_word' id='word_1_93' title='bbox 1125 1447 1188 1512; x_wconf 86' lang='lat' dir='ltr'>hae</span> <span class='ocrx_word' id='word_1_94' title='bbox 1218 1445 1364 1531; x_wconf 89' lang='lat' dir='ltr'>proditae</span> 
     </span>
     <span class='ocr_line' id='line_1_11' title="bbox 180 1567 1444 1657; baseline -0.003 -19"><span class='ocrx_word' id='word_1_95' title='bbox 180 1580 280 1638; x_wconf 90' lang='lat' dir='ltr'>erant</span> <span class='ocrx_word' id='word_1_96' title='bbox 295 1577 409 1639; x_wconf 87' lang='lat' dir='ltr'>contra</span> <span class='ocrx_word' id='word_1_97' title='bbox 424 1573 542 1640; x_wconf 86' lang='lat' dir='ltr'>delicta</span> <span class='ocrx_word' id='word_1_98' title='bbox 549 1573 688 1657; x_wconf 82' lang='lat' dir='ltr'>priuato</span> <span class='ocrx_word' id='word_1_99' title='bbox 703 1593 761 1640; x_wconf 88' lang='lat' dir='ltr'>seu</span> <span class='ocrx_word' id='word_1_100' title='bbox 776 1572 941 1639; x_wconf 85' lang='lat' dir='ltr'>laedentia</span> <span class='ocrx_word' id='word_1_101' title='bbox 959 1574 1082 1639; x_wconf 88' lang='lat' dir='ltr'>directe</span> <span class='ocrx_word' id='word_1_102' title='bbox 1098 1572 1237 1657; x_wconf 84' lang='lat' dir='ltr'>aliquem</span> <span class='ocrx_word' id='word_1_103' title='bbox 1260 1572 1363 1636; x_wconf 87' lang='lat' dir='ltr'>civem</span> <span class='ocrx_word' id='word_1_104' title='bbox 1437 1567 1444 1581; x_wconf 87' lang='lat'><em>&#39;</em></span> 
     </span>
     <span class='ocr_line' id='line_1_12' title="bbox 180 1695 1364 1780; baseline -0.001 -21"><span class='ocrx_word' id='word_1_105' title='bbox 180 1696 356 1780; x_wconf 82' lang='lat' dir='ltr'>praecipue</span> <span class='ocrx_word' id='word_1_106' title='bbox 379 1697 413 1759; x_wconf 91' lang='lat' dir='ltr'>iu</span> <span class='ocrx_word' id='word_1_107' title='bbox 435 1695 528 1760; x_wconf 91' lang='lat' dir='ltr'>bonis</span> <span class='ocrx_word' id='word_1_108' title='bbox 550 1696 599 1760; x_wconf 91' lang='lat' dir='ltr'>sui</span> <span class='ocrx_word' id='word_1_109' title='bbox 621 1695 816 1780; x_wconf 91' lang='lat' dir='ltr'>patrimonii,</span> <span class='ocrx_word' id='word_1_110' title='bbox 828 1696 929 1762; x_wconf 83' lang='lat' dir='ltr'>veluti</span> <span class='ocrx_word' id='word_1_111' title='bbox 954 1696 1086 1761; x_wconf 78' lang='lat' dir='ltr'>furtum.</span> <span class='ocrx_word' id='word_1_112' title='bbox 1113 1696 1196 1760; x_wconf 88' lang='lat' dir='ltr'>istae</span> <span class='ocrx_word' id='word_1_113' title='bbox 1220 1695 1364 1762; x_wconf 85' lang='lat' dir='ltr'>actiones</span> 
     </span>
     <span class='ocr_line' id='line_1_13' title="bbox 179 1817 1364 1904; baseline 0.001 -23"><span class='ocrx_word' id='word_1_114' title='bbox 179 1819 253 1882; x_wconf 92' lang='lat' dir='ltr'>iure</span> <span class='ocrx_word' id='word_1_115' title='bbox 269 1817 428 1884; x_wconf 85' lang='lat' dir='ltr'>canonico</span> <span class='ocrx_word' id='word_1_116' title='bbox 442 1836 507 1882; x_wconf 92' lang='lat' dir='ltr'>non</span> <span class='ocrx_word' id='word_1_117' title='bbox 522 1818 659 1904; x_wconf 87' lang='lat' dir='ltr'>amplius</span> <span class='ocrx_word' id='word_1_118' title='bbox 669 1819 790 1902; x_wconf 78' lang='lat' dir='ltr'>rigent,</span> <span class='ocrx_word' id='word_1_119' title='bbox 809 1818 884 1902; x_wconf 91' lang='lat' dir='ltr'>quia</span> <span class='ocrx_word' id='word_1_120' title='bbox 895 1819 1038 1884; x_wconf 86' lang='lat' dir='ltr'>actiones</span> <span class='ocrx_word' id='word_1_121' title='bbox 1054 1817 1237 1882; x_wconf 89' lang='lat' dir='ltr'>criminales</span> <span class='ocrx_word' id='word_1_122' title='bbox 1253 1836 1364 1882; x_wconf 89' lang='lat' dir='ltr'>omnes</span> 
     </span>
     <span class='ocr_line' id='line_1_14' title="bbox 180 1938 1364 2030; baseline 0.003 -25"><span class='ocrx_word' id='word_1_123' title='bbox 180 1938 318 2009; x_wconf 84' lang='lat' dir='ltr'>effectae</span> <span class='ocrx_word' id='word_1_124' title='bbox 341 1948 416 2008; x_wconf 91' lang='lat' dir='ltr'>sunt</span> <span class='ocrx_word' id='word_1_125' title='bbox 438 1944 571 2020; x_wconf 76' lang='lat' dir='ltr'>ordinis</span> <span class='ocrx_word' id='word_1_126' title='bbox 588 1943 728 2026; x_wconf 77' lang='lat' dir='ltr'>publici,</span> <span class='ocrx_word' id='word_1_127' title='bbox 745 1963 830 2029; x_wconf 87' lang='lat' dir='ltr'>quae</span> <span class='ocrx_word' id='word_1_128' title='bbox 849 1964 869 2008; x_wconf 90' lang='lat' dir='ltr'>a</span> <span class='ocrx_word' id='word_1_129' title='bbox 888 1945 1023 2030; x_wconf 90' lang='lat' dir='ltr'>privatis</span> <span class='ocrx_word' id='word_1_130' title='bbox 1039 1943 1091 2008; x_wconf 89' lang='lat' dir='ltr'>vel</span> <span class='ocrx_word' id='word_1_131' title='bbox 1116 1943 1256 2010; x_wconf 85' lang='lat' dir='ltr'>ciuiliter</span> <span class='ocrx_word' id='word_1_132' title='bbox 1272 1963 1364 2009; x_wconf 83' lang='lat' dir='ltr'>exer·</span> 
     </span>
     <span class='ocr_line' id='line_1_15' title="bbox 180 2067 1361 2153; baseline -0.001 -21"><span class='ocrx_word' id='word_1_133' title='bbox 180 2071 308 2139; x_wconf 86' lang='lat' dir='ltr'>centur,</span> <span class='ocrx_word' id='word_1_134' title='bbox 328 2085 444 2153; x_wconf 88' lang='lat' dir='ltr'>nempe</span> <span class='ocrx_word' id='word_1_135' title='bbox 473 2067 514 2132; x_wconf 90' lang='lat' dir='ltr'>ad</span> <span class='ocrx_word' id='word_1_136' title='bbox 545 2067 797 2140; x_wconf 85' lang='lat' dir='ltr'>indemnitatem,</span> <span class='ocrx_word' id='word_1_137' title='bbox 830 2069 884 2133; x_wconf 86' lang='lat' dir='ltr'>vel</span> <span class='ocrx_word' id='word_1_138' title='bbox 912 2067 1137 2134; x_wconf 63' lang='lat' dir='ltr'>etmiuutiter</span> <span class='ocrx_word' id='word_1_139' title='bbox 1159 2067 1200 2132; x_wconf 89' lang='lat' dir='ltr'>ad</span> <span class='ocrx_word' id='word_1_140' title='bbox 1226 2087 1361 2153; x_wconf 88' lang='lat' dir='ltr'>poenam</span> 
     </span>
     <span class='ocr_line' id='line_1_16' title="bbox 180 2189 1362 2277; baseline 0.001 -23"><span class='ocrx_word' id='word_1_141' title='bbox 180 2189 439 2275; x_wconf 80' lang='lat' dir='ltr'>persequendam</span> <span class='ocrx_word' id='word_1_142' title='bbox 461 2211 525 2256; x_wconf 91' lang='lat' dir='ltr'>nou</span> <span class='ocrx_word' id='word_1_143' title='bbox 542 2191 669 2276; x_wconf 83' lang='lat' dir='ltr'>privato</span> <span class='ocrx_word' id='word_1_144' title='bbox 691 2191 823 2257; x_wconf 90' lang='lat' dir='ltr'>nomine</span> <span class='ocrx_word' id='word_1_145' title='bbox 848 2191 905 2257; x_wconf 89' lang='lat' dir='ltr'>sed</span> <span class='ocrx_word' id='word_1_146' title='bbox 927 2193 960 2256; x_wconf 88' lang='lat' dir='ltr'>ri</span> <span class='ocrx_word' id='word_1_147' title='bbox 981 2191 1127 2277; x_wconf 86' lang='lat' dir='ltr'>publicae</span> <span class='ocrx_word' id='word_1_148' title='bbox 1149 2191 1362 2256; x_wconf 87' lang='lat' dir='ltr'>auctoritatis.</span> 
     </span>
     <span class='ocr_line' id='line_1_17' title="bbox 180 2313 1363 2388; baseline 0 -10"><span class='ocrx_word' id='word_1_149' title='bbox 180 2313 292 2388; x_wconf 85' lang='lat' dir='ltr'>Quare</span> <span class='ocrx_word' id='word_1_150' title='bbox 314 2314 411 2378; x_wconf 88' lang='lat' dir='ltr'>etiam</span> <span class='ocrx_word' id='word_1_151' title='bbox 435 2313 467 2377; x_wconf 95' lang='lat' dir='ltr'>in</span> <span class='ocrx_word' id='word_1_152' title='bbox 491 2315 600 2386; x_wconf 89' lang='lat' dir='ltr'>curiis,</span> <span class='ocrx_word' id='word_1_153' title='bbox 624 2314 720 2379; x_wconf 88' lang='lat' dir='ltr'>hodie</span> <span class='ocrx_word' id='word_1_154' title='bbox 742 2315 929 2380; x_wconf 87' lang='lat' dir='ltr'>criminalia</span> <span class='ocrx_word' id='word_1_155' title='bbox 960 2313 1078 2380; x_wconf 88' lang='lat' dir='ltr'>iudicia</span> <span class='ocrx_word' id='word_1_156' title='bbox 1100 2314 1259 2380; x_wconf 84' lang='lat' dir='ltr'>instaurat</span> <span class='ocrx_word' id='word_1_157' title='bbox 1281 2313 1363 2379; x_wconf 94' lang='lat' dir='ltr'>ordi-</span> 
     </span>
     <span class='ocr_line' id='line_1_18' title="bbox 179 2437 668 2504; baseline 0.004 -2"><span class='ocrx_word' id='word_1_158' title='bbox 179 2437 273 2502; x_wconf 87' lang='lat' dir='ltr'>nario</span> <span class='ocrx_word' id='word_1_159' title='bbox 297 2437 500 2504; x_wconf 86' lang='lat' dir='ltr'>Procurator</span> <span class='ocrx_word' id='word_1_160' title='bbox 522 2438 668 2504; x_wconf 86' lang='lat' dir='ltr'>Fiscalis.</span> 
     </span>
    </p>
   </div>
   <div class='ocr_carea' id='block_1_3' title="bbox 269 2561 1362 2686">
    <p class='ocr_par' dir='ltr' id='par_1_3' title="bbox 269 2561 1362 2686">
     <span class='ocr_line' id='line_1_19' title="bbox 269 2561 1362 2686; baseline -0.001 -57"><span class='ocrx_word' id='word_1_161' title='bbox 269 2561 419 2686; x_wconf 43' lang='grc' dir='ltr'>2)ὲ1ι.ρ</span> <span class='ocrx_word' id='word_1_162' title='bbox 433 2583 529 2642; x_wconf 73' lang='lat' dir='ltr'>sensu</span> <span class='ocrx_word' id='word_1_163' title='bbox 559 2564 689 2644; x_wconf 72' lang='lat' dir='ltr'>mixtae</span> <span class='ocrx_word' id='word_1_164' title='bbox 720 2563 876 2628; x_wconf 90' lang='lat' dir='ltr'>dicuntur</span> <span class='ocrx_word' id='word_1_165' title='bbox 899 2565 1042 2650; x_wconf 81' lang='lat' dir='ltr'>actiones</span> <span class='ocrx_word' id='word_1_166' title='bbox 1073 2582 1129 2629; x_wconf 92' lang='lat' dir='ltr'>seu</span> <span class='ocrx_word' id='word_1_167' title='bbox 1153 2563 1313 2645; x_wconf 79' lang='lat' dir='ltr'>duplices,</span> <span class='ocrx_word' id='word_1_168' title='bbox 1329 2565 1362 2628; x_wconf 91' lang='lat' dir='ltr'>iu</span> 
     </span>
    </p>
   </div>
   <div class='ocr_carea' id='block_1_4' title="bbox 178 2686 1437 2790">
    <p class='ocr_par' dir='ltr' id='par_1_4' title="bbox 178 2686 1437 2790">
     <span class='ocr_line' id='line_1_20' title="bbox 178 2686 1437 2790; baseline 0.001 -38"><span class='ocrx_word' id='word_1_169' title='bbox 178 2686 294 2771; x_wconf 89' lang='lat' dir='ltr'>quibus</span> <span class='ocrx_word' id='word_1_170' title='bbox 309 2688 462 2790; x_wconf 37' lang='lat' dir='ltr'>vicissim·</span> <span class='ocrx_word' id='word_1_171' title='bbox 474 2691 508 2754; x_wconf 87' lang='lat' dir='ltr'>et</span> <span class='ocrx_word' id='word_1_172' title='bbox 529 2691 650 2754; x_wconf 89' lang='lat' dir='ltr'>actoris</span> <span class='ocrx_word' id='word_1_173' title='bbox 665 2694 698 2754; x_wconf 92' lang='lat' dir='ltr'>et</span> <span class='ocrx_word' id='word_1_174' title='bbox 720 2689 769 2754; x_wconf 91' lang='lat' dir='ltr'>rei</span> <span class='ocrx_word' id='word_1_175' title='bbox 788 2693 923 2785; x_wconf 29' lang='lat' dir='ltr'>&#39;partem</span> <span class='ocrx_word' id='word_1_176' title='bbox 948 2695 1048 2776; x_wconf 86' lang='lat' dir='ltr'>agunt</span> <span class='ocrx_word' id='word_1_177' title='bbox 1071 2687 1312 2768; x_wconf 75' lang='lat' dir='ltr'>contendentes,</span> <span class='ocrx_word' id='word_1_178' title='bbox 1330 2694 1363 2754; x_wconf 92' lang='lat' dir='ltr'>et</span> <span class='ocrx_word' id='word_1_179' title='bbox 1434 2753 1437 2760; x_wconf 77' lang='grc'><em>,</em></span> 
     </span>
    </p>
   </div>
   <div class='ocr_carea' id='block_1_5' title="bbox 174 2816 1361 3768">
    <p class='ocr_par' dir='ltr' id='par_1_5' title="bbox 177 2816 1361 3391">
     <span class='ocr_line' id='line_1_21' title="bbox 177 2816 1361 2900; baseline 0.002 -22"><span class='ocrx_word' id='word_1_180' title='bbox 177 2819 255 2878; x_wconf 90' lang='lat' dir='ltr'>sunt</span> <span class='ocrx_word' id='word_1_181' title='bbox 277 2816 421 2879; x_wconf 89' lang='lat' dir='ltr'>actiones</span> <span class='ocrx_word' id='word_1_182' title='bbox 436 2816 620 2880; x_wconf 87' lang='lat' dir='ltr'>necessario</span> <span class='ocrx_word' id='word_1_183' title='bbox 642 2816 955 2883; x_wconf 75' lang='lat' dir='ltr'>reconventionutes</span> <span class='ocrx_word' id='word_1_184' title='bbox 977 2817 1041 2880; x_wconf 89' lang='lat' dir='ltr'>iam</span> <span class='ocrx_word' id='word_1_185' title='bbox 1065 2816 1240 2900; x_wconf 84' lang='lat' dir='ltr'>expositae,</span> <span class='ocrx_word' id='word_1_186' title='bbox 1264 2821 1361 2900; x_wconf 90' lang='lat' dir='ltr'>prout</span> 
     </span>
     <span class='ocr_line' id='line_1_22' title="bbox 177 2935 1361 3020; baseline 0.001 -19"><span class='ocrx_word' id='word_1_187' title='bbox 177 2936 275 3002; x_wconf 91' lang='lat' dir='ltr'>docet</span> <span class='ocrx_word' id='word_1_188' title='bbox 304 2937 326 3002; x_wconf 89' lang='lat' dir='ltr'>t.</span> <span class='ocrx_word' id='word_1_189' title='bbox 359 2935 417 3017; x_wconf 86' lang='lat'>37,</span> <span class='ocrx_word' id='word_1_190' title='bbox 444 2939 480 3020; x_wconf 78' lang='lat' dir='ltr'>ff.</span> <span class='ocrx_word' id='word_1_191' title='bbox 505 2937 555 3002; x_wconf 88' lang='lat' dir='ltr'>De</span> <span class='ocrx_word' id='word_1_192' title='bbox 578 2936 641 3004; x_wconf 82' lang='lat' dir='ltr'>obt.</span> <span class='ocrx_word' id='word_1_193' title='bbox 674 2941 707 3003; x_wconf 86' lang='lat' dir='ltr'>et</span> <span class='ocrx_word' id='word_1_194' title='bbox 735 2944 816 3004; x_wconf 83' lang='lat' dir='ltr'>oct:</span> <span class='ocrx_word' id='word_1_195' title='bbox 845 2937 1023 3005; x_wconf 72' lang='lat' dir='ltr'>«Micelae</span> <span class='ocrx_word' id='word_1_196' title='bbox 1052 2943 1132 3004; x_wconf 76' lang='lat' dir='ltr'>aaut</span> <span class='ocrx_word' id='word_1_197' title='bbox 1153 2939 1302 3004; x_wconf 79' lang='lat' dir='ltr'>actiones</span> <span class='ocrx_word' id='word_1_198' title='bbox 1323 2937 1361 3002; x_wconf 81' lang='lat' dir='ltr'>iu</span> 
     </span>
     <span class='ocr_line' id='line_1_23' title="bbox 177 3063 1361 3151; baseline -0.001 -20"><span class='ocrx_word' id='word_1_199' title='bbox 177 3063 303 3148; x_wconf 71' lang='lat' dir='ltr'>quiem</span> <span class='ocrx_word' id='word_1_200' title='bbox 325 3069 467 3148; x_wconf 81' lang='lat' dir='ltr'>uterque</span> <span class='ocrx_word' id='word_1_201' title='bbox 490 3068 586 3130; x_wconf 83' lang='lat' dir='ltr'>actor</span> <span class='ocrx_word' id='word_1_202' title='bbox 607 3069 676 3148; x_wconf 83' lang='lat' dir='ltr'>ert;</span> <span class='ocrx_word' id='word_1_203' title='bbox 697 3069 820 3147; x_wconf 81' lang='lat' dir='ltr'>utputa</span> <span class='ocrx_word' id='word_1_204' title='bbox 847 3064 968 3150; x_wconf 78' lang='lat' dir='ltr'>finium</span> <span class='ocrx_word' id='word_1_205' title='bbox 990 3066 1236 3151; x_wconf 69' lang='lat' dir='ltr'>rependes-um,</span> <span class='ocrx_word' id='word_1_206' title='bbox 1259 3063 1361 3147; x_wconf 83' lang='lat' dir='ltr'>sami·</span> 
     </span>
     <span class='ocr_line' id='line_1_24' title="bbox 177 3187 1360 3273; baseline 0 -19"><span class='ocrx_word' id='word_1_207' title='bbox 177 3188 245 3254; x_wconf 80' lang='lat' dir='ltr'>tiae</span> <span class='ocrx_word' id='word_1_208' title='bbox 268 3187 522 3263; x_wconf 78' lang='lat' dir='ltr'>herciscundae,</span> <span class='ocrx_word' id='word_1_209' title='bbox 539 3189 712 3255; x_wconf 83' lang='lat' dir='ltr'>communi</span> <span class='ocrx_word' id='word_1_210' title='bbox 727 3188 928 3270; x_wconf 82' lang='lat' dir='ltr'>diuidundo,</span> <span class='ocrx_word' id='word_1_211' title='bbox 952 3189 1169 3257; x_wconf 79' lang='lat' dir='ltr'>interdictum</span> <span class='ocrx_word' id='word_1_212' title='bbox 1192 3189 1243 3256; x_wconf 82' lang='lat' dir='ltr'>uti</span> <span class='ocrx_word' id='word_1_213' title='bbox 1253 3189 1360 3273; x_wconf 83' lang='lat' dir='ltr'>porri-</span> 
     </span>
     <span class='ocr_line' id='line_1_25' title="bbox 177 3310 462 3391; baseline -0.007 -15"><span class='ocrx_word' id='word_1_214' title='bbox 177 3311 273 3391; x_wconf 76' lang='lat' dir='ltr'>detir‚</span> <span class='ocrx_word' id='word_1_215' title='bbox 296 3310 415 3377; x_wconf 66' lang='lat' dir='ltr'>umtbi</span> <span class='ocrx_word' id='word_1_216' title='bbox 431 3331 462 3376; x_wconf 73' lang='lat' dir='ltr'>a.</span> 
     </span>
    </p>

    <p class='ocr_par' dir='ltr' id='par_1_6' title="bbox 174 3433 1360 3768">
     <span class='ocr_line' id='line_1_26' title="bbox 267 3433 1360 3524; baseline 0.003 -24"><span class='ocrx_word' id='word_1_217' title='bbox 267 3433 303 3520; x_wconf 79' lang='lat'>3)</span> <span class='ocrx_word' id='word_1_218' title='bbox 326 3435 460 3499; x_wconf 87' lang='lat' dir='ltr'>Demum</span> <span class='ocrx_word' id='word_1_219' title='bbox 484 3438 653 3520; x_wconf 87' lang='lat' dir='ltr'>quaeritur</span> <span class='ocrx_word' id='word_1_220' title='bbox 667 3454 711 3499; x_wconf 89' lang='lat' dir='ltr'>au</span> <span class='ocrx_word' id='word_1_221' title='bbox 733 3436 869 3501; x_wconf 70' lang='lat' dir='ltr'>mixtae</span> <span class='ocrx_word' id='word_1_222' title='bbox 885 3437 1029 3502; x_wconf 88' lang='lat' dir='ltr'>actiones</span> <span class='ocrx_word' id='word_1_223' title='bbox 1052 3436 1122 3502; x_wconf 88' lang='lat' dir='ltr'>dari</span> <span class='ocrx_word' id='word_1_224' title='bbox 1137 3438 1269 3524; x_wconf 90' lang='lat' dir='ltr'>possint,</span> <span class='ocrx_word' id='word_1_225' title='bbox 1286 3457 1360 3523; x_wconf 89' lang='lat' dir='ltr'>qua·</span> 
     </span>
     <span class='ocr_line' id='line_1_27' title="bbox 175 3554 1358 3644; baseline 0.005 -26"><span class='ocrx_word' id='word_1_226' title='bbox 175 3559 272 3619; x_wconf 76' lang='lat' dir='ltr'>tentas</span> <span class='ocrx_word' id='word_1_227' title='bbox 303 3554 489 3621; x_wconf 84' lang='lat' dir='ltr'>coalescant</span> <span class='ocrx_word' id='word_1_228' title='bbox 517 3557 677 3621; x_wconf 87' lang='lat' dir='ltr'>elemento</span> <span class='ocrx_word' id='word_1_229' title='bbox 707 3557 887 3641; x_wconf 79' lang='lat' dir='ltr'>personati</span> <span class='ocrx_word' id='word_1_230' title='bbox 918 3561 951 3621; x_wconf 89' lang='lat' dir='ltr'>et</span> <span class='ocrx_word' id='word_1_231' title='bbox 973 3557 1070 3631; x_wconf 87' lang='lat' dir='ltr'>reali,</span> <span class='ocrx_word' id='word_1_232' title='bbox 1101 3578 1158 3624; x_wconf 87' lang='lat' dir='ltr'>seu</span> <span class='ocrx_word' id='word_1_233' title='bbox 1188 3577 1248 3643; x_wconf 88' lang='lat' dir='ltr'>per</span> <span class='ocrx_word' id='word_1_234' title='bbox 1278 3578 1358 3644; x_wconf 88' lang='lat' dir='ltr'>quas</span> 
     </span>
     <span class='ocr_line' id='line_1_28' title="bbox 174 3681 1357 3768; baseline 0 -22"><span class='ocrx_word' id='word_1_235' title='bbox 174 3683 294 3766; x_wconf 84' lang='lat' dir='ltr'>agatur</span> <span class='ocrx_word' id='word_1_236' title='bbox 325 3685 392 3744; x_wconf 87' lang='lat' dir='ltr'>turn</span> <span class='ocrx_word' id='word_1_237' title='bbox 422 3681 456 3744; x_wconf 93' lang='lat' dir='ltr'>in</span> <span class='ocrx_word' id='word_1_238' title='bbox 478 3700 647 3766; x_wconf 89' lang='lat' dir='ltr'>personam</span> <span class='ocrx_word' id='word_1_239' title='bbox 678 3687 746 3747; x_wconf 88' lang='lat' dir='ltr'>tum</span> <span class='ocrx_word' id='word_1_240' title='bbox 770 3684 803 3746; x_wconf 92' lang='lat' dir='ltr'>in</span> <span class='ocrx_word' id='word_1_241' title='bbox 832 3701 920 3758; x_wconf 89' lang='lat' dir='ltr'>rem;</span> <span class='ocrx_word' id='word_1_242' title='bbox 948 3683 1049 3749; x_wconf 86' lang='lat' dir='ltr'>veluti</span> <span class='ocrx_word' id='word_1_243' title='bbox 1073 3685 1099 3748; x_wconf 92' lang='lat' dir='ltr'>si</span> <span class='ocrx_word' id='word_1_244' title='bbox 1130 3685 1200 3768; x_wconf 89' lang='lat' dir='ltr'>quis</span> <span class='ocrx_word' id='word_1_245' title='bbox 1223 3683 1264 3750; x_wconf 92' lang='lat' dir='ltr'>ab</span> <span class='ocrx_word' id='word_1_246' title='bbox 1294 3684 1357 3747; x_wconf 90' lang='lat' dir='ltr'>alio</span> 
     </span>
    </p>
   </div>
   <div class='ocr_carea' id='block_1_6' title="bbox 174 3805 1485 3892">
    <p class='ocr_par' dir='ltr' id='par_1_7' title="bbox 174 3805 1485 3892">
     <span class='ocr_line' id='line_1_29' title="bbox 174 3805 1485 3892; baseline 0.002 -22"><span class='ocrx_word' id='word_1_247' title='bbox 174 3810 265 3888; x_wconf 85' lang='lat' dir='ltr'>petat</span> <span class='ocrx_word' id='word_1_248' title='bbox 287 3825 359 3871; x_wconf 90' lang='lat' dir='ltr'>rem</span> <span class='ocrx_word' id='word_1_249' title='bbox 382 3825 472 3871; x_wconf 87' lang='lat' dir='ltr'>suam</span> <span class='ocrx_word' id='word_1_250' title='bbox 495 3813 529 3872; x_wconf 91' lang='lat' dir='ltr'>et</span> <span class='ocrx_word' id='word_1_251' title='bbox 550 3805 801 3882; x_wconf 84' lang='lat' dir='ltr'>indemnitatem,</span> <span class='ocrx_word' id='word_1_252' title='bbox 826 3828 884 3872; x_wconf 91' lang='lat' dir='ltr'>seu</span> <span class='ocrx_word' id='word_1_253' title='bbox 908 3810 1018 3892; x_wconf 86' lang='lat' dir='ltr'>quanti</span> <span class='ocrx_word' id='word_1_254' title='bbox 1043 3809 1186 3888; x_wconf 88' lang='lat' dir='ltr'>interest,</span> <span class='ocrx_word' id='word_1_255' title='bbox 1201 3827 1269 3872; x_wconf 90' lang='lat' dir='ltr'>rem</span> <span class='ocrx_word' id='word_1_256' title='bbox 1300 3805 1357 3872; x_wconf 89' lang='lat' dir='ltr'>ab·</span> <span class='ocrx_word' id='word_1_257' title='bbox 1479 3879 1485 3887; x_wconf 59' lang='grc'><strong><em>,</em></strong></span> 
     </span>
    </p>
   </div>
   <div class='ocr_carea' id='block_1_7' title="bbox 172 3903 1358 4512">
    <p class='ocr_par' dir='ltr' id='par_1_8' title="bbox 172 3903 1358 4512">
     <span class='ocr_line' id='line_1_30' title="bbox 175 3903 1358 4018; baseline 0.003 -24"><span class='ocrx_word' id='word_1_258' title='bbox 175 3903 274 3998; x_wconf 81' lang='lat' dir='ltr'>latam</span> <span class='ocrx_word' id='word_1_259' title='bbox 298 3931 503 4008; x_wconf 83' lang='lat' dir='ltr'>non-fuisse;</span> <span class='ocrx_word' id='word_1_260' title='bbox 527 3951 610 4016; x_wconf 90' lang='lat' dir='ltr'>quae</span> <span class='ocrx_word' id='word_1_261' title='bbox 633 3936 717 3998; x_wconf 86' lang='lat' dir='ltr'>actio</span> <span class='ocrx_word' id='word_1_262' title='bbox 741 3932 870 3998; x_wconf 88' lang='lat' dir='ltr'>ridetur</span> <span class='ocrx_word' id='word_1_263' title='bbox 895 3932 992 3998; x_wconf 88' lang='lat' dir='ltr'>realis</span> <span class='ocrx_word' id='word_1_264' title='bbox 1014 3952 1078 4016; x_wconf 88' lang='lat' dir='ltr'>qua</span> <span class='ocrx_word' id='word_1_265' title='bbox 1101 3933 1180 4018; x_wconf 89' lang='lat' dir='ltr'>petit</span> <span class='ocrx_word' id='word_1_266' title='bbox 1195 3951 1274 4014; x_wconf 90' lang='lat' dir='ltr'>rem,</span> <span class='ocrx_word' id='word_1_267' title='bbox 1288 3952 1358 4018; x_wconf 90' lang='lat' dir='ltr'>per·</span> 
     </span>
     <span class='ocr_line' id='line_1_31' title="bbox 175 4055 1356 4142; baseline 0 -20"><span class='ocrx_word' id='word_1_268' title='bbox 175 4056 388 4140; x_wconf 65' lang='lat' dir='ltr'>accolisque</span> <span class='ocrx_word' id='word_1_269' title='bbox 410 4057 534 4121; x_wconf 87' lang='lat' dir='ltr'>instans</span> <span class='ocrx_word' id='word_1_270' title='bbox 557 4055 737 4123; x_wconf 83' lang='lat' dir='ltr'>indemnem</span> <span class='ocrx_word' id='word_1_271' title='bbox 762 4055 835 4122; x_wconf 88' lang='lat' dir='ltr'>fieri</span> <span class='ocrx_word' id='word_1_272' title='bbox 852 4057 1003 4142; x_wconf 83' lang='lat' dir='ltr'>postulat.</span> <span class='ocrx_word' id='word_1_273' title='bbox 1022 4056 1115 4122; x_wconf 88' lang='lat' dir='ltr'>Hanc</span> <span class='ocrx_word' id='word_1_274' title='bbox 1139 4059 1356 4140; x_wconf 86' lang='lat' dir='ltr'>quaestionem</span> 
     </span>
     <span class='ocr_line' id='line_1_32' title="bbox 175 4180 1357 4268; baseline 0.004 -25"><span class='ocrx_word' id='word_1_275' title='bbox 175 4181 219 4244; x_wconf 84' lang='lat' dir='ltr'>ita</span> <span class='ocrx_word' id='word_1_276' title='bbox 242 4185 352 4246; x_wconf 87' lang='lat' dir='ltr'>moret</span> <span class='ocrx_word' id='word_1_277' title='bbox 374 4181 570 4246; x_wconf 88' lang='lat' dir='ltr'>Iustinianus</span> <span class='ocrx_word' id='word_1_278' title='bbox 595 4181 690 4261; x_wconf 82' lang='lat' dir='ltr'>(inst.</span> <span class='ocrx_word' id='word_1_279' title='bbox 716 4181 778 4254; x_wconf 85' lang='lat' dir='ltr'>IV,</span> <span class='ocrx_word' id='word_1_280' title='bbox 810 4182 845 4268; x_wconf 79' lang='lat'>6)</span> <span class='ocrx_word' id='word_1_281' title='bbox 869 4181 980 4247; x_wconf 87' lang='lat' dir='ltr'>aiens:</span> <span class='ocrx_word' id='word_1_282' title='bbox 1009 4180 1226 4252; x_wconf 77' lang='lat' dir='ltr'>«Quaedam</span> <span class='ocrx_word' id='word_1_283' title='bbox 1254 4182 1357 4249; x_wconf 84' lang='lat' dir='ltr'>aelio·</span> 
     </span>
     <span class='ocr_line' id='line_1_33' title="bbox 173 4301 1357 4387; baseline 0.003 -20"><span class='ocrx_word' id='word_1_284' title='bbox 173 4320 234 4367; x_wconf 79' lang='lat' dir='ltr'>uer</span> <span class='ocrx_word' id='word_1_285' title='bbox 256 4303 407 4369; x_wconf 71' lang='lat' dir='ltr'>mixtum</span> <span class='ocrx_word' id='word_1_286' title='bbox 422 4321 563 4368; x_wconf 83' lang='lat' dir='ltr'>causum</span> <span class='ocrx_word' id='word_1_287' title='bbox 579 4301 728 4369; x_wconf 61' lang='lat' dir='ltr'>uomere</span> <span class='ocrx_word' id='word_1_288' title='bbox 749 4303 919 4375; x_wconf 79' lang='lat' dir='ltr'>uidentur,</span> <span class='ocrx_word' id='word_1_289' title='bbox 944 4303 981 4367; x_wconf 82' lang='lat' dir='ltr'>iu</span> <span class='ocrx_word' id='word_1_290' title='bbox 1005 4323 1201 4387; x_wconf 81' lang='lat' dir='ltr'>remquam</span> <span class='ocrx_word' id='word_1_291' title='bbox 1224 4303 1261 4370; x_wconf 80' lang='lat' dir='ltr'>iu</span> <span class='ocrx_word' id='word_1_292' title='bbox 1279 4323 1357 4387; x_wconf 83' lang='lat' dir='ltr'>per·</span> 
     </span>
     <span class='ocr_line' id='line_1_34' title="bbox 172 4423 1356 4512; baseline -0.002 -22"><span class='ocrx_word' id='word_1_293' title='bbox 172 4442 319 4506; x_wconf 76' lang='lat' dir='ltr'>aonam5</span> <span class='ocrx_word' id='word_1_294' title='bbox 342 4424 455 4509; x_wconf 80' lang='lat' dir='ltr'>quatis</span> <span class='ocrx_word' id='word_1_295' title='bbox 477 4429 526 4490; x_wconf 86' lang='lat' dir='ltr'>est</span> <span class='ocrx_word' id='word_1_296' title='bbox 547 4423 702 4506; x_wconf 79' lang='lat' dir='ltr'>familiae</span> <span class='ocrx_word' id='word_1_297' title='bbox 725 4423 973 4490; x_wconf 70' lang='lat' dir='ltr'>termseuudae</span> <span class='ocrx_word' id='word_1_298' title='bbox 989 4423 1108 4489; x_wconf 85' lang='lat' dir='ltr'>actio...</span> <span class='ocrx_word' id='word_1_299' title='bbox 1132 4425 1211 4490; x_wconf 83' lang='lat' dir='ltr'>item</span> <span class='ocrx_word' id='word_1_300' title='bbox 1235 4424 1356 4512; x_wconf 80' lang='lat' dir='ltr'>ficium</span> 
     </span>
    </p>
   </div>
   <div class='ocr_carea' id='block_1_8' title="bbox 0 0 1680 5117">
    <p class='ocr_par' dir='ltr' id='par_1_9' title="bbox 0 0 1680 5117">
     <span class='ocr_line' id='line_1_35' title="bbox 0 0 1680 5117; baseline 0 3"><span class='ocrx_word' id='word_1_301' title='bbox 0 0 1680 5117; x_wconf 95' lang='lat' dir='ltr'> </span> 
     </span>
    </p>
   </div>
  </div>
 </body>
</html>
