3350 5117
515 314 561 361 DE
584 313 724 362 1un1ci1s
754 313 1021 361 noctustns'rlcrs
1293 297 1360 363 585
1446 286 1448 291 Ι

271 439 305 522 4)
321 439 499 504 Praeterea
518 436 682 504 instantia
696 436 806 502 iudicii
821 438 993 523 perimitur
1015 439 1106 524 lapsu
1125 438 1290 524 temporis,
1306 438 1360 503 rel
1485 485 1487 490 -

180 563 312 629 deserta
335 564 525 630 declaratur
546 582 567 627 a
589 563 704 637 iudice,
729 567 787 628 aut
810 563 1058 629 renunciatione
1082 563 1291 649 extinguitur.
1369 562 1372 570 ’

272 690 349 774 Ipsa
371 693 481 754 autem
496 688 640 772 quaestio
656 686 813 753 iudicialis
827 686 881 753 vel
903 688 1167 769 extraiudicialis,

274 814 307 902 1)
330 814 384 881 vel
398 815 502 880 amice
525 835 585 900 per
608 813 873 898 compromissum
896 818 953 880 aut
975 815 1264 879 transactionema
1286 833 1359 901 par-

183 940 267 1006 tibus
298 942 510 1026 componitur,
532 946 589 1005 aut

273 1062 308 1147 2)
332 1063 578 1129 renunciatione
600 1063 682 1127 iuris
703 1061 846 1148 legitimo
869 1060 963 1127 modo
987 1060 1082 1127 facta.

276 1190 323 1254 lle
344 1187 436 1253 hisce
458 1187 561 1253 modis
582 1208 640 1253 sno
655 1188 728 1282 loco
744 1188 807 1251 iam
826 1188 965 1273 egimus3
982 1206 1069 1253 nunc
1084 1187 1243 1274 agendum
1259 1192 1308 1253 est
1323 1187 1363 1253 de

184 1316 345 1380 sententia
363 1313 515 1394 iudiciali,
528 1317 638 1398 utpote
653 1332 735 1397 quae
751 1312 916 1379 constituit
931 1311 1106 1397 legitimam
1119 1317 1152 1379 et
1166 1311 1363 1378 ordinariam

184 1440 382 1521 quaestionis
404 1437 561 1503 iudicialis
584 1435 813 1503 definitionem.

275 1560 352 1626 601.
370 1561 541 1627 Sententia.
558 1580 637 1626 vero
660 1562 693 1625 in
717 1560 833 1625 iudicio
856 1559 1034 1627 ordinario
1051 1580 1125 1625 suas
1149 1558 1290 1644 exquirit
1312 1580 1364 1625 so-

185 1686 369 1751 lemnitates
384 1684 426 1750 ad
440 1685 651 1761 validitatem
665 1686 698 1751 in
711 1685 901 1753 summario
918 1691 1025 1752 autem
1041 1686 1219 1752 sententiae
1231 1686 1280 1751 vis
1295 1704 1367 1772 pro

186 1811 259 1897 pria
282 1812 462 1896 inspicitur,
479 1814 602 1877 attenta
625 1812 694 1875 eius
717 1812 835 1874 natura
857 1810 976 1895 absque
1000 1811 1081 1877 iuris
1103 1812 1196 1896 posit.
1221 1810 1367 1877 solemni-

188 1934 315 2001 tatibus.
331 1925 536 2020 Quapropter
550 1932 722 1998 videndum
738 1938 789 1997 est
799 1932 840 1998 de
856 1937 974 1997 natura
986 1939 1018 2000 et
1030 1925 1283 2000 solemnitatibus
1298 1952 1368 1999 sen-

187 2062 311 2124 tentiae
328 2058 495 2134 iudicialis,
513 2057 599 2124 unde
610 2059 749 2143 primum
765 2058 891 2123 titulum
907 2058 1125 2125 inscribimus:
1142 2059 1192 2125 De
1203 2058 1366 2153 sententia

188 2181 353 2248 iudiciali.
376 2181 460 2256 Quia
482 2181 662 2246 sententiae
680 2180 708 2245 si
731 2181 836 2245 minus
860 2186 970 2247 rectae
993 2181 1173 2255 videantur,
1189 2182 1310 2266 petitur
1334 2185 1368 2246 ut

188 2304 407 2389 corrigantur,
432 2302 667 2376 rescindantur,
692 2308 749 2369 aut
773 2308 972 2369 revocentur
995 2323 1014 2367 a
1037 2303 1202 2379 iudicibus,
1226 2303 1369 2371 succedit

188 2423 272 2489 alius
294 2424 424 2490 titulus:
447 2424 498 2491 De
512 2424 674 2491 remediis
695 2424 744 2489 ad
765 2424 968 2491 sententiam
989 2424 1265 2511 impuqnaadum
1287 2426 1368 2512 lepi-

189 2549 289 2615 timis.

279 2676 448 2743 Sententia
470 2694 551 2740 vero
574 2675 642 2739 sive
672 2674 797 2758 primae
819 2674 888 2739 sive
911 2673 1072 2739 secundae
1095 2675 1162 2739 sive
1186 2676 1302 2740 tertiae
1325 2676 1371 2741 in·

191 2802 341 2876 stantiae,
361 2805 433 2887 post
449 2804 574 2865 certum
595 2805 722 2885 tempus
738 2796 887 2865 efformet
910 2799 959 2863 ius
974 2796 1112 2881 firmum,
1128 2819 1184 2865 seu
1207 2801 1324 2867 transit
1337 2802 1371 2865 in

190 2944 266 2990 rem
288 2924 488 2998 iudicatum,
513 2924 599 2990 unde
621 2924 739 2990 tertius
769 2924 901 3010 ponitur
923 2924 1050 2991 titulus:
1073 2924 1128 2991 De
1149 2944 1188 2991 re
1209 2924 1370 2993 iudicata.

192 3048 335 3115 Tandem
359 3070 434 3115 cum
458 3050 491 3113 in
514 3049 720 3116 conclusione
743 3049 853 3115 iudicii
877 3070 1006 3137 semper
1028 3050 1150 3119 incidat
1172 3052 1316 3139 quaestio
1332 3052 1371 3117 de

166 3213 169 3219 ,
193 3176 345 3259 expensis
369 3173 577 3248 iudicialibus,
593 3176 702 3259 agitur
725 3175 758 3239 iu
782 3178 899 3258 quarto
915 3176 1022 3241 titulo:
1040 3176 1090 3242 De
1113 3176 1273 3261 eremas
1287 3177 1372 3245 iudi-

174 3298 344 3367 euauua.
846 3290 854 3302 ’
