3350 5117
315 335 383 401 200
839 355 924 402 rans
948 358 970 401 r.

314 495 434 542 vocare
450 476 605 562 quaedam
620 477 787 550 vocabula,
805 477 1012 562 respicientia
1035 477 1210 554 actionem,
1227 478 1282 544 ius
1297 484 1490 545 controver-

314 619 391 666 sum
414 606 445 667 et
466 600 579 684 ipsam
602 599 867 667 controuersiam
890 599 1150 674 iudicauerunt
1173 601 1359 668 eorumdem
1383 601 1492 668 decla-

314 730 407 792 retur
429 726 570 810 genuina
592 721 793 810 significatio.
818 760 862 773 —
887 725 977 788 Haeo
1009 725 1164 790 vocabula
1195 732 1285 793 sunt:
1317 727 1490 800 instantio,

314 865 429 921 causa,
453 852 571 930 quaesi
572 846 615 920 io,
640 845 690 912 tis

403 969 571 1035 testantia
594 975 641 1034 est
664 967 866 1034 emarcidum
883 969 1036 1050 acdona,
1049 969 1132 1054 quod
1156 971 1295 1036 habetur
1317 969 1357 1036 ab
1383 970 1508 1057 irnplo¹

402 1047 566 1072 *nnn--

314 1093 440 1158 ratione
463 1093 570 1160 iudicii
594 1113 695 1178 usque
718 1092 757 1157 ad
781 1113 838 1157 sen
842 1095 972 1158 tentiam
990 1092 1110 1161 definit'
1087 1102 1196 1161 t1.vam
1213 1097 1295 1162 Nam
1315 1096 1493 1180 actioque
1536 1179 1537 1182 Ἴ

312 1222 396 1303 talis,
412 1221 511 1286 dicit'
477 1226 553 1288 tius
576 1219 769 1286 defendendi
793 1219 910 1285 iudicio
932 1225 1065 1307 propria
1088 1225 1175 1299 iura3
1192 1223 1271 1288 sed'
1265 1243 1313 1288 ius
1329 1222 1399 1288 dist
1377 1223 1492 1308 tingui·

312 1349 368 1409 tur
390 1347 430 1412 ab
454 1347 611 1412 exercitio
634 1345 723 1416 iuris,
745 1349 777 1409 et
800 1346 935 1428 quisque
958 1347 1020 1410 iuri
1045 1367 1102 1413 suo
1126 1349 1332 1428 renunciare,
1355 1349 1407 1412 vel
1432 1367 1492 1433 per

313 1470 395 1534 alios
417 1489 575 1534 exercere
598 1475 712 1554 potest.
739 1467 825 1533 Hinc
858 1470 890 1532 in
923 1470 943 1534 l.
968 1470 1001 1550 5,
1026 1471 1150 1556 §6175
1175 1471 1225 1536 De
1252 1471 1329 1538 doto
1352 1473 1491 1537 aaudiat

313 1601 390 1662 met.
415 1600 541 1677 accept.
563 1594 762 1660 advertitur:
782 1612 801 1656 ‹
821 1594 906 1660 Cum
930 1601 1025 1662 actor
1039 1596 1177 1681 quidem
1193 1597 1229 1661 ia
1244 1615 1307 1662 sua
1326 1601 1491 1679 potestate

314 1717 434 1783 trabeae
456 1718 595 1802 quando
611 1721 729 1782 utatur
743 1716 819 1780 iure
841 1735 902 1781 sao
919 1737 953 1792 »3
972 1722 1004 1781 et
1027 1717 1089 1782 hoc
1113 1719 1263 1802 congruit
1279 1719 1411 1804 regulae
1427 1721 1490 1782 iam

313 1841 503 1925 explicatae:
530 1841 655 1906 inuitas
677 1859 781 1926 opera
803 1860 904 1906 acmo
930 1841 1070 1926 copitar.
1089 1840 1216 1906 Exinde
1243 1842 1389 1907 actiones
1413 1839 1491 1920 (non

311 1969 516 2054 instantiae),
533 1969 639 2058 rendi,
657 1968 771 2033 donari
788 1972 929 2053 possunt.
949 1969 1037 2054 Ergo
1060 1969 1211 2033 instantia
1230 1967 1435 2054 distinguitur
1450 1966 1490 2030 ab

312 2099 449 2168 actione,
463 2097 510 2160 uti
525 2093 606 2158 iuris
621 2093 810 2156 exercitium
827 2111 848 2156 a
864 2094 996 2176 proprio
1012 2093 1100 2156 iure:
1127 2097 1248 2166 tarraco,
1270 2090 1311 2158 ob
1333 2091 1491 2156 intimam

311 2219 521 2304 affinitatem,
544 2218 644 2302 culpo
668 2215 740 2280 sine
763 2214 962 2280 discrimine
984 2221 1211 2298 usurpantur.

404 2342 558 2415 Quaestio
582 2345 631 2404 est
653 2341 757 2442 Qtius
780 2340 788 2401 i
813 2357 882 2404 sum
901 2340 949 2403 ius
972 2345 1216 2405 controversum
1234 2341 1266 2404 in
1281 2339 1397 2405 iudicio
1415 2358 1492 2403 non-

311 2469 387 2535 dum
406 2426 594 2540 deduc-ium
619 2485 724 2575 caasa
746 2465 797 2530 ius
821 2468 1092 2564 controversum
1085 2486 1116 2530 1n
1134 2465 1282 2532 iudicium
1299 2465 1490 2566 Qu&

249 2636 252 2641 ·
311 2595 353 2660 tis
369 2594 447 2658 est
437 2612 508 2682 ipsa
524 2590 718 2675 quaestionis
736 2591 868 2676 agitatio
885 2589 918 2656 in
937 2589 1052 2653 iudicio
1076 2595 1129 2654 act
1092 2553 1257 2655 torem
1238 2591 1323 2658 nte
1339 2593 1489 2657 atreum

404 2716 476 2780 170.
501 2714 628 2779 Actioni
653 2731 794 2777 consona
817 2717 867 2776 est
884 2712 1046 2794 exceptio,
1061 2732 1133 2776 narn
1150 2712 1389 2804 exceptio
1314 2716 1364 2776 est
1379 2711 1492 2802 modus

312 2836 591 2923 defensionisque
615 2833 740 2900 directe
762 2832 884 2917 aliquid
908 2834 1080 2918 opponitur
1106 2821 1278 2899 instantiae
1301 2833 1427 2917 agentis
1449 2831 1491 2895 ad

306 2944 399 3024 illam
423 2957 666 3022 excludendam.
691 2957 897 3041 Quapropter
921 2956 996 3038 quia
1018 2957 1122 3020 omnis
1152 2954 1296 3019 defensio
1322 2953 1425 3018 tendit
1448 2953 1491 3018 ad

309 3083 549 3171 infringendam
566 3085 691 3169 agentis
705 3084 899 3152 instantiam
914 3083 940 3147 si
958 3084 1054 3168 torpe
1077 3099 1239 3146 sumamus
1254 3085 1371 3165 except
1358 3083 1489 3155 tionem

311 3212 415 3274 omnis
437 3208 582 3273 defensio
606 3214 653 3271 ost
677 3209 842 3294 exceptio;
868 3209 894 3270 si
918 3225 998 3271 vero
1020 3207 1142 3278 sttdctc
1167 3212 1245 3271 tuno
1269 3207 1416 3302 exceptio
1440 3211 1491 3269 est

311 3335 424 3432 modus
446 3295 595 3423 specialis
615 3332 820 3401 defensionis
833 3351 896 3415 quo
920 3332 1046 3397 directe
1068 3337 1272 3418 oppugnatur
1296 3331 1343 3394 vis
1367 3332 1491 3395 instan-

311 3459 386 3530 tiae,
400 3476 524 3542 nempe,
538 3456 674 3520 actionis
690 3455 847 3520 iudicialis
864 3454 904 3518 ad
922 3455 1008 3518 illam
1025 3453 1183 3518 excluden
1187 3453 1269 3522 dam
1283 3459 1316 3520 et
1327 3451 1489 3520 definitur:

271 3645 275 3652 .
310 3580 461 3649 ecclesio
485 3581 636 3648 acdona.
661 3579 872 3664 Exceptionis
895 3579 1031 3644 intentio
1053 3585 1159 3642 autem
1184 3577 1343 3662 dirigitur,

403 3705 433 3792 1)
458 3710 512 3770 aut
536 3706 722 3792 contraius
745 3704 874 3774 actoris,
899 3721 1015 3787 nempe
1039 3702 1138 3786 ipsam
1163 3702 1322 3765 actionem
1346 3719 1402 3765 seu
1426 3719 1491 3764 me·

311 3831 409 3896 ritum
433 3847 567 3903 causae;

399 3951 433 4033 2)
457 3955 512 4015 aut
535 3955 649 4016 contra
672 3950 799 4015 modum
823 3948 941 4034 agendi
965 3967 1021 4013 seu
1045 3947 1145 4032 ipsam
1169 3947 1367 4012 instantiam.

401 4076 536 4152 Quando
556 4077 762 4161 impugnatur
784 4045 834 4138 ius
857 4073 982 4158 agentis
1005 4077 1109 4158 potest
1132 4072 1238 4158 excipi
1261 4073 1315 4137 vel
1338 4078 1490 4158 agentem

312 4200 435 4264 nullum
457 4201 507 4264 ius
529 4197 661 4270 habere,
675 4202 708 4262 et
731 4198 878 4282 exceptio
903 4194 1257 4284 diciturlperemtoria
1283 4195 1333 4259 vel
1352 4213 1417 4259 non
1434 4193 1492 4258 ha-

311 4322 390 4388 bere
414 4344 499 4389 nuno
529 4322 655 4408 quando
679 4323 767 4408 petit,
786 4325 818 4387 et
851 4323 999 4406 exceptio
1030 4327 1079 4386 est
1107 4319 1279 4394 dilatoria,
1305 4339 1333 4384 e.
1357 4339 1387 4405 g.
1413 4319 1490 4403 quia

312 4452 404 4512 actor
427 4453 502 4514 ante
525 4453 650 4533 tempus
673 4447 752 4531 petit
775 4445 871 4512 debiti
897 4447 1097 4510 solutionem.
