3350 5117
636 311 741 360 rubr-:n
773 311 893 360 nunus
1290 294 1358 360 675

173 433 315 490 12211116
339 451 400 489 cau.
425 449 481 490 nou
504 433 657 504 requiritur
684 432 846 486 mandatum
864 431 1056 502 scriptumst
1078 431 1229 503 aliquando

279 538 437 594 admittitur
456 542 662 610 praesumptum
683 576 1183 595 ............
1215 557 1282 611 pap.
1307 540 1357 595 153

173 646 233 702 123.
253 647 444 704 Recensentur
456 664 537 702 casus
550 647 578 702 in
591 647 691 718 quibus
703 646 866 702 mandatum
882 645 1002 701 habetur
1020 651 1229 717 praesumptum
1265 663 1284 705 rr
1304 647 1355 703 151

433 886 452 948 5
476 881 499 936 l.
521 883 572 937 Dc
578 892 713 952 potestate
732 892 757 935 ct
776 881 866 952 officio
885 883 1092 952 procuratoris.

172 1076 233 1132 124.
252 1076 362 1138 Quanta
380 1077 417 1165 sit
435 1079 623 1148 procuratoris
642 1082 766 1148 potestas
779 1115 1185 1131 ..........
1216 1095 1283 1148 pap.
1307 1079 1357 1132 156

174 1183 232 1238 125.
252 1185 296 1238 An
315 1183 453 1240 hiemale
472 1185 580 1255 egendo
597 1185 643 1240 vel
662 1184 766 1256 aliquid
785 1184 940 1240 omittendo
959 1189 1059 1241 noceat
1077 1184 1190 1239 domino
1222 1225 1229 1237 .
1267 1200 1284 1241 a
1308 1185 1357 1239 157

172 1291 233 1346 126.
252 1289 389 1346 Mandans
406 1293 440 1347 fit
458 1291 595 1347 indemnis
607 1303 657 1362 per
669 1292 808 1346 actionem
830 1292 964 1347 directam
981 1291 1114 1356 mandati,
1127 1295 1157 1346 et
1169 1306 1232 1362 pro·

279 1404 392 1454 curator
410 1417 460 1471 per
477 1401 615 1456 actionem
635 1400 803 1454 contrariam
822 1400 947 1455 mandati
949 1439 1228 1455 .......
1265 1415 1284 1457 b
1317 1401 1355 1455 ibi

174 1505 233 1570 127.
253 1505 293 1561 De
311 1505 402 1560 officio
421 1507 609 1576 procuratoris
641 1544 1230 1561 ..............
1267 1522 1285 1564 ›
1306 1507 1357 1564 158

174 1613 232 1666 128.
251 1613 297 1667 An
314 1612 360 1668 hic
379 1618 442 1684 post
459 1615 627 1669 sententiam
646 1614 828 1680 definitivam,
841 1615 941 1670 debeat
953 1611 1171 1684 appellationem
1188 1613 1230 1667 iu·

278 1721 427 1788 terponere
446 1734 563 1790 eamque
583 1719 711 1790 prosequi
730 1757 1228 1771 ............
1264 1732 1283 1775 »
1304 1718 1354 1772 160

242 1951 261 2012 ἓ
279 1947 304 2001 2.
325 1947 444 2006 Quinam
458 1955 661 2018 procuratores
680 1947 863 2012 coristituere‚·
882 1949 995 2016 quinum
1014 1945 1145 2000 constitui
1157 1945 1284 2016 possim

298 2103 300 2108 .
401 2063 429 2108 at
447 2055 582 2124 quomodo
601 2055 765 2106 mactatum
780 2053 1014 2122 procuratorium
1033 2060 1128 2107 cesset.

172 2250 231 2306 129.
251 2249 352 2307 Omnes
370 2265 425 2305 non
445 2248 587 2318 prohibiti,
601 2254 715 2318 possunt
734 2254 942 2320 procuratorem
962 2250 1141 2307 constituero
1163 2249 1231 2311 Qui·

278 2372 343 2409 uem
362 2353 563 2424 prohibeantur
593 2392 1182 2408 ..............
1215 2372 1284 2425 paq.
1306 2355 1354 2410 161

173 2457 232 2512 130.
251 2459 362 2526 Omnes,
381 2474 435 2513 non
455 2458 596 2529 prohibiti,
610 2463 725 2528 possunt
738 2474 799 2513 esse
811 2463 1012 2529 procuratores.
1026 2459 1145 2522 Quinam
1166 2477 1229 2530 pro·
1320 2467 1323 2476 '

278 2562 428 2618 hibeuntur
461 2601 1227 2618 ...................
1264 2582 1283 2624 t
1305 2566 1355 2622 163

172 2666 231 2721 131.
252 2666 290 2722 De
309 2666 398 2721 modis
415 2667 515 2738 quibus
534 2671 624 2722 cessat
643 2667 802 2722 mandatum
823 2667 1054 2737 procuratorium.
1074 2667 1186 2724 Ceam:

315 2771 344 2826 1⁰
362 2772 461 2827 Mutuo
480 2789 615 2828 consensu
642 2811 1229 2828 .............
1268 2792 1287 2834 a
1307 2777 1359 2832 165

314 2879 344 2930 2ο
362 2877 552 2934 Revocatione
554 2917 1230 2934 ................
1268 2897 1286 2939 ›
1307 2882 1358 2937 166

313 2986 343 3041 30
362 2985 585 3042 Renunciatione
596 3027 1231 3042 ...............
1269 3005 1287 3047 r
1307 2990 1359 3045 168

313 3095 343 3146 4⁰
362 3093 482 3164 Expleto
499 3094 631 3150 mandato
640 3135 1230 3151 ..............
1267 3114 1285 3156 ›
1307 3100 1358 3154 168

313 3199 343 3253 5ο
361 3198 454 3254 Morte
471 3200 676 3268 constituentis,
695 3218 725 3257 ra
744 3202 834 3256 adhuc
854 3203 965 3272 integra
994 3241 1226 3258 ......
1264 3219 1282 3262 r>
1315 3207 1358 3274 ibi

231 3369 233 3374 Ι
313 3303 344 3357 6⁰
363 3304 455 3361 Morte
474 3309 663 3376 procuratoris
691 3347 1232 3365 .............
1269 3328 1288 3370 a
1309 3313 1360 3367 169

679 3521 775 3576 Cnrur
796 3521 842 3576 Vl.

480 3665 512 3698 DE
528 3665 663 3699 ADVOCATO
680 3667 725 3699 SEU
742 3667 922 3702 rrocuurous
939 3669 1041 3706 HSCAU·

172 3838 231 3892 132.
250 3839 411 3896 Advocatus
429 3839 516 3895 fiscal.
535 3841 617 3896 deb'et
636 3843 708 3896 tueri
729 3843 789 3897 iura
808 3844 918 3899 fiscalia
959 3885 1188 3900 ......
1219 3865 1286 3924 pap.
1308 3849 1360 3903 170

170 3941 231 4000 133.
253 3945 328 4000 Haeo
348 3946 438 4002 tutela
455 3951 498 4002 est
516 3948 625 4002 diversa
644 3962 693 4017 pro
711 3949 820 4003 diversa
838 3951 1016 4020 negotiorum
1036 3958 1138 4006 ustura
1175 3991 1182 4004 .
1221 3993 1228 4006 .
1266 3955 1353 4011 »171

172 4048 230 4104 134.
249 4050 408 4122 Aliquando
426 4053 504 4107 Proc.
525 4053 594 4106 riso.
613 4053 675 4127 ugit
694 4071 838 4123 personam
862 4055 1044 4127 principalem
1063 4059 1093 4112 iu
1111 4058 1222 4114 iudicio.
1260 4076 1279 4118 >
1315 4063 1343 4116 ih

170 4156 230 4212 135.
249 4156 363 4218 Quando
382 4174 448 4214 vero
467 4164 497 4214 et
514 4159 651 4230 quomodo
670 4159 723 4216 hoc
744 4167 888 4232 competet
907 4163 986 4218 Proc.
1007 4165 1118 4235 Fiscali,
1139 4166 1233 4223 deter-
1423 4135 1426 4140 ι

275 4265 397 4321 minatur
415 4283 432 4321 a
450 4267 512 4323 iure
530 4268 650 4338 positivo
678 4309 1227 4331 .............
1265 4293 1284 4335 »
1317 4281 1357 4334 ibi

170 4367 230 4424 136.
248 4369 319 4431 Quid
335 4375 441 4426 statuat
460 4373 504 4426 ius
521 4373 693 4428 canonicum.
713 4375 811 4432 Testes
829 4378 978 4448 synodales
999 4420 1229 4438 ......
1267 4399 1285 4442 »
1306 4387 1357 4441 172
