3350 5117
539 342 584 389 nn
615 342 754 391 runrcus
783 342 1049 391 nocuusmsrrms
1316 325 1384 392 503

712 657 824 725 Garun
850 659 876 722 I.

259 850 305 905 DE
326 850 487 907 TESTIUM
507 851 748 907 OBLIGATlONE
768 852 817 906 AD
841 852 1047 909 FERENDUM
1066 851 1329 908 TESTIMONIUM.

208 1041 424 1099 summarium.
437 1072 473 1085 -
486 1044 546 1098 489.
560 1047 605 1099 An
617 1044 738 1099 officium
753 1045 868 1099 testium
889 1046 928 1098 eit
945 1044 1086 1114 publicum
1100 1050 1129 1099 et
1141 1044 1214 1107 hinc,
1228 1062 1262 1099 an
1276 1050 1305 1099 et
1317 1058 1384 1116 quo·

294 1152 374 1206 modo
393 1153 469 1208 cives
486 1153 549 1223 cogi
568 1153 674 1223 possint
695 1152 730 1205 ad
752 1152 825 1207 idem
852 1152 1027 1223 explendum.
1039 1182 1077 1195 -
1097 1152 1326 1213 renouarentur
1350 1150 1383 1205 de

293 1256 374 1309 modo
392 1272 448 1327 quo
465 1256 548 1311 index
566 1257 671 1327 excipit
689 1258 900 1312 attestationem
921 1258 1001 1312 testis
1014 1275 1068 1311 non
1082 1258 1135 1311 sibi
1153 1256 1265 1323 subditi,
1277 1253 1323 1311 vel
1341 1260 1383 1309 te·

295 1364 349 1416 stie
364 1363 502 1432 dignitate
522 1363 697 1433 praestantis.
711 1390 745 1405 ·-
764 1363 827 1417 491.
843 1364 969 1419 Clericus
987 1364 1049 1433 cogi
1069 1379 1123 1416 non
1143 1367 1235 1433 potest
1253 1361 1287 1415 ad
1304 1360 1384 1415 testi·

295 1471 416 1524 monium
436 1470 578 1525 ferendum
598 1487 615 1524 e
634 1470 724 1526 iudice
743 1470 824 1538 laic0,
840 1471 887 1541 qui
906 1470 1020 1540 proinde
1039 1468 1168 1539 Episcopi
1187 1466 1383 1523 auctoritatem

293 1580 422 1633 invocare
442 1578 532 1635 debet.

293 1775 368 1839 489.
393 1776 445 1841 Uti
470 1776 699 1857 consequentia
723 1794 834 1839 rerum
862 1773 955 1839 modo
979 1775 1213 1860 explicatarum
1238 1776 1382 1857 sequitur

203 1903 416 1987 praescriptio
440 1900 527 1966 tituli
549 1900 628 1965 21«
646 1900 696 1966 Dc
719 1900 855 1966 testibus
878 1901 1037 1987 cogendis
1059 1902 1111 1966 nel
1133 1919 1205 1966 nen
1220 1920 1238 1962 ›
1256 1899 1311 1965 lib.
1332 1900 1380 1964 Π.

204 2028 364 2112 Siquidem
387 2047 503 2093 munus
526 2028 617 2094 testis
641 2028 715 2111 qnia
737 2032 787 2092 est
811 2029 930 2111 natura
952 2029 1010 2091 sne
1032 2025 1203 2110 publicum,
1216 2026 1332 2109 quippe
1347 2026 1380 2089 in

202 2152 364 2238 publicum
387 2152 505 2217 bonum
530 2152 563 2215 in
588 2150 712 2217 iudiciis
736 2150 967 2223 exercendum,
993 2152 1087 2214 etiam
1112 2152 1144 2214 in
1169 2149 1320 2216 civilibus
1333 2148 1380 2235 (1)

202 2276 315 2341 cancie
338 2275 484 2341 recusari
506 2295 526 2339 a
549 2275 621 2339 cive
644 2294 707 2338 non
731 2278 846 2358 potest.
872 2240 1012 2358 Expedit
1035 2274 1119 2337 enirn
1136 2272 1330 2358 reipublicae
1345 2275 1380 2337 ut

201 2394 320 2460 iudicia
342 2414 467 2479 quoque
491 2396 598 2461 ciuilia
621 2414 765 2479 congrue
788 2394 1013 2479 expediantur.
1039 2395 1180 2459 Proinde
1203 2399 1301 2459 testes
1315 2394 1379 2457 iam

201 2517 345 2602 legitime
368 2518 457 2583 citati
481 2537 541 2603 per
564 2535 824 2612 poenasquoque
843 2518 915 2603 cogi
942 2523 1083 2602 possunt3
1101 2516 1155 2581 sed
1171 2523 1268 2582 antea
1289 2535 1381 2600 prae·

188 2618 307 2707 ⁸missis
330 2641 597 2707 admonitionibus
621 2648 655 2707 ut
679 2646 891 2726 compareant
914 2642 948 2706 in
972 2641 1121 2706 iudicium
1146 2641 1186 2706 ad
1209 2639 1380 2707 testifican-

201 2764 285 2829 dum.
311 2763 418 2830 Nihilo
449 2766 554 2831 secius
588 2764 713 2845 adsunt,
738 2765 782 2829 uti
813 2765 846 2828 in
882 2767 999 2829 ceteris
1029 2764 1189 2838 oneribus,
1218 2766 1381 2850 legitimae

200 2891 418 2955 excusationis
442 2910 569 2955 causae.

291 3014 400 3089 Quare
424 3022 576 3121 parentes
603 3021 718 3081 contra
741 3015 872 3090 liberos,
898 3016 951 3080 vel
975 3016 1069 3081 liberi
1093 3022 1208 3083 contra
1231 3024 1383 3103 parentes

199 3142 297 3203 testes
322 3158 393 3203 esse
425 3158 490 3202 non
521 3138 721 3225 obligantnr;
752 3138 797 3204 cf.
820 3138 841 3204 l.
868 3139 900 3211 6,
933 3138 1011 3205 Coc.
1040 3139 1070 3203 b.
1101 3146 1121 3204 t.
1145 3147 1179 3206 et
1204 3161 1278 3225 cop.
1302 3143 1327 3208 5
1350 3148 1381 3209 et

198 3264 258 3327 ult.
284 3264 315 3328 h.
341 3269 362 3327 t.
387 3264 420 3327 X
444 3263 499 3348 (ΙΙ,
525 3264 593 3345 21);
621 3266 696 3329 item
721 3236 805 3329 uror
832 3270 950 3331 contra
976 3266 1081 3329 uirum
1105 3271 1139 3330 et
1160 3267 1300 3332 vicissim
1327 3269 1379 3332 vir

200 3391 315 3451 contra
338 3405 475 3451 uxorem
499 3390 531 3449 et
555 3387 587 3449 in
611 3406 732 3471 genere
757 3388 887 3472 cognati
903 3395 936 3451 et
950 3385 1065 3451 affines
1088 3394 1201 3452 contra
1224 3396 1379 3474 cognatos

200 3477 232 3573 et
262 3506 383 3587 affines,
415 3506 610 3572 arctioribus
640 3516 747 3574 tamen
780 3511 946 3594 sanguinis
977 3510 1062 3575 inter
1092 3530 1127 3575 se
1156 3511 1294 3577 vinculis
1320 3512 1378 3577 ad-

199 3630 329 3695 strictos
353 3628 411 3715 (2).
438 3632 491 3697 lus
523 3652 691 3697 commune
723 3634 818 3699 etiam
849 3635 883 3698 in
912 3634 975 3700 hoc
1006 3634 1174 3699 admodum
1201 3635 1308 3701 defert
1334 3639 1379 3702 iu·

199 3752 279 3818 dicis
301 3753 437 3821 arbitrio
461 3755 620 3841 prudenti.
647 3760 685 3823 ln
708 3758 867 3842 aliquibus
895 3761 1010 3840 causis,
1033 3760 1133 3824 veluti
1164 3761 1378 3825 matrimonia-

287 4036 327 4109 (1)
348 4039 405 4092 lmo
424 4039 586 4095 canonistae
599 4045 735 4107 asserunt,
749 4041 777 4094 in
792 4044 886 4095 causis
901 4042 1102 4108 criminalibus,
1114 4040 1211 4096 fideles
1222 4058 1277 4096 non
1290 4059 1378 4114 aeque

197 4141 334 4211 adstringi
353 4143 387 4196 ad
407 4143 603 4199 attestandum.
622 4143 663 4198 Cf.
685 4144 876 4211 Reiffenetnel,
893 4148 920 4200 la
940 4155 957 4198 t
976 4146 1020 4199 20.

287 4248 327 4321 (2)
346 4248 461 4303 Codices
479 4247 605 4303 hodierni
624 4264 744 4320 quonam
764 4250 794 4303 iu
813 4249 901 4319 gradu
928 4251 1112 4319 cognationis,
1130 4253 1328 4323 consanguinei
1348 4259 1378 4309 et

197 4352 293 4407 affines
312 4356 479 4407 excusentur
497 4371 514 4407 a
534 4354 694 4409 testimonio
712 4354 829 4409 dicendo
849 4354 924 4409 inter
937 4371 976 4421 ee,
988 4356 1110 4410 locutive
1129 4355 1328 4413 determinant:
1342 4359 1376 4414 cs.

200 4461 265 4515 Cod.
288 4460 371 4532 Grae.
392 4463 435 4516 cit.
457 4466 475 4527 ἓ
497 4462 566 4515 626.
