3350 5117
295 264 360 330 664
817 287 901 334 rens
924 287 947 334 1.

295 407 392 475 tibus
402 408 516 474 alienis
531 431 563 475 ›.
581 409 735 476 Eandem
756 412 914 476 rationem
930 410 1065 497 praebet
1079 411 1101 476 l.
1118 411 1150 483 6,
1165 413 1201 496 ff.
1220 410 1270 478 De
1284 411 1362 478 dato
1377 411 1474 478 malo

298 533 414 598 ‹Nam
430 533 458 598 is
473 532 594 598 nullum
610 533 738 600 videtur
760 535 922 600 actionem
944 533 1077 607 habere.
1101 536 1155 600 cui
1177 539 1312 621 propter
1332 535 1476 620 inopiam

294 656 474 722 adversarii
500 658 605 724 inanis
628 660 712 724 ectio
736 664 831 725 est».
850 659 992 726 Proinde
1016 666 1131 725 contre
1153 680 1371 746 possessorem
1387 681 1428 725 m.
1447 658 1473 724 f.

295 783 321 848 si
345 783 385 849 sit
408 782 472 858 fur,
485 785 603 868 poterit
626 787 736 870 urgeri
761 785 848 851 aetio
872 784 968 867 furti,
993 783 1049 850 sed
1072 805 1138 849 non
1161 785 1244 851 haec
1266 786 1351 850 actio
1367 784 1473 850 civilis

294 909 513 976 restitutionis
536 909 588 976 rei
610 916 641 976 et
662 910 851 993 fruetuum.

385 1035 459 1102 699.
487 1038 658 1102 Possessor
673 1037 703 1102 b.
721 1037 743 1100 t.
760 1057 840 1101 vero
863 1036 967 1121 quoad
991 1036 1116 1102 tructus
1140 1039 1212 1105 loco
1236 1036 1367 1103 domiai
1385 1053 1480 1118 pene

296 1169 352 1243 est,
374 1183 416 1228 ex
440 1164 461 1228 t.
486 1163 542 1240 48,
564 1167 600 1250 ff.
625 1164 676 1230 De
698 1165 828 1252 acquir.
853 1183 913 1231 rer
940 1165 1042 1247 dam,
1065 1186 1194 1250 nempe:
1220 1165 1373 1231 ‹Baaae
1394 1163 1480 1249 fidei

296 1289 429 1368 emptor
450 1303 521 1351 aaa
551 1285 651 1351 dabie
678 1285 900 1368 pecipieado
922 1284 1058 1367 fructas
1087 1285 1190 1352 etiam
1212 1305 1258 1352 eor
1281 1284 1396 1351 atiena
1416 1305 1477 1359 re,

295 1421 376 1473 suos
397 1405 534 1472 interim
564 1406 662 1489 facit,
686 1425 757 1472 noa
781 1411 914 1471 tantum
945 1407 1084 1492 eosqui
1112 1406 1291 1492 ditiqeutid
1314 1413 1345 1473 et
1366 1405 1480 1490 opera

295 1531 368 1594 eius
386 1535 631 1613 peruenerunt,
655 1530 715 1596 sed
738 1549 866 1604 omues,
888 1531 971 1616 qaia
993 1531 1087 1616 qaod
1109 1529 1160 1596 ad
1177 1528 1313 1613 fruetus
1335 1531 1476 1602 attinet.

298 1657 369 1720 laco
394 1653 524 1720 domiai
547 1671 636 1736 pene
659 1659 715 1720 est.
741 1653 896 1738 Denique
927 1655 1029 1719 etiam
1050 1655 1260 1740 priusquam
1285 1654 1479 1738 pereipiat,

297 1781 411 1846 statim
425 1779 484 1846 ubi
506 1799 529 1844 a
550 1780 621 1846 soto
644 1779 796 1862 separati
820 1783 909 1860 suut,
923 1779 1031 1846 bonae
1052 1779 1133 1865 fidei
1155 1781 1318 1864 emptoris
1339 1781 1428 1865 fiunt
1445 1800 1479 1842 ».

299 1905 389 1970 Haec
412 1903 493 1989 legis
517 1906 678 1987 postrema
701 1901 802 1967 verba
826 1902 994 1988 eleganter
1017 1902 1235 1968 determinant.
1257 1901 1384 1986 quando
1407 1922 1482 1987 pos

297 2048 404 2094 sessor
420 2026 450 2092 b.
467 2026 489 2090 f.
507 2045 581 2090 suos
596 2026 695 2092 faciat
711 2026 847 2091 fruetus.
867 2028 947 2091 Nem
962 2025 1046 2092 solet
1061 2026 1133 2100 dici,
1150 2025 1332 2091 huiusmodi
1350 2025 1481 2092 tructus

294 2152 517 2238 percipiendo
532 2172 606 2217 suos
621 2151 741 2224 lacere,
757 2152 888 2216 ethaeo
902 2153 1067 2237 perceptio
1090 2171 1156 2215 non
1172 2156 1222 2217 est
1236 2149 1384 2236 perlecta
1398 2150 1494 2216 fru·*

299 2281 369 2341 ctus
385 2273 531 2340 collectio
547 2291 603 2340 seu
621 2273 748 2347 utilitas,
762 2273 819 2338 sed
835 2276 904 2359 ipse
920 2278 1011 2338 ectus
1035 2292 1097 2357 quo
1120 2273 1297 2339 naturales
1320 2292 1483 2358 separan-

298 2405 352 2466 tur
367 2400 407 2466 ab
423 2420 461 2466 ea
474 2419 510 2464 re
525 2418 588 2483 qua
610 2403 780 2474 tenentur;
798 2399 911 2466 ciuiles
926 2399 1051 2464 fructus
1067 2399 1214 2484 percepti
1231 2398 1477 2483 intelliguntur,

295 2521 422 2606 quando
449 2521 489 2587 ob
519 2523 672 2606 temporis
707 2520 880 2586 decursum
914 2527 1039 2587 certum
1075 2523 1218 2587 fructum
1252 2523 1326 2586 iam¹
1350 2520 1478 2588 habent

299 2653 468 2718 maturum,
482 2646 541 2712 elsi
565 2644 705 2710 nondum
722 2652 871 2710 exactum
888 2645 980 2710 iuxta
995 2644 1244 2730 probabiliorem
1261 2647 1476 2711 sententiam:

297 2773 411 2840 uiriles
434 2771 579 2855 equidem
602 2771 640 2836 iu
663 2771 734 2836 dies
757 2771 891 2844 cedant,
909 2790 966 2835 seu
982 2769 1022 2834 de
1039 2770 1090 2835 die
1106 2773 1139 2835 in
1160 2770 1243 2836 diem
1266 2772 1406 2855 aliquem
1430 2771 1480 2836 af-

293 2899 402 2962 ferunt
426 2895 577 2975 fructum,
599 2893 797 2978 proindeque
821 2894 1009 2960 dividuntur
1032 2916 1092 2980 pro
1114 2901 1189 2960 rata
1210 2896 1381 2980 temporis;
1405 2917 1478 2982 arg.

295 3019 315 3082 l.
334 3018 354 3082 l.
371 3017 391 3080 1
407 3015 481 3082 Ood.
499 3016 548 3082 De
566 3015 655 3098 petit.
675 3015 789 3082 hered.
811 3020 844 3080 et
870 3016 927 3090 77,
944 3016 995 3081 De
1016 3017 1068 3082 rei
1090 3017 1200 3100 vinde
1215 3037 1290 3081 narn
1314 3019 1383 3103 ipso
1406 3019 1482 3082 iure

298 3149 375 3207 tunc
397 3146 589 3206 accrescunt
611 3141 740 3206 domino
756 3142 807 3207 rel
825 3145 1003 3228 possessori
1026 3142 1056 3208 b.
1075 3143 1097 3207 f.
1114 3145 1168 3227 qui
1191 3143 1263 3208 loco
1279 3142 1399 3208 domini
1416 3148 1478 3208 est.

388 3265 514 3330 Verum
537 3266 611 3349 quia
634 3265 760 3332 fructus
783 3287 848 3332 non
871 3267 1020 3342 habetur,
1040 3268 1101 3333 nisi
1125 3269 1166 3332 sit
1189 3287 1248 3330 sua
1263 3270 1390 3334 ratione
1406 3288 1482 3353 per-

301 3392 413 3461 lectus,
430 3397 463 3456 et
485 3409 506 3454 e
528 3409 612 3462 rea
636 3409 698 3474 qus
720 3389 915 3456 immediate
937 3389 1135 3477 producitur,
1152 3395 1332 3475 seperatus,
1352 3393 1381 3457 si
1403 3393 1478 3476 quis

300 3537 330 3580 v.
355 3535 404 3600 gr.
421 3535 535 3600 agrum
550 3517 672 3579 severit
687 3515 720 3578 in
735 3513 765 3578 b.
783 3514 816 3589 f.;
832 3514 969 3597 fructum
988 3534 1060 3581 acu
1073 3515 1150 3581 iure
1165 3515 1315 3586 seminis,
1325 3515 1388 3581 sed
1403 3515 1482 3581 iure

300 3641 363 3708 soli
386 3639 417 3723 (a
441 3660 502 3724 quo
526 3646 600 3706 sunt
623 3639 782 3725 producti)
804 3640 992 3724 percipie&
1014 3660 1057 3705 ex
1080 3641 1101 3704 l.
1125 3639 1186 3713 25,
1208 3643 1245 3726 ff.
1269 3641 1321 3706 De
1341 3639 1435 3724 aeut?

388 3763 464 3827 700.
489 3763 533 3829 At
550 3764 583 3827 in
606 3764 679 3848 lege
702 3765 755 3828 cit.
772 3761 891 3828 dicitur
905 3763 1045 3830 fructus:
1064 3784 1083 3826 r
1100 3781 1176 3828 suos
1189 3763 1330 3828 mrim
1353 3763 1432 3828 fecit
1447 3783 1482 3838 ›;

300 3887 464 3972 quiequid
488 3888 567 3952 iuris
590 3889 616 3952 si
639 3886 786 3952 dominus
810 3907 881 3952 rem
904 3887 965 3953 sibi
985 3885 1145 3954 vindicet?
1164 3886 1343 3961 Quaeritur
1364 3905 1484 3973 nempe

299 4013 333 4076 in
357 4011 559 4078 restitutione
581 4013 711 4094 quinam
734 4010 862 4076 fruetus
883 4009 1037 4077 venient?

390 4137 489 4204 Caute
519 4137 564 4200 itu
590 4135 716 4200 locutus
746 4139 794 4200 est
823 4135 1080 4207 iurisconsultus,
1101 4139 1178 4222 quia
1204 4159 1374 4224 possessor
1403 4137 1436 4203 b.
1459 4137 1486 4202 f.

300 4281 365 4326 non
389 4281 500 4328 omnes
521 4281 596 4326 suos
620 4262 698 4327 tecit
720 4263 752 4326 in
776 4260 966 4338 dominium
981 4263 1039 4328 sed
1061 4283 1119 4329 eos
1132 4269 1260 4332 tentum
1275 4269 1486 4350 consumptos
1504 4334 1510 4346 ,

301 4405 359 4451 seu
382 4385 521 4452 nondum
546 4391 704 4460 extantes,
722 4385 865 4471 reliquos
884 4407 943 4452 seu
957 4393 1107 4454 extantes
1130 4409 1258 4476 quoque
1280 4393 1345 4458 iam
1367 4410 1488 4477 peree-
