3350 5117
529 330 573 377 uu
597 328 736 377 romeus
760 328 1026 377 uccussnsrrcrs
1322 310 1367 377 37

180 452 314 535 pacisci
328 453 370 520 de
393 452 536 519 crimine
551 452 699 537 capitali,
716 458 856 537 eccepto
872 453 1051 535 adulterio,
1064 451 1275 537 prohibitum
1291 472 1364 520 uon

186 582 244 659 est,
260 576 299 642 iu
322 577 400 643 aliis
415 584 528 643 autem
538 578 686 661 publicis
701 577 901 645 criminibus
915 597 1004 663 quae
1016 576 1197 665 sanauiuis
1212 596 1367 660 poenam

183 718 256 765 uon
270 699 442 784 iuperuul,
459 701 649 787 transiuere
662 718 733 766 uon
749 699 832 775 ticet,
850 701 938 766 citra
955 699 1039 782 futei
1061 698 1315 767 accusationem
1333 718 1366 763 s.

187 824 230 889 Et
253 825 338 889 ratio
363 824 507 890 redditur
522 826 555 889 in
572 826 592 890 l.
610 826 637 899 1,
653 827 688 909 ff.
706 824 756 891 De
774 822 871 891 bouis
886 843 1006 892 eorum
1019 824 1080 911 qui
1102 829 1174 889 aut.
1189 828 1275 890 seut.
1293 828 1368 898 acc

185 950 354 1014 nimirum:
382 974 399 1012 ‹
423 948 673 1037 lpuosceuctum
690 950 867 1034 principes
889 952 1094 1016 ceusuauut
1109 949 1141 1014 ei
1155 950 1216 1033 qui
1230 947 1369 1034 saupui·

184 1092 267 1139 uera
289 1092 392 1139 suum
415 1074 707 1159 qualitercumque
730 1074 945 1156 redemptum
968 1072 1073 1139 coluit
1098 1093 1128 1137 ›.

282 1198 430 1261 lamvero
461 1216 526 1261 non
558 1195 1044 1282 convenitppudssancpjstas,
1070 1214 1113 1283 an
1145 1196 1194 1261 ius
1221 1214 1294 1259 can.
1316 1213 1370 1280 ac-

185 1321 368 1425 ceptaverit
383 1320 562 1387 huiusmodi
579 1321 863 1406 praescriptiones.
875 1358 920 1367 -
931 1318 1050 1387 Glossa
1065 1322 1099 1387 in
1114 1340 1190 1388 cau.
1204 1319 1243 1387 Si
1254 1338 1369 1407 quem,

185 1440 224 1520 2,
248 1460 280 1525 q.
298 1441 331 1517 3,
357 1442 392 1507 V.
409 1440 452 1507 lu
475 1441 639 1517 omnibus,
665 1443 855 1515 Hostiensis‚
873 1443 905 1506 in
930 1441 1075 1507 Summa
1092 1442 1123 1507 h.
1141 1447 1162 1507 t.
1186 1462 1219 1507 u.
1244 1440 1278 1516 3,
1295 1460 1370 1507 cum

187 1562 334 1647 pluribus
357 1565 429 1630 aliis
452 1564 494 1629 ibi
517 1564 674 1651 allegatis,
699 1570 875 1638 autumant,
900 1566 971 1630 iure
994 1584 1066 1629 can.
1084 1585 1149 1630 non
1173 1566 1287 1651 vigere
1309 1564 1372 1629 has

187 1689 288 1774 leges,
312 1691 387 1774 quia
410 1710 431 1755 a
453 1690 629 1757 canonibus
652 1711 756 1777 poena
778 1692 943 1778 sanguinis
958 1712 1023 1755 non
1047 1692 1232 1777 imponitur.
1251 1726 1295 1739 —
1311 1691 1372 1755 Ast

186 1816 390 1881 contrarium
414 1817 596 1902 opinantur,
621 1836 695 1881 cum
718 1818 889 1887 communi,
912 1816 1049 1903 Pirhing
1073 1817 1103 1882 h.
1130 1822 1151 1880 t.
1171 1836 1206 1880 u.
1231 1815 1279 1880 30
1300 1834 1370 1901 seq.

185 1944 260 2026 §a
281 1938 501 2019 Reiffenstuel,
520 1942 551 2007 lt.
569 1947 590 2007 t.
607 1962 641 2007 u.
659 1940 707 2007 34
729 1961 796 2027 seq.
822 1942 1122 2029 Schmalzgrueber‚
1148 1942 1178 2007 h.
1196 1948 1216 2006 t.
1234 1962 1268 2007 u.
1287 1942 1320 2018 9,
1339 1947 1373 2006 et

188 2065 250 2129 hos
272 2065 419 2147 sequitur
442 2062 541 2136 Santi,
567 2063 598 2127 h.
623 2068 643 2128 t.
669 2084 703 2128 u.
727 2062 780 2128 12.

279 2189 318 2253 ln
335 2186 396 2251 hac
413 2208 451 2252 re
467 2188 571 2253 libere
587 2187 761 2274 pandemus
777 2190 969 2255 sententiam
984 2193 1138 2253 nostram.
1152 2222 1196 2236 —
1209 2189 1373 2252 Auctores

185 2308 289 2389 citati,
314 2310 374 2373 etsi
398 2328 534 2395 magnae
557 2314 662 2381 notae,
688 2328 757 2373 rem
780 2328 845 2373 non
868 2310 1021 2373 evincunt
1037 2308 1112 2392 quia
1134 2308 1317 2391 loquuntur
1332 2304 1373 2370 de

189 2425 393 2518 legislatione
416 2452 499 2508 can„
516 2435 731 2499 constituente
752 2432 806 2499 ius
826 2452 1013 2506 commuue,
1038 2453 1104 2497 nna
1126 2452 1200 2497 auin
1222 2432 1297 2518 lege
1315 2421 1369 2495 ro-

189 2576 294 2631 mana,
312 2564 379 2623 turn
403 2578 463 2642 pro
482 2558 554 2621 loro
578 2556 665 2623 civili
680 2562 748 2622 tum
762 2576 823 2641 pro
839 2556 912 2621 foro
928 2556 1157 2621 ecclesiastico.
1182 2554 1278 2620 Modo
1293 2559 1374 2620 tem-

190 2700 305 2765 porum
329 2681 481 2747 adiuncta
504 2688 537 2746 et
559 2682 607 2746 ius
632 2681 726 2746 civile
757 2682 922 2747 civitatum
950 2682 1116 2746 immutata
1142 2684 1235 2755 sunt;
1260 2684 1293 2744 et
1315 2699 1373 2744 ca-

189 2824 293 2871 nones
315 2807 428 2892 vigent
451 2805 616 2871 exclusive
631 2826 691 2891 pro
715 2805 787 2870 loro
803 2806 1031 2901 eeclesiastico.
1048 2807 1146 2890 Atqui
1162 2805 1285 2872 delicta
1295 2804 1373 2887 pri-

190 2938 271 2996 uata
294 2933 328 2997 in
352 2931 520 3017 disciplina
551 2932 708 2995 canonica
738 2931 861 2997 admitti
893 2952 958 2995 nnn
988 2936 1131 3017 possunt.
1163 2928 1256 2994 Finis
1287 2930 1376 2994 enim

190 3058 360 3125 Ecclesiae
386 3064 434 3123 est
455 3058 575 3123 bonum
602 3058 769 3143 spirituale
792 3058 1002 3145 singulorum,
1019 3060 1070 3123 cui
1093 3058 1177 3123 bono
1201 3057 1376 3122 obtinendo

190 3202 276 3249 neve
292 3180 412 3255 fideles,
426 3202 510 3249 neve
522 3182 648 3269 publica
663 3184 839 3248 auctoritas
856 3186 1051 3248 renunciare
1063 3183 1187 3258 valent;
1201 3182 1256 3247 sed
1269 3182 1376 3248 eidem

188 3306 365 3371 obtinendo
389 3308 463 3371 lctis
486 3306 609 3373 viribus
631 3306 824 3372 adlaborare
848 3307 974 3393 debent.
991 3308 1101 3381 Quare
1125 3308 1210 3373 ultro
1230 3328 1376 3373 canones

190 3441 395 3520 exceperunt
422 3433 601 3501 institutum
631 3435 866 3499 accusatorium
896 3436 976 3498 iuris
1003 3430 1144 3510 romanu
1172 3433 1376 3500 admittendo

190 3557 345 3621 nimirum
367 3555 408 3621 ad
433 3556 569 3621 crimina
590 3556 771 3621 accusanda
795 3575 906 3619 omnes
937 3561 970 3619 et
996 3556 1141 3641 singulas
1165 3553 1293 3631 fideles;
1317 3554 1377 3621 sed

194 3680 327 3763 insuper
350 3679 557 3743 instituerunt
573 3679 797 3764 Magistratum
821 3678 884 3761 qui,
902 3697 945 3743 ex
960 3676 1065 3742 officio
1081 3678 1220 3762 publiea,
1237 3679 1380 3744 crimina

192 3806 374 3874 accusaret,
399 3819 514 3887 nempe
536 3801 774 3867 Procuratorem
797 3800 974 3875 Fiscalem
999 3800 1040 3865 ad
1063 3801 1293 3866 removendam
1316 3820 1378 3865 ne·

193 3923 383 4009 gligentiarn
414 3923 467 3989 vel
490 3923 622 3989 fraudes
652 3924 685 3988 in
715 3923 904 3989 accusandis
926 3923 980 3988 vel
1010 3922 1241 3988 denunciandis
1264 3923 1376 3988 orimi-

196 4048 299 4114 nibus.
325 4085 366 4096 -
392 4048 596 4136 Quapropter
626 4052 675 4113 est
706 4048 811 4113 aliena
834 4068 855 4112 a
877 4052 1035 4134 conceptu
1057 4049 1202 4113 criminis
1227 4049 1260 4113 in
1284 4047 1379 4115 disci—

197 4173 284 4257 plina
307 4174 536 4255 ecclesiastica,
561 4174 736 4239 transactio
760 4174 839 4237 inita
861 4174 947 4237 inter
969 4192 1061 4238 reum
1085 4177 1118 4238 et
1148 4178 1377 4239 accusatorem

196 4298 373 4381 privatum3
397 4298 567 4382 aliquando
599 4317 753 4383 expresse
777 4301 810 4362 et
835 4298 982 4384 graviter
1005 4304 1055 4364 est
1077 4297 1248 4384 prohibita,
1274 4297 1376 4362 veluti

198 4418 391 4485 incrimine
418 4417 659 4501 sollicitationis,
683 4419 715 4482 in
740 4418 875 4483 crimine
899 4417 1165 4505 coryphaeorum
1197 4424 1230 4483 et
1260 4417 1380 4484 docum
