3350 5117
303 271 369 336 266
838 297 923 374 rans
948 296 969 344 r.

300 413 478 498 coniugalis
503 413 641 478 iubenda
664 421 722 480 est.
748 415 795 484 Gt.
822 436 849 482 c.
876 436 903 482 c.
924 417 1000 499 4-5,
1019 419 1067 487 De
1090 420 1199 488 dicor.
1215 421 1249 486 X
1272 421 1345 502 (IV,
1364 422 1427 508 19),
1445 422 1479 496 6,

300 537 350 603 De
372 538 478 605 adult.
502 539 537 602 X
559 536 613 622 (V,
641 540 704 626 16).

388 659 614 752 Sed-speciale
638 666 687 744 est
709 664 753 740 in
765 663 828 727 hac
846 665 996 748 materia,
1015 664 1098 752 quod
1115 665 1140 730 si
1154 682 1233 751 pars
1248 667 1390 750 spolians
1403 667 1482 737 obn-

300 789 364 884 ciat
386 786 564 874 nullitatem
588 791 792 878 matrimonii,
810 796 843 855 et
868 789 1128 875 impedimentum
1153 792 1194 884 sit
1217 792 1399 868 molnitum,
1414 813 1480 860 non

299 883 355 976 fiat
377 912 468 1016 locus
490 914 692 1010 restitutioni,
710 919 743 979 et
755 915 889 999 planum
907 919 965 978 est.
983 951 1025 962 —
1044 914 1077 980 Si
1101 916 1271 1012 ⁷²..0lfdrfllm
1288 937 1354 1010 non
1377 920 1428 990 sit,
1447 924 1481 984 at

299 1011 504 1122 probationes
516 1038 635 1104 habeat
647 1041 787 1124 spolians
799 1042 842 1130 in·
848 1040 1032 1130 continenti
1042 1047 1195 1129 paratus,
1205 1044 1294 1130 prius
1308 1042 1482 1110 audiamur

299 1138 504 1246 probationes
528 1165 559 1228 in
583 1167 743 1252 petitorio,
770 1167 907 1236 interim,
932 1167 991 1230 etsi
1016 1167 1254 1232 matrimonium
1277 1166 1378 1232 fuerit
1400 1187 1481 1232 con-

298 1292 499 1368 summatum,
517 1290 666 1353 restituto
689 1291 827 1374 coniuge
850 1291 936 1353 vitae
960 1289 1134 1374 coniugali,
1152 1310 1216 1353 non
1239 1310 1299 1375 pro
1318 1292 1382 1354 tori
1407 1311 1477 1372 usu,

299 1409 354 1474 sed
367 1416 489 1476 tantum
507 1412 546 1476 ad
563 1413 843 1480 cohabitationem.
862 1416 1016 1491 Decernit
1032 1417 1117 1478 enim
1135 1414 1290 1480 Pontifex
1301 1416 1334 1478 io
1347 1434 1421 1498 cup.
1435 1413 1482 1480 13

299 1536 349 1601 De
370 1542 448 1602 rest.
469 1557 519 1620 sp.
536 1539 570 1602 X
591 1535 664 1616 (aad
686 1540 778 1625 fiae).-
805 1562 871 1604 «...
889 1540 924 1605 tn
949 1539 1067 1606 ceteris
1090 1539 1325 1606 adiudicanda
1351 1538 1396 1604 sit
1429 1558 1480 1604 re·

298 1661 438 1727 stitutio:
460 1661 522 1726 secl
591 1663 665 1728 sola
687 1662 804 1746 quoad
827 1662 1105 1728 commixtionem
1122 1663 1297 1730 carnalem
1314 1661 1481 1746 (mamone

298 1785 328 1849 si
349 1784 448 1867 fama
470 1785 644 1870 consentit)
667 1789 715 1850 est
737 1786 902 1853 restitutio
926 1787 1159 1870 differenda.»

388 1911 420 1977 Si
444 1919 523 1976 ve'ro
546 1911 605 1976 has
628 1911 835 2006 probationes
859 1913 902 2005 in⁸
916 1918 1064 2000 promptu
1088 1931 1153 1975 non
1176 1910 1295 1978 habeat
1313 1912 1479 2002 spolians,

299 2033 493 2118 procedatur
516 2015 549 2099 in
572 2005 770 2122 possessorio
794 2033 835 2098 ad
852 2035 1096 2108 restitutionem,
1115 2036 1211 2099 etiam
1228 2035 1333 2118 quoad
1358 2041 1479 2114 torum,

299 2159 325 2223 si
349 2163 474 2222 constet
493 2157 532 2222 de
547 2160 667 2241 spolia,
684 2163 717 2226 et
739 2164 815 2224 mat.
838 2159 901 2224 iam
926 2159 1023 2224 fuerit
1047 2117 1328 2233 annumeratam,
1346 2162 1420 2244 quia
1444 2161 1478 2224 in

298 2281 353 2345 tali
379 2281 472 2346 dubio
496 2284 713 2365 praesumitur
736 2281 878 2346 validum
903 2283 1144 2346 matrimonium
1176 2281 1259 2366 quod
1282 2288 1331 2348 est
1353 2284 1386 2347 in
1411 2301 1482 2366 pos-

298 2401 448 2465 sessione.
474 2401 558 2465 Pars
582 2421 660 2466 vero
683 2401 779 2466 iudici
800 2399 923 2488 pareat,
950 2405 1009 2468 etsi
1033 2408 1209 2489 cognoscat
1232 2402 1352 2486 absque
1379 2402 1476 2468 dubio

260 2567 265 2580 ·
299 2528 493 2592 matrimonii
517 2528 705 2595 nullitatem.
724 2530 817 2593 Tunc
843 2548 921 2594 sane
944 2549 1009 2595 non
1033 2534 1138 2616 potest
1161 2531 1205 2595 uti
1230 2530 1346 2615 copula
1368 2531 1481 2595 matri-

299 2654 438 2726 moniali,
459 2655 604 2737 quamvis
627 2653 668 2718 ad
692 2653 832 2718 debitum
860 2654 1057 2719 reddendum
1088 2675 1149 2740 per
1172 2656 1479 2720 excommunicatio-

298 2799 372 2844 nem
403 2799 423 2844 a
453 2779 558 2844 indice
587 2785 724 2865 cogatur
758 2782 792 2845 in
827 2781 1019 2865 exequenda
1055 2781 1162 2846 iudicii
1198 2782 1388 2867 possessorii
1412 2801 1482 2846 sen·

298 2907 408 2971 tentia.
426 2941 469 2952 -
486 2897 658 2988 Siquidem,
683 2906 716 2967 in
740 2903 802 2969 hac
825 2905 916 2970 lucta
939 2904 1107 2989 praevalet
1130 2911 1268 2970 externo
1285 2903 1356 2968 foro
1373 2904 1479 2970 forum

299 3028 524 3106 conscientiae,
542 3029 574 3090 in
595 3047 657 3111 quo
683 3046 748 3093 non
773 3026 983 3092 attenduntur
1007 3026 1177 3111 generales
1193 3026 1479 3112 praesumptiones.

299 3170 369 3234 arg.
394 3170 421 3215 c.
435 3147 491 3229 44,
509 3148 558 3213 De
573 3154 655 3213 sent.
672 3167 802 3214 excom.
816 3149 851 3212 X
874 3147 928 3233 (V,
947 3147 1013 3232 39),
1038 3147 1093 3213 sed
1116 3149 1238 3213 veritas
1261 3148 1314 3214 vel
1336 3147 1481 3233 prudens
1522 3155 1528 3166 '

299 3274 396 3338 animi
419 3275 585 3360 persuasio
610 3271 666 3359 (1);
691 3270 776 3336 unde
810 3271 902 3356 quod
924 3291 994 3338 non
1018 3276 1065 3339 est
1088 3291 1133 3338 em
1148 3271 1215 3357 fide
1225 3277 1406 3355 peccatum
1421 3277 1479 3338 est.

388 3400 539 3494 {ttamen
563 3398 588 3460 si
613 3396 760 3482 graviter
782 3397 937 3461 timeatur
961 3416 1002 3460 ne
1026 3397 1110 3462 alter
1133 3396 1199 3460 uita
1222 3396 1383 3486 coniugali
1407 3395 1482 3462 abu-

298 3527 386 3586 tatur
408 3522 461 3586 vel
484 3522 517 3586 in
540 3521 681 3586 alterum
708 3520 836 3585 saeviat
861 3519 913 3584 vel
938 3519 977 3583 ad
1000 3523 1170 3608 peccatum
1203 3519 1359 3584 inducere
1389 3519 1481 3584 obni-

298 3652 396 3720 tatur,
410 3643 583 3711 nullimode
600 3645 749 3709 facieoda
764 3650 814 3708 est
829 3645 990 3709 restitutio
1005 3644 1087 3728 quia*
1097 3643 1273 3708 remedium
1290 3647 1376 3709 esset
1390 3644 1482 3728 peius

299 3769 392 3834 malo.
417 3771 483 3834 ista
506 3767 741 3853 sapientissime
765 3767 908 3852 disponit
932 3768 1004 3832 lon.
1029 3769 1078 3834 III
1103 3769 1136 3830 in
1161 3786 1235 3849 cup.
1251 3763 1304 3840 13,
1329 3765 1379 3831 De
1400 3770 1480 3830 rest.

299 3893 432 3976 spoliat.
449 3893 490 3971 X,
511 3892 678 3976 applicans
700 3889 919 3956 interdictum
942 3891 1202 3974 recuperandae
1226 3908 1344 3954 causae
1368 3890 1482 3954 matri-

370 4085 410 4156 (1)
430 4085 570 4146 Quomodo
590 4085 619 4139 in
639 4102 705 4138 casu
724 4085 802 4138 dubii
820 4087 1013 4154 impedimenti
1031 4087 1131 4139 coniux
1151 4085 1296 4139 efformare
1313 4083 1366 4136 sibi
1380 4083 1481 4138 debeat

298 4192 382 4245 animi
397 4191 604 4260 persuasionem
614 4190 713 4244 saltem
723 4191 870 4259 reflexam,
882 4193 1031 4260 antequam
1046 4189 1146 4260 copula
1159 4188 1359 4244 matrimoniali
1375 4193 1479 4258 utatur,

298 4297 361 4352 vide
378 4295 549 4365 explicatum
573 4294 645 4365 apud
667 4295 827 4348 canonistas
846 4324 859 4336 ·
879 4297 912 4348 cl.
927 4295 1175 4364 Schmalzgruebor
1193 4294 1220 4348 h.
1240 4300 1260 4349 t.
1277 4295 1313 4349 62
1331 4303 1360 4351 et
1374 4295 1409 4348 cl.
1423 4293 1482 4350 Ga·

299 4401 388 4470 sparti
409 4401 517 4454 Demat.
537 4397 636 4466 1,253.
