3350 5117
522 309 566 358 DE
589 309 729 358 lUchllss
751 310 1016 358 eccuusmsmcls
1288 293 1356 360 253

324 593 347 674 ἓ
370 592 400 658 6.
417 591 468 658 De
490 593 677 660 inierdiclis
698 593 958 677 recuperandae
976 593 1209 677 possessionis.

178 817 398 877 Summuiun.
417 851 451 866 ·-
469 823 530 879 219.
551 823 721 880 Possessioni
747 823 953 894 recuperandae
979 824 1186 893 prodiicerent
1208 821 1357 877 interdicis

269 946 287 980 s
306 931 383 984 Unde
394 935 424 984 ci
435 947 452 981 s
466 935 524 984 et«
537 934 572 985 de
584 934 613 984 oi
624 940 736 985 amato
748 949 773 988 r.
785 959 822 972 -
834 932 896 984 220.
911 931 949 986 De
968 931 1069 1003 quibus
1087 932 1170 985 rebus
1189 929 1302 984 daretur
1315 927 1357 980 in·

268 1037 425 1094 terdictum.
444 1068 479 1081 -
495 1040 557 1094 221.
575 1039 693 1094 Cuinsm
711 1039 860 1110 possessori
880 1043 1058 1108 competeret.
1077 1066 1112 1081 -
1131 1039 1191 1091 222.
1211 1035 1357 1091 Adversus

269 1164 347 1219 qnos
367 1177 401 1190 -
419 1149 480 1204 223
499 1149 570 1211 Quis
588 1149 755 1203 arctioribus
773 1149 911 1219 limitibus
929 1150 1133 1213 continebatur,
1151 1148 1203 1202 hoc
1222 1149 1358 1219 amplisre

268 1255 434 1310 studuerunt
446 1257 628 1325 imperatores
640 1271 708 1308 rom.
719 1283 753 1297 -
766 1256 826 1310 224.
842 1258 880 1309 At
894 1261 1001 1310 tentum
1015 1256 1058 1310 ius
1070 1271 1130 1309 cen.
1144 1255 1217 1310 idem
1233 1258 1357 1325 congruis

269 1360 351 1415 suxit
367 1360 557 1430 ampliatione.
577 1391 611 1402 -
630 1363 690 1416 225.
711 1361 827 1418 Prselsr
844 1363 929 1434 spolii
947 1362 1148 1432 exceptionem,
1167 1362 1252 1416 etism
1273 1362 1358 1432 spolii

269 1469 409 1523 sotionem
427 1469 564 1524 concessit
582 1469 747 1524 luscam·
760 1469 820 1523 226.
837 1469 914 1530 Quae
926 1468 1008 1539 spolii
1028 1469 1110 1532 ectio,
1124 1471 1209 1538 opere
1222 1468 1358 1540 iurispru-

270 1575 382 1630 dentiae
394 1592 526 1632 concesse
536 1577 590 1630 luit
603 1577 688 1632 etism
702 1575 833 1630 adversum
845 1577 911 1630 boni
924 1575 988 1632 fidei
1001 1593 1179 1647 possessores.
1190 1606 1224 1619 -
1238 1579 1298 1632 227.
1312 1581 1356 1634 An

269 1680 352 1737 hodie
369 1683 399 1735 in
417 1681 496 1752 proxi
515 1683 619 1736 lorensi
637 1681 671 1735 sd
690 1683 892 1752 possessionem
911 1681 1126 1752 recuperandam
1140 1683 1259 1738 sufficiet
1277 1683 1357 1738 invo-

184 1840 189 1848 .
270 1806 335 1846 esre
353 1788 510 1845 huiusmodi
529 1792 721 1861 exceptionem
740 1795 769 1846 et
787 1793 935 1858 sotionem,
955 1791 1121 1862 posthabitis
1146 1792 1210 1846 aliis
1229 1794 1358 1848 remediis

270 1898 373 1968 possim
391 1898 541 1968 propositis
558 1915 576 1952 s
593 1899 754 1964 canonistis,
772 1898 833 1954 iure
853 1915 920 1952 rom.
940 1898 1075 1953 admissis.
1088 1927 1122 1940 -
1142 1899 1202 1952 228.
1216 1898 1359 1960 Quomodo

269 2003 346 2056 actio
363 2002 445 2072 spolii
464 2003 501 2057 sit
519 2007 663 2073 perpetus„

269 2181 347 2246 219.
365 2180 672 2266 ProreQrperande
682 2182 887 2268 possessio-ne
903 2183 974 2246 iure
990 2201 1124 2258 romano
1139 2181 1261 2267 duplex
1275 2201 1359 2248 com-

560 2254 662 2268 uqa-

177 2315 340 2402 poralum
352 2307 653 2408 sust-{ssffldisstffl
676 2343 721 2358 ·-
743 2305 892 2372 Alterum
912 2309 1038 2374 «unde
1060 2308 1128 2374 vi»
1154 2313 1269 2373 contra
1291 2309 1375 2404 vim¹

178 2433 373 2516 simplicem
394 2452 450 2499 seu
475 2433 721 2518 quotidianam,
742 2437 777 2498 ut
803 2432 891 2498 illam
915 2436 1010 2498 vocet
1037 2433 1152 2498 Cicero
1175 2455 1234 2520 pro
1261 2435 1357 2501 Caec.

178 2559 234 2633 31,
259 2558 318 2632 32,
343 2558 482 2624 alterum
508 2577 527 2622 ‹
550 2557 593 2623 de
614 2558 650 2623 oi
672 2562 810 2622 armata
832 2578 851 2621 ›
877 2561 992 2622 contre
1013 2558 1079 2622 vim
1103 2561 1201 2624 armis
1226 2559 1357 2624 illatam.

180 2684 255 2750 Hoc
277 2692 475 2770 postremum
499 2704 518 2748 s
542 2685 585 2750 de
606 2683 641 2750 vi
663 2689 801 2750 armata
818 2705 836 2747 s
855 2702 919 2749 non
943 2689 991 2749 est
1014 2681 1147 2752 effectus
1171 2687 1275 2754 civilis
1289 2707 1359 2774 pos·

178 2810 333 2877 sessionis
354 2831 375 2874 a
396 2811 469 2875 iure
491 2811 626 2896 positivo
650 2814 826 2894 protectae,
850 2809 906 2874 sed
930 2811 1161 2894 possessionem
1185 2815 1297 2878 tuetur
1317 2811 1358 2877 sd

178 2932 377 2999 avertendas
399 2929 519 2996 turbas.
535 2963 579 2978 -
595 2931 640 2997 At
662 2931 734 2996 iure
750 2930 947 2995 Iustinieneo
964 2929 1193 3015 disparuerunt
1216 2933 1358 3018 potiores

179 3053 393 3130 differentiae,
407 3075 489 3142 quae
512 3075 610 3121 unum
634 3055 676 3120 ab
698 3055 762 3118 alio
785 3054 929 3139 remedio
952 3054 1215 3122 discriminabant
1239 3064 1271 3123 et
1294 3055 1360 3122 effi-

179 3183 291 3248 cacius
314 3177 465 3246 effectum
495 3185 544 3245 est
574 3177 781 3245 interdictum
805 3197 824 3241 s
848 3177 941 3244 unde
962 3175 997 3243 vi
1021 3198 1050 3260 r,
1071 3198 1135 3244 uno
1158 3181 1191 3244 iu
1220 3180 1358 3247 alterum

177 3307 302 3373 refuso.
328 3306 376 3372 Cf.
402 3308 480 3374 Inst.
507 3305 675 3371 Iustiniani
698 3304 757 3386 lv,
781 3304 832 3370 De
856 3304 983 3370 loterel.
1008 3305 1030 3386 S
1054 3304 1077 3369 6
1100 3304 1155 3390 (l).

270 3427 645 3516 Vissulem-adversus
671 3447 766 3512 quam
793 3427 915 3492 obtinet
944 3427 1008 3494 hoc
1036 3427 1244 3494 interdictum
1270 3450 1289 3492 c
1311 3433 1360 3494 eol

178 3556 325 3638 meionis
345 3555 400 3638 rei
422 3555 652 3642 impetusque?
672 3553 794 3637 repelli
815 3573 887 3620 non
908 3557 1019 3636 potest
1035 3571 1065 3626 ›,
1087 3551 1171 3617 unde
1202 3553 1361 3619 deicimur

176 3700 201 3747 a
224 3681 274 3746 rei
296 3682 507 3766 possessione.
534 3677 601 3743 Nisi
624 3697 644 3742 a
667 3696 704 3742 re
727 3678 905 3743 deiciamur
935 3677 1122 3761 experimur
1153 3675 1359 3742 interdictum

178 3802 372 3870 retinendae
394 3801 613 3887 possessionis.
637 3802 714 3867 Iure
736 3801 894 3866 canonico
917 3799 999 3865 haec
1021 3800 1071 3864 vis
1094 3817 1157 3882 qua
1180 3819 1201 3862 a
1222 3817 1260 3863 re
1281 3819 1359 3885 pro·

271 4014 313 4086 (1)
332 4015 409 4069 Hsec
426 4012 513 4068 letius
538 4012 661 4084 explicet
685 4011 720 4067 cl.
740 4013 866 4082 Rnggeri
890 4029 932 4083 op.
953 4012 997 4068 cir.
1016 4015 1054 4076 §5
1074 4011 1133 4077 112,
1158 4011 1220 4063 739
1238 4027 1293 4080 seq.
1312 4009 1361 4062 do-

179 4139 247 4179 cens
265 4139 322 4193 qus
339 4122 450 4175 ratione
467 4119 647 4176 interdictum
659 4133 676 4172 s
689 4122 725 4174 de
738 4121 888 4173 clamata
901 4119 1053 4175 »refusum
1072 4118 1116 4184 sit,
1130 4133 1200 4186 pene
1218 4117 1360 4186 integrum

178 4233 209 4286 in
226 4230 304 4286 eliud
316 4247 334 4283 ι
346 4231 423 4285 unde
435 4231 465 4282 vi
477 4247 502 4286 »-
516 4228 603 4284 Nobis
614 4227 734 4282 sufficiat
751 4227 867 4282 innuere
886 4225 939 4280 hoc
957 4227 1062 4280 fectum
1079 4226 1164 4280 luisse
1184 4228 1215 4280 ut
1233 4223 1361 4294 spolietis

180 4337 252 4393 illud
272 4336 441 4407 praesidium
460 4339 574 4406 praesto
591 4339 664 4390 esset
689 4335 775 4390 etiem
798 4338 897 4388 contrs
920 4337 977 4386 eim
1001 4334 1166 4403 simplicem,
1185 4332 1257 4404 quod
1276 4333 1361 4385 antes

178 4443 299 4499 debatur
317 4447 428 4498 lentum
447 4443 476 4496 in
495 4443 551 4496 cim
568 4451 716 4496 amotam.
