3350 5117
331 340 397 406 466
857 356 940 402 rens
965 356 986 402 1.

418 484 493 547 44].
519 482 605 567 Hinc
629 479 788 545 confessio
812 478 985 545 definitur:
1003 480 1053 544 De
1075 479 1133 546 itio
1157 480 1250 565 qnod
1272 479 1315 545 ub
1339 479 1504 543 adeersu-

327 609 380 674 rio
404 607 591 673 intenditur
614 606 651 670 in
673 604 799 670 indicio
817 606 872 671 oet
895 610 995 670 eontra
1017 605 1192 677 iudicium,
1215 603 1309 687 sueto
1332 619 1503 668 asseuera-

329 736 383 801 tio.
410 731 550 797 Proinde
573 732 739 817 proprium
764 735 813 794 est
839 730 1069 795 confessionis:

419 858 450 943 l)
475 856 593 921 laetum
625 854 743 919 dooere
775 856 976 921 contrarium
1007 852 1178 939 profitenti,
1203 853 1392 918 adversario
1422 850 1508 915 favo·

329 976 449 1052 rabile;
1154 978 1157 982 ’

415 1102 449 1188 2)
474 1102 600 1166 versari
624 1102 713 1163 circa
734 1099 819 1181 furti
844 1100 1073 1182 quaestionem,
1098 1119 1162 1161 non
1186 1100 1276 1163 eirca
1299 1097 1362 1162 ins.

417 1223 450 1309 3)
475 1223 537 1289 Sed
568 1224 670 1287 omnis
701 1221 828 1287 deesset
860 1221 1054 1286 confessioni
1086 1222 1145 1301 vis,
1165 1221 1227 1285 nisi
1258 1218 1313 1285 fiat
1343 1240 1386 1285 ex
1417 1222 1508 1282 certa

328 1349 473 1428 scientia,
497 1347 655 1431 plenaque
679 1348 727 1410 rei
751 1346 947 1430 cognitione,
972 1351 1084 1430 sponte
1107 1354 1203 1427 atque
1227 1343 1338 1408 libere.

419 1472 544 1537 Exinde
567 1472 612 1535 illi
637 1473 690 1555 qui
714 1478 851 1556 propter
869 1472 983 1537 aetatis
999 1471 1249 1535 imbecillitatem
1267 1472 1299 1534 in
1316 1470 1431 1535 iudicio
1448 1490 1508 1554 per

329 1618 364 1664 se
379 1618 477 1683 agere
490 1619 554 1663 non
566 1600 685 1671 valent,
701 1599 803 1663 veluti
817 1598 942 1683 pupilli,
955 1599 1106 1670 minores,
1120 1618 1184 1661 non
1198 1597 1359 1662 habentur
1371 1617 1509 1681 capaces

329 1724 539 1790 confessionis
562 1726 736 1799 iudicialis;
762 1728 910 1809 quamvis
933 1744 1044 1789 eorum
1069 1724 1228 1789 confessio
1259 1726 1328 1788 sive
1351 1724 1510 1789 iudicialis

329 1848 396 1911 sive
421 1848 672 1913 extraiudicialis
695 1848 813 1911 indicia
831 1867 948 1931 parere
965 1850 1073 1931 possit,
1090 1847 1235 1911 omuibus
1251 1849 1314 1911 rite
1330 1850 1508 1931 perpensis,

330 1970 565 2035 Procuratores
585 1990 664 2035 vero
688 1971 714 2033 si
739 1969 881 2033 babeant
904 1968 1023 2033 adhoc
1040 1969 1179 2052 speciale
1195 1968 1378 2033 mandatum
1395 1976 1428 2035 et
1444 1970 1510 2035 suf·

329 2091 494 2159 finientem*
512 2095 689 2175 scientiam,
714 2094 809 2179 plane
840 2094 880 2157 ad
905 2094 1140 2159 confessionem
1160 2095 1339 2160 iudicialem
1355 2097 1510 2161 emitten-

330 2216 402 2282 dam
425 2218 548 2284 habiles
573 2218 721 2283 evadunt.
741 2220 866 2284 Verum
883 2220 1014 2284 illorum
1038 2221 1272 2285 confessionem
1289 2221 1329 2285 ob
1345 2222 1509 2288 defectum

330 2345 493 2416 scientiae,
517 2344 659 2411 mandati
682 2349 738 2408 aut
760 2345 897 2409 alterius
921 2345 1084 2426 qualitatis
1099 2348 1289 2431 impugnare
1305 2347 1355 2410 fas
1376 2368 1456 2421 esse,
1474 2350 1509 2412 in

330 2474 443 2555 aperto
466 2489 543 2533 sane
567 2475 625 2534 est.
652 2470 699 2535 Cf.
725 2470 885 2536 Sohmalz.
911 2472 942 2534 b.
968 2476 988 2535 i.
1012 2492 1046 2536 n.
1071 2471 1120 2536 te
1142 2492 1209 2555 seq.
1236 2472 1301 2535 Pro
1328 2477 1419 2536 certo
1443 2473 1509 2537 boo

330 2595 504 2677 habeatur,
532 2597 580 2660 ius
619 2598 809 2662 canonicum
841 2599 1008 2662 remittere
1044 2598 1158 2664 iudicis
1190 2597 1338 2681 prudenti
1370 2599 1509 2665 arbitrio

330 2718 564 2782 confessionem
594 2720 662 2782 sive
693 2719 879 2784 iudicialem
910 2720 978 2782 sive
1009 2718 1285 2783 extraiudioialem
1317 2722 1509 2787 examinare

330 2841 420 2904 iuxta
435 2840 567 2905 criteria
590 2839 745 2905 naturalis
772 2840 917 2903 rationis.
935 2875 979 2888 —
996 2842 1034 2903 ln
1058 2839 1222 2923 pensando
1245 2842 1356 2905 valore
1381 2843 1509 2908 confes·

330 2965 429 3029 sionis
444 2963 541 3028 iudex
554 2966 726 3048 praecipue
742 2984 822 3049 prae
840 2965 942 3029 oculis
957 2963 1088 3028 babebit
1102 2963 1230 3028 modum
1247 2986 1308 3048 quo
1325 2966 1412 3032 iacta
1427 2967 1507 3044 fuit3

330 3106 372 3150 an
396 3106 511 3170 nempe
534 3089 696 3171 expressis
720 3088 828 3152 verbis
852 3089 906 3152 vel
929 3090 1028 3153 tacite
1051 3108 1107 3153 seu
1135 3089 1391 3171 aequipollenter
1422 3090 1510 3156 edita

330 3212 446 3285 suerit;
472 3218 568 3277 etan
592 3212 728 3298 simplex
752 3215 803 3287 sit,
820 3214 874 3278 vel
898 3211 1089 3296 qualismata,
1105 3216 1254 3277 nimirum
1278 3234 1350 3278 cum
1371 3235 1509 3301 expres-

331 3340 420 3401 sione
444 3338 583 3420 plurium
608 3336 842 3419 adiunctorum,
861 3338 960 3403 veluti
984 3337 1062 3402 facti
1085 3338 1210 3402 adiecta
1232 3338 1369 3402 iuridioa
1391 3359 1509 3416 oausa3

331 3465 442 3545 utputa
465 3460 492 3524 si
509 3462 579 3543 quis
594 3461 735 3526 fateatur
755 3460 946 3525 adversario
970 3482 1004 3526 se
1028 3460 1146 3526 debere
1161 3468 1291 3528 centum
1313 3467 1446 3535 scutata,
1472 3464 1510 3528 e·-

332 3584 400 3651 tnto
424 3585 547 3659 nrutni,

421 3710 496 3775 442.
522 3710 646 3775 Titulus
669 3710 719 3774 De
743 3708 905 3791 rorifessis
938 3711 970 3771 in
1002 3709 1192 3773 collectione
1216 3710 1314 3794 Greg.
1341 3712 1390 3774 IX
1417 3732 1510 3795 prae·

331 3833 461 3916 ponitur
484 3832 577 3896 titulo
600 3830 654 3897 De
672 3831 944 3914 probationibus
962 3833 1036 3915 quia
1059 3832 1218 3896 confessio
1250 3833 1373 3897 utiliter
1396 3854 1509 3917 provo·

332 3964 425 4024 catur
449 3964 515 4023 tum
546 3964 621 4023 ante
651 3964 718 4023 tum
750 3963 821 4043 post
852 3959 918 4021 litis
939 3959 1225 4033 contestationem
1251 3976 1328 4043 erp.
1353 3978 1379 4025 c.
1398 3979 1424 4024 e.
1449 3960 1508 4040 54,

332 4084 455 4165 §2et
478 4082 503 4147 3
526 4082 576 4148 De
599 4084 688 4147 elect.
713 4082 748 4145 X
776 4082 814 4165 (l,
833 4076 884 4168 [tit
908 4086 942 4147 et
972 4102 1041 4166 cap.
1059 4083 1143 4146 nnio.
1166 4082 1215 4146 De
1246 4083 1312 4148 litis
1343 4089 1507 4151 contesta-

334 4210 430 4288 tione,
445 4209 485 4272 X.
498 4208 646 4283 -Quod
659 4210 744 4271 enim
761 4206 800 4271 ab
817 4228 882 4272 una
898 4212 990 4292 parte
1007 4206 1185 4271 intenditur
1199 4213 1232 4271 et
1246 4206 1285 4272 ab
1299 4208 1362 4272 alia
1374 4208 1509 4273 admitti-

331 4338 394 4405 tur,
420 4334 482 4395 iam
506 4336 601 4396 extra
631 4332 887 4398 controversiam
912 4337 1072 4397 versatur.
1099 4329 1178 4395 ltem
1204 4332 1238 4395 in
1262 4333 1400 4417 Digestis
1431 4337 1507 4397 ante

331 4458 456 4523 titulum
485 4456 535 4523 De
561 4457 722 4541 confessis
745 4456 885 4521 habetur
908 4458 1019 4523 titulus
1042 4456 1092 4521 De
1120 4456 1445 4542 interrogationibus
1467 4456 1505 4520 in
