3350 5117
440 315 485 361 nr
507 311 647 362 runicus
677 311 942 360 neccssrasrrcrs
1214 295 1281 360 509

195 436 267 502 496.
292 435 389 502 Aliud
413 435 583 501 dicendum
606 440 654 500 est
675 434 715 500 de
738 436 852 520 peritis
876 436 1091 500 constitution
1106 433 1211 500 iudice
1226 434 1280 499 vel
1349 525 1352 529 ι

114 582 131 623 a
152 559 288 645 partibus
310 567 346 627 ut
367 561 539 646 proterant
560 560 727 645 proprium
751 556 940 644 suffragium
957 565 990 626 et
1006 559 1175 624 consilium
1191 561 1281 626 circa

115 687 272 768 qualitates
295 691 328 752 et
351 692 501 752 naturam
523 685 660 752 alicuius
676 686 765 752 facti.
783 687 875 752 Tunc
898 685 1006 766 iudex,
1022 705 1068 752 em
1090 687 1167 751 iure
1177 686 1278 768 posit.

114 831 181 876 cao.
204 831 268 876 nou
291 813 418 896 cogitur
439 812 529 895 sequi
560 813 739 896 peritorum
772 812 963 896 opinionem,
985 810 1041 877 sed
1068 811 1218 896 legitimis
1240 811 1281 876 de

113 938 210 1001 causis
231 941 335 1022 potest
357 938 455 1002 etiam
478 938 675 1004 contrariam
699 935 778 1002 dare
801 937 1004 1002 sententiam.
1022 971 1066 985 -
1090 935 1279 1001 Huiusmodi

113 1063 190 1126 enim
213 1063 309 1147 periti
332 1068 407 1128 sunt
429 1069 537 1143 testes,
554 1064 606 1147 qui
626 1069 723 1128 antea
745 1061 785 1127 de
808 1062 895 1126 lacto
919 1061 1065 1127 sensibus
1088 1059 1213 1128 obiecto
1236 1066 1280 1125 te·

112 1185 184 1247 stari
206 1183 334 1258 debent
358 1183 442 1257 dein,
459 1183 599 1250 subsidio
614 1204 691 1249 suae
707 1185 789 1248 artis
812 1183 852 1248 de
869 1184 938 1248 eius
953 1182 1160 1267 qualitatibus
1183 1187 1216 1246 et
1232 1182 1280 1247 ef·

110 1307 249 1380 tectibus,
274 1328 338 1374 non
362 1285 593 1394 perspiciendis
616 1329 675 1393 per
698 1308 875 1394 simplicem
900 1310 1130 1396 inspectionem
1146 1313 1202 1373 aut
1218 1327 1281 1372 ma-

110 1433 251 1498 terialem
275 1435 525 1518 perceptionem,
538 1433 594 1498 sed
618 1435 758 1498 intimius
782 1432 965 1500 scrutandis
984 1452 1044 1520 per
1066 1432 1280 1498 discursuma

110 1576 200 1621 causa
214 1557 255 1624 ad
273 1553 416 1635 effectus,
433 1578 522 1624 suam
539 1561 732 1626 sententiam
747 1560 878 1644 aperire
897 1557 1023 1624 debent.
1042 1557 1190 1622 lamvero
1207 1556 1283 1640 quia

109 1679 215 1746 iudicis
239 1687 289 1747 est
312 1683 505 1746 sententiam
527 1681 624 1746 edere
640 1679 847 1752 definitivam,
866 1699 1000 1763 eamque
1015 1699 1058 1744 ex
1073 1677 1198 1746 morali
1214 1695 1281 1742 cer-

108 1803 243 1870 titudine
267 1823 324 1870 seu
347 1825 390 1870 ex
414 1803 591 1870 subiectiva
614 1805 824 1890 persuasione
847 1802 1009 1889 proterre,
1022 1820 1087 1865 non
1107 1802 1137 1866 ei
1153 1800 1202 1864 fas
1219 1799 1282 1863 erit

105 1927 283 1994 adhaerere
305 1930 484 2015 peritorum
514 1926 669 2016 suffragio
699 1930 826 2014 quando
851 1949 962 1994 eorum
985 1927 1282 2014 argumentationes

105 2070 164 2114 non
189 2053 234 2117 illi
257 2053 474 2139 persuadeant
497 2055 758 2138 consequentiam
782 2054 816 2118 iu
839 2071 934 2136 quam
951 2051 1134 2118 deveniunt.

188 2177 315 2242 Verum
338 2178 400 2241 iuri
425 2178 560 2262 positivo
584 2179 637 2242 ria
659 2181 748 2263 patet
773 2175 870 2242 dandi
893 2177 1072 2242 sententiae
1102 2176 1280 2262 peritorum

103 2304 222 2364 tantun
245 2303 313 2366 vim
335 2307 372 2368 ut
393 2302 434 2368 ab
458 2302 570 2369 eadem
593 2302 760 2369 discedere
783 2323 849 2368 non
880 2303 988 2368 valeat
1018 2302 1129 2378 iudex;
1163 2307 1196 2366 et
1218 2302 1281 2366 hoc

103 2422 221 2490 obtinet
243 2427 294 2491 ins
317 2427 488 2512 positivum
511 2426 726 2509 decernendo,
744 2427 926 2512 opinionem
941 2428 1121 2512 peritorum
1139 2426 1280 2490 unanimi

101 2544 253 2634 suffragio
268 2554 381 2636 utputa
404 2550 652 2624 manifestatam,
669 2553 867 2616 constituere
885 2549 1125 2633 probationem
1139 2553 1281 2634 plenam

99 2671 253 2754 tequlem,
278 2692 395 2758 nempe
426 2672 639 2739 sufficientem
662 2673 702 2738 ad
725 2675 917 2740 sententiam
947 2671 1152 2738 definitivam.
1179 2673 1281 2738 ludex

100 2799 182 2860 enim
207 2803 286 2862 tnnc
310 2798 518 2864 conformare
541 2798 635 2864 debet
650 2800 816 2886 proprium
834 2798 983 2864 iudicium
999 2797 1076 2864 huic
1089 2798 1280 2884 probationi,

98 2941 190 3003 quam
217 2925 289 3010 ipsa
312 2925 368 2989 lex
392 2925 437 2988 uti
461 2923 591 3009 plenam
614 2924 771 2990 decernit.
789 2927 833 2989 At
849 2925 911 2988 iam
935 2923 1133 2990 advertimus
1156 2928 1210 2990 tus
1220 2943 1282 3006 po·

96 3044 146 3109 ot.
172 3068 251 3114 cau.
276 3048 363 3114 hanc
378 3049 444 3114 vim
460 3068 525 3114 non
542 3049 717 3114 contulisse
731 3050 911 3136 peritorum
927 3049 1106 3114 sententiae
1122 3046 1177 3134 (l).
1196 3049 1282 3114 Hinc

183 3258 225 3326 (l)
246 3258 312 3312 cod.
331 3258 378 3311 cit.
399 3258 481 3326 Greg.
501 3258 632 3312 ordinans
651 3259 844 3328 probationem
869 3274 918 3326 per
937 3258 1040 3327 peritos
1059 3275 1083 3311 a.
1102 3258 1155 3311 686
1175 3275 1231 3329 seq.
1251 3259 1281 3313 iu

97 3365 146 3420 boc
165 3369 341 3439 propositum
362 3370 403 3422 ita
422 3369 548 3424 decernit
566 3387 591 3422 a
609 3370 678 3422 720:
696 3384 714 3422 c
735 3369 846 3424 Iudices
864 3387 920 3423 uon
940 3379 1078 3440 coquntur
1101 3375 1283 3441 consummare

91 3475 245 3542 proprium
265 3474 403 3526 iudicium
423 3473 549 3543 opinioni
563 3476 722 3544 peritorum
742 3485 839 3528 contra
858 3476 1008 3545 proprium
1023 3479 1237 3546 persuasionem
1256 3493 1281 3542 tt,

94 3577 165 3631 ldem
195 3579 254 3632 iam
281 3579 443 3634 decreverat
471 3579 530 3634 cod.
553 3595 672 3650 proces-a
693 3579 765 3634 Gall.
786 3597 810 3633 a.
836 3579 899 3644 323,
921 3580 1049 3651 idemque
1073 3581 1198 3636 decernit
1222 3583 1282 3636 cod.

94 3699 215 3749 process.
238 3682 302 3738 ltal.
316 3701 340 3737 a
361 3685 422 3738 270.
436 3713 470 3726 -—
484 3686 608 3756 Antiqua
621 3684 838 3754 iurisprudentie
857 3691 1031 3755 expresserat
1044 3687 1096 3741 hoc
1115 3687 1281 3756 principium

93 3789 142 3843 illo
160 3792 309 3846 axiomata
328 3809 344 3843 ‹
365 3794 474 3847 dictum
489 3797 649 3863 peritorum
667 3811 810 3863 nunquam
836 3795 937 3848 transit
955 3797 985 3848 in
1010 3811 1072 3850 rem
1091 3799 1279 3851 iudicatum»

91 3893 121 3948 ln
140 3898 242 3951 codice
264 3896 440 3964 Germanico,
453 3897 494 3951 uti
515 3898 543 3951 in
556 3901 635 3952 textu
648 3897 717 3951 iuris
730 3915 790 3974 cap.
804 3915 860 3952 nen
873 3898 993 3954 habetur
1006 3917 1137 3969 expressa
1152 3902 1280 3956 definitio

92 3993 174 4050 bilius
194 3998 382 4069 quaestionis,
400 4016 472 4070 quae
491 4004 584 4056 tamen
604 4001 739 4071 implicite
760 4001 910 4056 resolvitur
936 4020 984 4072 per
1003 4003 1079 4056 aliud
1098 4004 1277 4074 principium,

90 4123 192 4175 nernpe
212 4107 336 4162 iudicem
354 4125 442 4180 usque
461 4109 562 4165 debere
579 4111 703 4165 indicare
721 4111 801 4164 iuxta
820 4128 898 4164 suam
919 4113 1134 4181 persuasionem,
1153 4113 1277 4182 exceptis

89 4214 203 4278 casibus
225 4215 256 4267 in
276 4216 377 4284 quibus
395 4215 480 4270 elicui
500 4219 656 4286 probationi
676 4220 718 4272 cis
738 4221 842 4291 tepolis
861 4221 895 4273 ab
916 4219 976 4290 ipso
995 4220 1055 4275 inre
1074 4220 1215 4290 tribuitur,
1236 4222 1277 4274 nti

89 4323 122 4373 stt
141 4323 171 4375 iu
193 4324 478 4392 praesumptionibus.
498 4324 659 4379 Huiusmodi
679 4331 737 4379 vim
756 4328 879 4398 repetem
898 4327 998 4397 plenae
1023 4327 1194 4396 probationis
1213 4343 1278 4382 sen-

89 4430 200 4483 tcntiae
222 4430 381 4498 peritorum
402 4431 538 4484 concessit
551 4433 640 4486 codex
652 4433 730 4486 Aust.
740 4449 866 4503 process.
882 4427 931 4486 c‘io.
946 4436 982 4498 ἐξ
996 4433 1069 4499 258,
1082 4433 1158 4498 259,
1172 4433 1283 4504 quando
