3350 5117
304 284 350 350 38
832 303 916 351 raas
940 304 961 350 1.

310 428 420 489 sectae
443 424 657 498 massonicae;
681 442 778 506 quum
802 442 846 488 ex
868 428 969 489 const.
992 421 1109 506 Apost.
1134 421 1211 489 Sed.
1236 422 1356 497 fideles,
1371 422 1490 508 poenis

311 550 521 624 comminatis,
534 548 718 635 obligentur
728 548 769 613 ad
780 548 960 615 huiusmodi
973 550 1109 614 crimina
1120 549 1354 616 denuncianda.
1368 552 1486 616 Trans·

310 675 398 739 actio
412 694 503 751 vero,
519 674 598 738 inita
613 694 633 739 a
650 674 843 739 Promotore
859 674 978 739 Fisoali
992 694 1064 739 cum
1079 672 1292 758 delinquente,
1307 681 1392 741 esset
1406 696 1485 761 gra-

310 801 398 867 viter
425 801 613 877 criminosa;
637 803 711 886 quia
736 800 891 888 proderet
916 798 1055 866 officium
1078 800 1248 887 publicum.
1273 838 1316 851 ·-
1342 802 1491 869 Proinde

309 923 566 991 concludendum
590 929 648 999 est,
673 927 745 991 iure
767 944 839 990 can.
863 925 950 990 etin
975 924 1046 989 loro
1070 924 1150 989 eccl.
1174 926 1426 991 transactionem
1451 928 1488 991 in·

307 1048 530 1117 criminalibus
542 1071 605 1115 uon
623 1051 756 1118 admitti.
771 1052 871 1117 Hisce
887 1050 1145 1119 conclusionibus
1160 1050 1288 1117 videtur
1303 1051 1489 1118 adhaerere

309 1179 356 1243 De
380 1177 525 1263 Angelis,
551 1178 581 1241 b.
606 1182 628 1243 t.
651 1197 686 1241 m
710 1176 735 1243 3
756 1177 795 1242 im
816 1179 874 1264 firi.
1522 1150 1525 1155 Ι

400 1303 452 1369 12.
477 1303 718 1395 Trea-sactionis
741 1304 876 1386 effectus
899 1310 947 1371 est
970 1302 1142 1388 primarius
1169 1308 1202 1369 et
1225 1303 1413 1381 essentialis,
1436 1303 1488 1368 liti

306 1426 404 1493 linem
427 1429 594 1511 imponere
618 1432 722 1523 motae
744 1406 799 1491 vel
821 1425 1009 1508 movendae,
1033 1446 1103 1514 arg.
1128 1449 1202 1511 cap.
1232 1430 1257 1503 l,
1284 1428 1314 1492 b.
1341 1434 1361 1492 t.
1385 1429 1427 1494 X.

316 1518 399 1539 Ἁ

402 1551 433 1639 l)
458 1534 567 1626 Quare
591 1570 744 1637 peream
768 1550 924 1616 tolluntur
947 1570 1057 1617 omnes
1084 1554 1236 1618 actiones.
1263 1553 1491 1639 obligationes,

309 1676 525 1763 probationes,
550 1676 765 1742 instrumenta
786 1681 820 1740 et
843 1676 915 1740 iura
937 1676 968 1740 in
986 1678 1184 1742 contrarium
1204 1679 1383 1749 militantia,
1401 1680 1491 1761 quia?

309 1802 356 1865 ait
370 1799 487 1865 Glossa
510 1798 545 1864 V.
562 1797 756 1865 habitorum
771 1817 847 1881 cap.
861 1798 924 1872 eit,
938 1804 1032 1885 pacta
1043 1800 1216 1864 novissima
1233 1800 1349 1864 tollunt
1364 1802 1491 1886 priora.

312 1924 362 1989 Re
384 1922 511 2007 quidem
542 1940 622 1986 vera
652 1920 810 1988 obiectum
834 1922 929 1987 huius
959 1928 1145 1988 contractus
1175 1929 1224 1990 est
1248 1944 1301 1987 res
1324 1922 1427 1997 dubia,
1454 1930 1488 1990 et

312 2048 453 2134 litigiosa
476 2048 515 2113 de
538 2068 602 2132 qna
624 2049 780 2114 iudicialis
809 2050 968 2115 sententia
992 2050 1170 2116 decernere
1201 2051 1372 2125 debuisset,
1396 2053 1494 2117 iuxta,

310 2175 497 2241 instantiam
521 2175 554 2238 in
578 2174 694 2239 iudicio
710 2174 903 2260 propositam
928 2178 962 2239 et
983 2175 1056 2239 iura
1078 2194 1133 2239 seu
1149 2174 1356 2261 probationes
1371 2178 1405 2241 in
1420 2196 1486 2240 me-

312 2298 400 2365 dium
422 2300 548 2364 allatas.
567 2302 612 2364 nt
633 2304 743 2385 partes
765 2300 1016 2364 transactionem
1040 2302 1196 2375 ineuntes,
1220 2300 1409 2375 deliberant,
1427 2322 1494 2385 per·

308 2415 428 2488 novum
452 2428 591 2509 pactum,
615 2422 833 2489 determinare
857 2424 1110 2487 controversiam
1134 2422 1253 2506 absque
1270 2424 1335 2488 ulla
1350 2424 1487 2489 iuridica

309 2548 506 2633 quaestionis
529 2547 713 2633 agitatione.
738 2546 846 2621 Quare
877 2566 915 2611 ea
945 2547 1154 2613 transactioni
1177 2549 1262 2613 inest
1286 2550 1342 2619 vis,
1368 2567 1492 2611 novarm·

309 2672 482 2738 inducendi
505 2672 733 2758 obligationem
756 2692 815 2757 per
838 2691 933 2756 quam
956 2672 1112 2739 tollantur
1127 2674 1272 2737 anterior
1288 2671 1438 2757 obligatio
1455 2679 1489 2737 et

270 2840 275 2862 .
310 2800 420 2863 omnia
442 2800 524 2863 iura·
538 2800 566 2863 ei
591 2797 802 2863 cohaerentia
821 2818 877 2863 seu
902 2797 1045 2863 actiones
1069 2802 1101 2863 et
1116 2798 1329 2865 instrumenta
1344 2816 1401 2863 seu
1417 2818 1497 2883 pro--

308 2924 464 2991 bationes.

402 3049 437 3134 2)
453 3047 604 3144 Qde
625 3049 801 3146 transactio
824 3046 942 3112 dicitur
965 3046 1028 3111 frui
1053 3047 1132 3112 iuris
1155 3046 1238 3111 laver
1251 3070 1277 3115 e.
1296 3047 1336 3111 ob
1360 3048 1429 3112 eius
1444 3048 1494 3113 el-

313 3172 459 3239 licaciam
484 3172 530 3261 dd.
548 3172 620 3255 lites
638 3140 901 3255 *praeveniendas
920 3174 953 3235 et
976 3168 1218 3269 extinguendas.
1239 3170 1324 3235 ilinc
1347 3189 1496 3235 canones

314 3278 461 3366 eamdem
486 3296 651 3362 inculcant
665 3316 879 3381 magnopere:
895 3316 966 3379 arg.
983 3314 1057 3378 cup.
1074 3295 1120 3369 11,
1138 3294 1169 3358 h.
1187 3299 1206 3358 t.
1223 3296 1257 3359 X
1264 3314 1276 3375 ;
1293 3292 1389 3360 iudea
1408 3313 1496 3359 vero

313 3422 354 3487 de
381 3421 525 3487 eiusdem
557 3419 668 3485 valore
699 3438 808 3504 agens,
833 3419 929 3485 etiam
961 3420 993 3483 in
1018 3420 1123 3483 causis
1149 3418 1225 3502 piis,
1252 3438 1321 3481 eam
1349 3415 1496 3502 probare

316 3550 350 3609 et
364 3540 560 3609 confirmare
576 3541 679 3613 debet,
694 3542 752 3605 etsi
769 3540 937 3607 Ecclesiae
952 3540 1005 3605 vel
1020 3540 1091 3604 loco
1107 3539 1159 3624 pio
1171 3559 1287 3621 magua
1312 3558 1375 3603 non
1396 3538 1491 3603 obve-

313 3672 383 3735 niat
405 3669 539 3744 utilitas;
564 3669 639 3752 quia
660 3667 734 3731 lites
756 3672 908 3733 avertere
931 3671 979 3729 est
1002 3666 1065 3728 iam
1089 3664 1262 3729 maximum
1279 3661 1407 3727 bonum.
1426 3662 1491 3727 Sed

314 3796 487 3879 bicfaror
509 3793 737 3861 transactionis
767 3812 831 3855 non
864 3792 907 3855 ita
930 3790 1023 3855 debet
1053 3788 1188 3875 intelligi
1213 3788 1296 3871 quod
1327 3790 1492 3853 intrans·

313 3921 444 3987 actione
467 3918 710 4006 interpretanda
732 3916 789 3985 fiat
811 3915 957 3982 extensio
974 3915 1065 3981 dere
1084 3915 1277 3980 ad1·em.‹le
1295 3934 1433 4000 persona
1449 3915 1492 3979 ad

311 4064 500 4132 personam3
524 4064 597 4109 nam
614 4049 738 4123 contra,
756 4044 801 4108 uti
817 4042 862 4106 ait
878 4038 1076 4105 D’Annibale
1092 4038 1148 4124 (Il,
1166 4060 1196 4104 n.
1214 4040 1301 4123 5.'›8):
1322 4060 1340 4101 c
1360 4036 1498 4105 Traeis--

312 4169 401 4236 actio
413 4168 660 4235 strictissimam
672 4165 985 4249 interpretationem
995 4164 1145 4247 recipit»
1160 4184 1229 4249 arg.
1245 4164 1264 4227 l.
1283 4167 1308 4237 l,
1326 4163 1405 4230 Cocl.
1420 4163 1451 4227 b.
1469 4168 1496 4228 l..

313 4293 394 4358 Nam
417 4291 535 4357 bonum
559 4295 618 4364 est,
638 4290 726 4354 cives
749 4289 789 4354 ad
811 4288 1047 4353 transactiones
1071 4286 1226 4352 ineundas
1250 4286 1413 4366 devenire,
1433 4284 1492 4350 secl

310 4439 371 4506 per
386 4420 497 4484 initam
513 4417 772 4497 transactionem,
790 4418 922 4480 loretum
943 4417 1152 4478 transactum
1168 4417 1334 4497 quaedum
1354 4428 1497 4493 cmpres-
