3350 5117
276 332 320 397 22
798 352 883 399 rans
908 350 929 397 1.

277 470 379 537 tutela
402 477 435 539 et
456 473 594 539 veritate
610 472 775 538 commode
793 472 989 559 detegenda:
1006 494 1048 539 en
1064 475 1154 561 leges
1165 494 1347 558 processus
1366 476 1454 543 iudi·

277 593 389 676 ciah's‚
414 595 527 678 quibus
550 594 680 661 subesse
710 596 830 663 debent
856 596 971 673 iudex,
995 603 1088 665 ector
1119 603 1152 663 et
1181 617 1275 680 reus,
1299 616 1361 664 nec
1385 618 1453 665 non

277 735 374 783 cause
389 717 429 782 de
445 737 508 802 qua
530 719 654 804 agitur;
670 721 753 785 haec
777 720 863 785 enim
879 727 962 796 sunt,
979 742 1095 807 nempe
1116 721 1234 801 iudex,
1251 726 1356 804 actor,
1371 741 1455 789 reus

277 846 310 908 et
332 847 423 907 certe
441 860 559 917 ,causet
585 842 741 909 iudicialis
764 844 978 909 contentionis
1001 844 1160 909 elementa
1181 843 1377 909 essentialia.

366 966 406 1031 In
429 966 530 1051 pactis
553 986 634 1032 vero
661 968 838 1039 conventis,
862 966 1041 1032 attenditur
1067 972 1190 1033 tantum
1221 967 1455 1053 paciscentium

277 1092 441 1166 voluntas,
472 1112 555 1177 quae
583 1098 691 1159 tamen
726 1098 760 1160 et
794 1095 866 1180 ipsa
895 1095 995 1160 certis
1027 1094 1152 1181 legibus
1186 1115 1305 1181 parere
1339 1096 1452 1172 debet;

278 1237 378 1302 quare
411 1217 594 1305 singillatim
630 1219 788 1305 agendum
825 1221 888 1285 erit
923 1219 963 1285 de
1002 1219 1312 1293 Transactiooibus
1344 1226 1377 1286 et
1410 1221 1453 1286 de

276 1340 435 1408 Arbitris.
1008 1416 1011 1420 ‚

366 1466 397 1529 4.
422 1464 500 1531 Cum
524 1464 721 1551 reipublicae
745 1467 896 1553 expediat
917 1468 990 1535 lites
1012 1488 1192 1553 perpaucas
1214 1487 1296 1548 esse,
1312 1465 1456 1534 easdem·

277 1607 339 1671 que
361 1586 561 1673 expeditiore
584 1590 711 1656 ratione
734 1588 871 1661 deliniri.
896 1596 983 1677 patet
1005 1592 1088 1676 quod
1115 1593 1165 1656 ius
1194 1592 1364 1677 positivum
1387 1611 1453 1656 ma-

277 1710 363 1776 xime
386 1710 499 1777 lavere
523 1709 617 1777 debet
639 1710 690 1777 his
713 1710 855 1816 pacitlcis
876 1713 978 1781 litium
1003 1714 1295 1799 compositionibus.

366 1835 420 1900 Ius
443 1836 632 1901 canonicum
655 1855 862 1923 magnopere,
883 1838 988 1922 prouti
1011 1838 1183 1903 Ecclesiae
1207 1836 1330 1903 indoles
1353 1856 1454 1923 expo·

276 1955 424 2038 stulabat,
441 1956 561 2024 studuit
583 1957 646 2024 hoc
668 1959 702 2023 in
724 1979 832 2025 mores
856 1959 1011 2025 inducere
1034 1961 1235 2047 populorum.
1261 1962 1329 2026 Iam
1354 1960 1455 2025 Divus

278 2080 397 2146 Paulus
420 2082 597 2147 incelebri
621 2088 715 2150 textu
737 2084 843 2168 Epist.
868 2088 935 2149 Iste
957 2086 1005 2151 act
1029 2086 1219 2154 Corinthios
1244 2106 1318 2170 cup.
1344 2086 1368 2152 6
1392 2082 1448 2172 (l),

274 2205 458 2271 inculcabat
480 2212 515 2272 ut
530 2205 642 2273 fideles
665 2227 685 2273 a
700 2207 883 2275 forensibus
906 2209 1025 2295 litigiis,
1043 2230 1105 2294 quo
1120 2212 1222 2296 magis
1245 2208 1318 2276 fieri
1333 2215 1452 2296 posset,

274 2332 493 2412 abstinerent3
517 2334 558 2401 ad
582 2337 822 2401 controversias
852 2356 933 2402 vero
963 2336 1160 2402 dirimendas
1190 2340 1281 2423 quasi
1311 2336 1454 2404 arbitros

275 2457 435 2545 eligerent
464 2460 550 2525 inter
579 2480 614 2527 se
644 2462 866 2546 sapientiores,
890 2461 1018 2527 evitatis
1043 2461 1248 2527 ethnicorum
1270 2461 1406 2527 iudiciis.
1432 2498 1452 2510 -
1496 2454 1499 2459 ’

275 2582 372 2649 Cuius
387 2584 649 2670 praescriptionis
664 2583 747 2650 duae
763 2590 858 2650 erant
875 2587 1034 2661 lationem
1050 2586 1155 2652 altera
1170 2585 1452 2651 extraordinario

275 2729 335 2795 pro
358 2714 459 2777 status
482 2709 619 2777 infidelis
641 2710 833 2792 conditione,
858 2713 974 2797 quippe
998 2711 1173 2777 dedecebat
1195 2711 1389 2775 christianos
1411 2708 1454 2774 ab

276 2836 413 2902 ethnicis
437 2834 588 2911 iudicari;
620 2835 726 2901 altera
748 2836 931 2903 ordinaria
961 2856 1032 2921 qua,
1056 2837 1089 2901 in
1112 2836 1309 2908 universum,
1334 2854 1451 2899 consu·

275 2961 353 3027 litur
375 2963 459 3028 ratio
482 2958 635 3048 pacificae
659 2962 898 3047 compositionis
921 2961 953 3025 in
977 2961 1115 3047 negotiis
1137 2959 1294 3044 litigiosis.
1320 2995 1337 3008 -
1363 2960 1454 3046 Apo-

279 3092 426 3159 stolicum
450 3094 666 3177 praeceptum,
686 3090 730 3153 uti
746 3108 806 3173 par
828 3093 909 3168 erat,
925 3088 958 3152 in
974 3106 1081 3152 mores
1100 3086 1288 3172 pertransiit
1306 3084 1453 3150 christia·

274 3237 408 3293 norum;
424 3217 616 3303 praesertim
639 3213 867 3280 accedentibus
891 3213 1092 3279 Constantini
1115 3218 1149 3275 et.
1164 3210 1336 3276 Theodosii
1352 3212 1455 3298 lmpe

276 3347 419 3407 natorum
436 3338 723 3411 constitutionibus,
741 3337 857 3421 quibus
879 3333 1027 3401 fidelibus
1041 3336 1095 3401 via
1117 3333 1324 3399 sternebatur
1346 3333 1454 3399 facilis

275 3462 458 3529 executioni
481 3460 661 3526 huiusmodi
684 3459 835 3525 mandati.
861 3459 899 3523 In
924 3457 999 3523 Cod.
1031 3456 1254 3522 Theodosiano
1285 3454 1370 3543 (Lib.
1397 3456 1452 3529 16.

281 3587 342 3653 Tit.
367 3585 422 3652 De
444 3584 556 3669 Episc.
580 3584 660 3650 aud.
685 3584 706 3649 l.
731 3582 757 3668 l)
784 3581 930 3647 retertur
953 3581 1152 3647 Constantini
1177 3579 1377 3645 constitutio:
1401 3579 1456 3645 De

364 3826 404 3899 (l)
424 3828 499 3881 Haec
518 3831 582 3882 sunt
601 3827 731 3881 norbae«
749 3825 843 3880 Audet
860 3824 962 3895 aliquis
979 3828 1111 3888 vestrum,
1125 3824 1231 3879 babens
1243 3824 1386 3894 negotium
1405 3825 1456 3878 ad·

274 3952 369 3989 versus
387 3934 517 3999 alterum,
535 3932 651 3987 iudicari
670 3932 743 4002 apud
770 3932 880 4004 iniquos
898 3935 928 3987 et
951 3946 1007 3985 non
1025 3931 1097 4001 apud
1118 3926 1251 3983 sanctosl
1269 3931 1313 3984 An
1338 3930 1453 3984 nescitis

274 4041 405 4113 quoniam
424 4040 512 4095 sancti
531 4039 565 4093 de
584 4038 635 4094 hoc
656 4039 758 4095 mundo
777 4036 995 4093 iudicabuntl...
1015 4037 1177 4093 Saecularia
1194 4038 1281 4107 igitur
1301 4036 1403 4091 iudicia
1427 4038 1451 4089 si

275 4148 438 4215 habueritis,
452 4146 676 4217 contemptibiles
693 4148 741 4219 qui
755 4148 862 4201 suntin
876 4146 1008 4212 Ecclesia,
1022 4146 1087 4200 illus
1102 4146 1264 4201 constituite
1277 4146 1311 4199 ad
1329 4146 1455 4200 iudican-

274 4256 348 4309 dum.
367 4255 411 4308 Ad
429 4255 622 4310 verecundiam
641 4258 761 4311 vestram
780 4254 851 4309 dieo.
871 4254 916 4309 Sic
934 4270 991 4309 non
1016 4260 1059 4309 est
1084 4256 1158 4309 inter
1180 4269 1229 4308 vos
1250 4254 1361 4324 sapiens
1379 4254 1454 4325 quis·

275 4382 357 4435 quam
378 4363 424 4434 qui
443 4363 531 4433 possit
549 4361 671 4418 iudicare
690 4362 764 4417 inter
782 4364 897 4416 lintrem
922 4358 1021 4416 suuml
1040 4362 1092 4418 Sed
1117 4364 1205 4417 frater
1223 4378 1285 4416 cum
1304 4363 1392 4417 fratre
1410 4362 1455 4415 iu-

274 4471 347 4525 dicio
366 4470 508 4525 contendit
526 4475 555 4525 et
573 4468 625 4523 hoe
645 4469 716 4539 apud
735 4469 861 4525 infideles
878 4486 904 4525 a.
