3350 5117
301 280 365 343 448
827 278 910 346 raas
937 300 958 345 1.

390 422 456 485 Pro
483 442 519 487 re
543 428 654 487 nostra
680 425 855 510 praecipue
880 425 1006 489 adverti
1035 425 1144 497 debet.
1171 425 1353 491 huiusmodi
1384 446 1480 491 rece-

299 546 439 626 ptionem
463 544 534 609 fieri
557 567 650 631 posse
673 546 981 614 emtraiudiciatitcr
1004 549 1143 622 omnino,
1161 569 1218 612 seu
1242 553 1415 632 antequam
1440 550 1482 614 lis

275 641 477 743 mereatur,
494 690 532 734 eo
556 671 750 744 consiliant
774 693 851 738 casu
882 675 945 737 litis
977 678 1143 757 promotae
1167 694 1230 739 non
1255 673 1363 739 desint
1397 679 1480 740 atte-

299 794 452 858 stationes
486 814 568 879 pone
605 798 808 861 necessariae
843 798 883 861 ad
918 797 1005 862 litem
1041 797 1263 868 dirimendam,
1301 817 1383 881 quae
1418 798 1481 863 nisi

261 894 263 899 ⁵
301 916 497 1001 recipiantur
528 924 603 982 ante
632 920 730 989 litem,
756 924 868 1004 postea
895 919 1017 1000 forsan,
1042 919 1220 985 demortuis
1250 920 1391 991 testibus,
1416 940 1480 984 arn·

299 1038 382 1121 plius
412 1039 546 1123 produci
579 1060 642 1105 non
673 1047 810 1127 possent.
837 1044 928 1107 Tunc
960 1042 1080 1108 dicitur
1110 1012 1212 1126 recipi
1241 1044 1403 1109 attestatio
1434 1044 1481 1109 ad

215 1168 217 1175 '
295 1167 500 1243 perpetuum
515 1164 566 1229 rei
583 1165 794 1231 memorium.
811 1202 855 1213 -
873 1166 945 1230 Huc
960 1172 1108 1251 spectant
1123 1168 1252 1231 testium
1274 1168 1481 1252 receptiones

301 1285 406 1348 sactae
430 1288 461 1350 in
485 1287 659 1353 condendis
682 1290 914 1353 instrumentis
933 1290 1121 1355 Huiusmodi
1145 1310 1239 1355 casus
1263 1310 1418 1375 expresse
1436 1291 1480 1353 in-

301 1414 410 1477 nuitur
426 1412 465 1476 ab
490 1414 561 1477 lnn.
585 1415 633 1479 ΙΙΙ
651 1416 682 1478 in
699 1434 775 1497 cap.
793 1414 835 1479 41
852 1415 902 1481 De
918 1421 987 1481 test.
1001 1422 1032 1481 et
1047 1422 1153 1482 attest.
1166 1418 1201 1481 X
1215 1416 1270 1500 (ll,
1284 1413 1352 1503 20),
1366 1418 1399 1482 in
1416 1436 1481 1500 quo

300 1536 456 1621 agebatur
486 1536 525 1602 de
557 1540 800 1603 renunciatione
831 1540 912 1603 iuris
942 1544 1130 1624 patronatus
1160 1542 1249 1605 facta
1275 1561 1297 1605 a
1320 1541 1480 1607 nobilibus

300 1661 486 1744 quibusdam
516 1662 595 1727 viris
628 1667 661 1728 in
693 1666 838 1751 llioecesi
870 1665 1049 1748 Sabinensi,
1068 1669 1120 1751 qui
1150 1668 1228 1732 illud
1258 1669 1480 1751 acquisierant

300 1784 466 1867 quamdam
492 1785 668 1850 Ecclesiam
688 1785 897 1852 aedificantes
921 1794 954 1853 et
977 1788 1132 1855 dotantes.
1153 1791 1200 1855 b'e
1225 1792 1490 1879 renunciationis

300 1911 468 1976 obliterata
492 1887 654 1985 memoria,
668 1916 780 1998 postea
803 1912 1011 1979 fundatorum
1038 1914 1178 1980 heredes
1208 1915 1269 1981 sibi
1298 1918 1345 1980 ius
1369 1922 1478 2002 patro-

299 2038 394 2097 natus
408 2034 622 2116 vindicarent,
640 2037 806 2101 Ecclesiae
832 2043 941 2102 rector
964 2038 1055 2124 petiit
1076 2058 1097 2101 a
1119 2037 1283 2103 iudicent
1298 2044 1399 2105 testes
1423 2058 1479 2103 re-

299 2158 423 2241 ciperet
444 2158 484 2221 ad
509 2159 585 2223 facti
613 2166 799 2245 perpetuam
828 2163 1024 2226 memoriam.
1051 2162 1113 2227 Sed
1137 2162 1235 2227 iudex
1264 2161 1413 2228 dubitans
1436 2182 1479 2227 ne

299 2280 427 2344 testium
452 2284 627 2366 receptioni
644 2256 950 2349 obstaret'defectus
971 2285 1037 2349 litis
1060 2290 1268 2357 contestatae,
1289 2282 1477 2350 Pontificem

300 2401 460 2464 consuluit
475 2402 528 2484 qui
546 2402 723 2488 respoudit:
744 2427 762 2465 c
781 2403 945 2474 Quocirca
962 2406 1180 2486 recedamus,
1196 2410 1365 2489 quatenus
1381 2410 1480 2471 testes

299 2520 446 2593 idorwos,
464 2541 548 2605 quos
571 2525 643 2605 ipsc
664 2544 769 2608 super
794 2526 857 2591 hoc
879 2526 1020 2590 duxerit
1035 2526 1285 2610 producendos,
1299 2526 1478 2592 examines

299 2648 478 2735 (litipenter
494 2654 659 2716 eteorum
674 2652 764 2717 dicta
785 2652 822 2717 in
836 2652 977 2735 publica
991 2652 1103 2738 redipi
1117 2652 1229 2733 facias
1244 2657 1477 2726 monumenta,

299 2770 538 2837 dermnciundo
553 2772 796 2854 [caelatoribus
819 2775 997 2840 antedictis
1020 2776 1072 2840 oet
1096 2794 1215 2840 eorum
1239 2772 1419 2839 lteredibus
1440 2779 1479 2838 ut

298 2898 481 2979 receptioni
506 2884 689 2963 tertiumsi
715 2900 816 2965 uelint
840 2898 1016 2964 intersint:
1039 2905 1069 2964 ct
1092 2918 1199 2980 super
1214 2896 1478 2963 denunciatione

297 3025 346 3090 sic
367 3026 470 3107 sacta,
492 3026 610 3111 confici
631 3026 742 3107 facim
761 3024 941 3107 publicum
964 3026 1228 3092 instrumentum
1254 3023 1348 3110 ›(l).
1374 3023 1477 3098 Quam

298 3148 331 3212 in
355 3149 591 3235 dispositionem
616 3148 678 3215 duo
701 3152 877 3235 praecipue
901 3149 1129 3214 advertantur:

389 3272 420 3357 1)
444 3272 507 3337 hac
531 3273 665 3350 ratione,
685 3273 715 3335 in
732 3274 865 3357 genere‘
878 3272 995 3345 solere,
1012 3270 1116 3354 quoad
1140 3276 1231 3335 certa
1254 3270 1351 3351 facta,
1364 3274 1477 3354 utputa

298 3396 393 3459 initos
409 3399 603 3467 contractus,
617 3395 847 3479 praeconstitui
865 3396 1113 3459 instrumentum
1129 3394 1349 3479 probatorium
1370 3394 1410 3459 ad
1428 3392 1476 3457 rei

298 3527 484 3607 perpetuam
517 3524 712 3593 memoriam,
738 3527 770 3585 et
799 3520 841 3585 ad
868 3520 1091 3606 repellendam
1122 3512 1319 3586 contrariam
1350 3522 1477 3607 impeti-

297 3647 418 3712 tionem
442 3668 498 3713 seu
523 3648 705 3712 instantiam
729 3648 870 3710 maxime
894 3647 1087 3712 iudicialem.

386 3773 419 3859 2)
445 3773 667 3849 Nihilominus,
692 3774 751 3837 etsi
782 3774 946 3858 negotium
978 3775 1085 3859 agitur
1117 3774 1375 3846 extraiudiciale,
1399 3794 1477 3859 pars

297 3897 389 3959 cuius
424 3897 561 3961 interest
597 3895 805 3959 convocanda
847 3903 913 3988 est,
946 3896 1072 3980 quando
1104 3898 1225 3982 scripto
1261 3898 1476 3961 instrumento

298 4020 540 4083 committuntur
566 4020 693 4083 testium
721 4018 948 4103 depositiones,
974 4024 1009 4084 ut
1032 4020 1101 4105 ipsa
1131 4020 1255 4085 sivein
1279 4024 1379 4085 testes
1406 4020 1478 4084 sive

387 4300 426 4372 (l)
447 4304 475 4354 lu
496 4302 634 4357 codicibus
654 4302 794 4357 hodiernis
812 4303 870 4356 fere
892 4302 987 4356 iisdem
1001 4304 1093 4357 uerbis
1113 4304 1278 4371 exprimitur
1296 4302 1348 4356 hoc
1366 4300 1477 4354 institu-

298 4406 710 4477 tumor.Coo.cit.n1·eg.cap.
723 4408 767 4473 lV,
784 4408 857 4461 Dell‘
866 4424 959 4462 esame
978 4427 994 4460 a
1013 4412 1111 4479 [utura
1126 4410 1268 4474 menmria,
1282 4412 1333 4461 art.
1347 4405 1401 4461 683
1417 4422 1475 4476 seq.
