3350 5117
314 264 382 331 436
853 282 938 329 rans
962 283 984 328 1.

318 405 455 470 exordio
468 405 544 479 litis;
557 406 726 470 istaevero
739 406 924 469 excitantur
935 404 994 469 sub
1006 407 1113 489 specie
1126 406 1324 489 exceptionis
1335 406 1405 469 sive
1415 404 1502 470 dila·

320 532 429 597 tortae
444 531 513 595 sive
524 530 787 613 peremptoriae.
805 528 915 604 Quare
928 531 960 593 in
972 549 1046 610 cap.
1064 530 1097 603 4,
1116 529 1165 594 De
1179 535 1309 611 except.
1322 529 1357 593 X
1368 528 1501 635 (1135)

313 661 459 727 cavetur,
477 675 497 717 a
513 653 616 719 iudice
632 660 756 719 certum
773 662 900 739 tempus
913 653 1142 738 assignandum
1163 674 1234 719 esse
1258 674 1318 738 pro
1341 653 1504 719 dilatoriis

315 777 559 865 exceptionibus
575 775 800 862 proponendis,
818 796 861 840 ne
876 776 994 841 diutius
1010 777 1223 861 protrahatur
1242 778 1407 861 ingressus
1422 776 1498 840 litis.

405 903 481 967 412.
507 901 590 976 Quia
612 901 791 966 huiusmodi
816 903 1024 985 exceptiones
1050 902 1135 966 aliae
1170 902 1347 986 respiciunt
1370 900 1502 965 modum

314 1027 442 1113 agendi,
466 1026 549 1093 aliae
573 1028 674 1112 ipsum
698 1029 848 1091 meritum
876 1046 1003 1105 causae,
1028 1026 1106 1091 hinc
1129 1047 1214 1099 reus,
1232 1025 1359 1110 quando
1382 1028 1502 1123 citatus

314 1155 481 1234 comparet
504 1151 536 1213 in
561 1149 748 1223 iudiciales
772 1148 870 1213 habet
894 1156 928 1215 ut
955 1150 1013 1214 sibi
1038 1150 1207 1235 exemplar
1231 1150 1379 1216 tradatur
1397 1149 1502 1215 libelli

315 1272 424 1351 oblati,
438 1273 498 1339 nisi
515 1274 662 1337 eumdem
684 1275 748 1337 iam
764 1275 859 1358 plene
879 1281 1053 1359 cognoscat
1076 1294 1119 1337 ex
1142 1280 1257 1339 tenore
1281 1275 1443 1338 citationis
1466 1280 1501 1338 et

315 1399 413 1463 etiam
436 1398 572 1463 aliorum
597 1399 884 1462 instrumentorum
907 1396 949 1461 ab
972 1403 1083 1464 actore
1108 1398 1337 1482 productorum
1352 1397 1393 1463 ad
1409 1398 1502 1461 litem

317 1522 594 1589 introducendam.
621 1524 799 1609 Pellegriui
823 1525 844 1587 l.
869 1545 896 1589 c.
920 1523 1061 1589 cabseel.
1087 1524 1121 1593 5.
1146 1524 1241 1589 docet
1264 1524 1364 1589 libelli
1386 1544 1501 1589 exem·

318 1646 391 1730 plar
415 1652 448 1712 et
470 1648 757 1712 instrumentorum
790 1646 927 1710 dandum
959 1667 1031 1711 esse
1062 1668 1119 1711 reo
1150 1654 1320 1719 convento,
1352 1646 1502 1729 idemque

314 1768 551 1836 conficiendum
584 1791 655 1835 esse
685 1773 804 1836 actoris
836 1775 1001 1857 expensis;
1025 1778 1060 1838 at
1090 1778 1180 1837 notat
1209 1772 1404 1838 seruandum
1428 1792 1504 1837 esse

316 1894 436 1979 stylum
460 1895 571 1959 curiae
595 1914 652 1959 seu
676 1914 799 1959 morem
822 1896 976 1979 cuiusque
1001 1898 1153 1982 regionis.

411 2017 488 2081 413.
514 2018 732 2104 Exceptiones
749 2017 795 2103 (ll
819 2018 998 2099 dilatoriae,
1022 2020 1106 2084 aliae
1131 2021 1308 2105 respiciunt
1329 2042 1503 2105 personam

328 2138 452 2211 iudicis,
478 2139 654 2205 cuiusmodi
679 2145 728 2205 est
747 2142 897 2225 exceptio
920 2144 1203 2227 incompetentiae;
1223 2144 1308 2207 aliae
1329 2163 1503 2227 personam

320 2264 450 2344 actoris,
467 2270 577 2349 utputa
601 2266 810 2351 exceptiones
841 2265 997 2331 adversus
1020 2286 1192 2351 personam
1216 2269 1439 2352 procuratoris
1460 2268 1505 2333 ab

321 2396 433 2456 actore
451 2393 624 2463 constituti,
641 2391 740 2456 veluti
763 2390 803 2455 ob
828 2392 989 2458 delectum
1010 2393 1149 2458 mandati
1166 2396 1400 2478 procuratorii3
1416 2396 1502 2459 aliae

307 2516 504 2601 'respiciunt
515 2516 614 2599 ipsam
630 2516 675 2579 rei
690 2534 871 2600 personam,
884 2522 921 2583 ut
934 2537 1012 2582 ecce
1027 2519 1054 2581 si
1072 2536 1156 2589 rens,
1169 2515 1346 2591 fideiussor,
1359 2519 1503 2604 excipiat

322 2642 439 2704 contra
452 2637 616 2703 decretum
634 2640 804 2718 citationis
818 2638 901 2723 quod
917 2640 987 2704 dari
1004 2640 1140 2706 debebat
1154 2645 1252 2704 antea
1266 2640 1308 2705 ad
1321 2640 1502 2705 debitorem

297 2778 300 2785 ’
318 2762 540 2847 principalem,
554 2768 662 2847 postea
676 2762 715 2827 ad
729 2738 960 2839 fideiussorem
974 2764 1101 2829 demum
1114 2758 1197 2830 aliae
1209 2767 1386 2850 respiciunt
1398 2766 1500 2850 ipsam

317 2903 457 2957 causam,
479 2885 556 2949 illae
580 2906 695 2971 nempe
719 2906 800 2969 quac
824 2887 942 2952 docent
964 2888 1059 2953 hodie
1083 2890 1194 2973 urgeri
1218 2908 1284 2951 non
1307 2908 1402 2973 posse
1424 2888 1502 2953 obli·

317 3010 496 3093 gationem,
505 3011 595 3074 cuius
609 3010 834 3094 praestationis
846 3015 972 3095 tempus
981 3011 1122 3075 nondum
1137 3011 1286 3077 advenit:
1299 3011 1342 3077 cf.
1358 3032 1386 3077 c.
1399 3033 1426 3078 c.
1441 3012 1505 3092 62,

318 3132 368 3199 De
391 3136 513 3216 appell.
530 3134 565 3199 X
586 3133 640 3219 (Il,
665 3134 740 3220 28);
765 3140 797 3199 et
819 3136 879 3215 20,
905 3137 954 3201 De
976 3143 1058 3202 seat.
1084 3142 1115 3201 et
1136 3157 1176 3215 rc
1199 3136 1269 3202 iad.
1294 3138 1330 3201 X
1350 3134 1406 3222 (Il,
1431 3136 1501 3221 27).

408 3258 558 3323 lamvero
572 3257 752 3324 huiusmodi
765 3258 934 3323 dilatoriae
946 3262 1165 3344 exceptiones,
1175 3260 1362 3333 ordinario,
1373 3261 1435 3325 nisi
1449 3281 1503 3346 op·

318 3386 481 3466 ponantur
495 3382 588 3447 initio
605 3382 677 3453 litis,
699 3382 834 3468 amplius
857 3382 951 3448 obiici
973 3403 1038 3446 non
1055 3390 1198 3468 possunt,
1215 3387 1332 3469 quippe
1347 3392 1504 3452 censetur

318 3503 418 3569 fuisse
435 3506 659 3569 renunciatum
684 3506 873 3590 respectivis
897 3505 1030 3579 iuribus.
1049 3508 1110 3571 uisi
1132 3513 1384 3591 promoveantur
1407 3527 1504 3593 appo-

318 3629 402 3694 sitae
418 3632 635 3715 exceptiones.
660 3666 705 3676 —
728 3630 802 3695 Dixi
827 3631 1074 3699 -ordinario-
1104 3635 1188 3717 quia,

411 3753 442 3833 l)
459 3753 640 3838 excipiendi
664 3758 738 3818 sunt
754 3754 799 3818 illi
816 3752 960 3819 detectus
985 3758 1037 3838 qui
1053 3776 1073 3819 a
1088 3758 1228 3841 partium
1246 3756 1410 3820 voluntate
1424 3776 1506 3841 sup-

318 3878 400 3962 pleri
425 3898 489 3943 non
511 3885 653 3964 possunt,
670 3880 769 3945 veluti
786 3880 931 3945 delectus
954 3881 1222 3967 incompetentiae
1245 3885 1369 3946 ratione
1385 3882 1505 3947 obiecti

318 4014 374 4069 aut
398 4004 526 4089 gradus

409 4281 448 4353 (l)
470 4280 594 4335 Vidimus
608 4283 662 4335 iam
682 4300 732 4336 aiio
751 4284 811 4337 loco
833 4300 929 4338 omues
946 4288 1124 4353 exceptiones
1147 4289 1280 4358 impetere
1303 4294 1351 4342 ant
1370 4290 1506 4343 meritum

318 4402 419 4441 causae
433 4394 482 4443 aut
495 4390 604 4442 modum
618 4388 790 4459 procedendi,
804 4411 828 4444 n.
851 4393 907 4446 170.
