3350 5117
507 351 551 398 aa
575 351 716 400 runicus
739 351 1005 399 nconnsmsrrms
1278 332 1346 399 629

153 473 376 558 appellatum
396 473 480 558 quod
496 475 650 539 nuncium
673 475 834 540 citationis
850 474 922 540 loco
938 480 996 549 est,
1014 476 1105 540 iuxta
1121 475 1295 542 Clementis
1311 474 1345 540 V

156 598 329 665 decretum
353 599 390 666 ia
413 618 489 682 cap.
513 601 541 681 1,
567 599 597 664 tv.
623 605 645 666 l.
672 599 762 666 later
788 597 908 674 clem,
932 599 1073 665 scilicet:
1101 600 1200 666 «Est
1229 603 1344 664 aulem

154 724 333 806 appellato
357 723 541 807 ignoranti,
564 725 805 808 appellationis
834 743 898 790 aea
915 701 995 791 ¹aaa
1018 723 1197 790 delationis
1224 741 1343 790 eorum

153 850 289 937 (nempe
312 853 558 937 apostoloram)
590 859 623 918 et
652 853 788 918 lamini
819 851 1117 938 maep'aioaiw
1148 851 1345 918 subsecutae

152 976 308 1058 suerint,
340 973 508 1045 intimatio
541 979 687 1064 legitime
717 977 880 1060 facienda
911 999 942 1041 a.
975 981 1019 1043 At
1050 977 1148 1044 Clem.
1180 975 1213 1045 V
1248 977 1343 1062 prae-

153 1106 248 1190 cepit
277 1110 402 1172 tantum
433 1110 468 1172 ut
498 1106 721 1192 appellationis
752 1104 895 1172 eiusdem
929 1106 1042 1170 notitia
1076 1105 1344 1182 communicetur,

153 1215 236 1307 quia
264 1226 444 1310 appellatus
474 1245 539 1289 non
569 1231 700 1291 tenetur
724 1243 915 1310 comparere
939 1225 972 1289 in
1000 1224 1141 1290 secunda
1172 1225 1342 1296 instantia,

158 1350 223 1414 nisi
251 1369 407 1436 expresse
431 1350 581 1435 lepilima
604 1350 647 1415 de
670 1369 777 1416 caasa
799 1369 819 1414 a
844 1349 949 1415 iudice
973 1351 1099 1416 citetur.
1129 1348 1232 1415 ludex
1256 1348 1341 1412 enim

152 1475 240 1540 eccl.
258 1496 301 1541 ex
325 1475 429 1558 officio
453 1480 556 1542 citare
580 1481 684 1561 potest
699 1476 906 1561 appellatum,
922 1475 949 1541 si
967 1474 1007 1540 ab
1024 1496 1062 1540 eo
1077 1473 1197 1559 aliquid
1220 1475 1343 1540 rescire
1461 1469 1463 1474 ’

151 1598 251 1670 velit,
275 1600 328 1664 vel
351 1599 392 1664 ab
415 1601 528 1664 eodem
551 1599 670 1684 aliquid
695 1599 854 1683 praestari
873 1597 988 1664 debeat
1010 1619 1069 1684 pro
1094 1619 1239 1684 congrua
1262 1595 1342 1662 defi-

155 1723 284 1788 nitione
316 1723 426 1790 iudicii
456 1724 690 1810 appellationis.
721 1723 793 1786 Hac
823 1721 864 1787 de
895 1742 992 1788 causa
1015 1721 1239 1790 ‘tridentinum
1264 1721 1342 1787 Gon.

151 1848 194 1910 in
218 1847 270 1914 cit.
296 1848 419 1914 decret.
443 1847 545 1922 iubet,
570 1848 786 1934 appellantem
816 1847 937 1914 debere
959 1848 1030 1914 sais
1052 1847 1212 1932 expertas
1233 1853 1341 1914 trans·

153 1969 252 2033 ferre
282 1970 390 2032 omnia
419 1975 492 2033 acta
514 1969 698 2035 instantiae
720 1968 761 2032 ad
784 1967 922 2033 iudicem
953 1969 1195 2054 appellationis;
1219 1975 1252 2034 et
1282 1969 1343 2035 has

153 2094 381 2161 tantammodo
408 2114 477 2179 pro
499 2114 563 2160 aaa
582 2100 685 2177 parte
712 2095 802 2161 ferre
832 2094 952 2161 debere
984 2096 1177 2182 appellatum
1202 2097 1228 2162 si
1253 2115 1342 2160 com-

152 2225 284 2304 pareat,
301 2221 362 2284 nisi
379 2219 467 2285 aliud
482 2219 568 2284 ferat
583 2219 779 2285 consuetudo
795 2219 867 2285 loci.
886 2219 934 2288 (ll.
950 2217 1046 2285 Reid.
1064 2219 1094 2284 lt.
1112 2224 1133 2284 t.
1149 2241 1183 2284 a.
1201 2219 1274 2285 alt
1290 2239 1340 2305 sq.

250 2345 325 2410 647.
351 2348 421 2412 Tali
444 2348 570 2412 ratione
594 2346 778 2414 introducta
793 2346 1016 2432 appellationis
1039 2348 1202 2421 instantia,
1227 2350 1296 2413 sive
1320 2368 1341 2412 a

151 2470 230 2535 solo
247 2471 439 2556 appellante,
456 2459 525 2537 sive
539 2475 758 2536 concurrente
778 2470 874 2534 etiam
891 2470 1060 2556 appellato,
1078 2491 1136 2554 per
1151 2471 1340 2537 alterutrius

149 2593 215 2654 aut
243 2589 408 2673 utriusque
432 2591 619 2675 petitionem
636 2580 877 2655 ‘determinatur
900 2589 1059 2656 obiectum
1084 2593 1337 2672 controversiae,

153 2732 218 2777 seu
242 2713 381 2778 habetur
404 2713 623 2804 aequipollens
645 2713 710 2778 litis
734 2711 968 2794 determinatio,
985 2712 1110 2778 scilicet
1132 2715 1337 2780 contestatio.

153 2837 286 2903 Verum
303 2836 489 2904 solemnitas
512 2845 602 2903 actus
618 2839 862 2904 contestationis
886 2857 950 2902 non
968 2839 1159 2922 requisitum
1176 2837 1231 2903 sed
1247 2842 1341 2904 actus

148 2961 367 3044 aequivalens
391 2981 474 3047 pene
497 2963 703 3026 necessarius
726 2966 783 3035 est,
808 2962 884 3044 quia
906 2961 1063 3046 appellari
1087 2965 1192 3047 potest
1214 2966 1338 3026 tantum

150 3083 198 3149 ab
223 3083 331 3167 aliquo
354 3083 492 3151 articulo
516 3089 747 3149 controversae
773 3086 971 3164 sententiae,
996 3089 1029 3149 et
1051 3090 1187 3168 uterque
1212 3085 1342 3172 litigans

149 3209 200 3274 ab
223 3210 332 3294 aliqua
353 3209 536 3275 sententiae
558 3214 653 3295 parte
676 3209 843 3295 appellare
862 3209 959 3274 valet.
984 3209 1093 3283 Quare
1115 3210 1341 3295 appellationis

154 3337 311 3402 instantia
333 3337 366 3401 in
390 3355 448 3400 suo
471 3335 597 3402 obiecto
622 3336 717 3401 iudici
742 3334 843 3421 probe
866 3341 1037 3421 perspecta
1061 3355 1131 3429 esse
1155 3335 1258 3401 debet.

250 3462 324 3527 648.
343 3463 483 3548 'lempus
498 3461 540 3526 ad
552 3461 830 3546 prosequendam
847 3465 879 3525 et
894 3460 1081 3546 finiendam
1093 3460 1340 3545 appellationem

152 3582 300 3670 ex'cap.
318 3585 352 3658 5,
378 3585 411 3667 8,
437 3584 468 3649 h.
485 3590 518 3660 t,
542 3585 578 3649 X
598 3591 631 3650 et
657 3582 970 3665 cumatilem
995 3581 1097 3649 anias
1121 3583 1205 3648 anai
1227 3581 1268 3647 ab
1290 3584 1341 3647 in-

151 3707 314 3792 terposita
337 3706 563 3792 appellatione,
587 3707 640 3770 vel
667 3706 707 3771 ab
731 3707 826 3772 illato
854 3705 1044 3790 gravamine
1071 3724 1128 3768 seu
1151 3724 1172 3768 a
1194 3709 1342 3789 tempore

151 3851 221 3915 quo
244 3831 362 3896 accidit
384 3851 562 3917 gravamen
587 3833 648 3895 iam
673 3830 900 3896 denunciatum
917 3831 963 3895 uti
987 3835 1189 3910 eventurum,
1213 3827 1341 3912 quando

151 3974 179 4020 a
191 3953 312 4038 salaro
337 3957 536 4038 appelletur.
555 3955 617 4021 Sed
634 3975 676 4020 ex
692 3956 776 4021 iusta
798 3973 897 4020 causa
920 3951 1110 4019 conceditur
1133 3954 1229 4019 etiam
1254 3951 1342 4019 bien·
1363 3963 1375 4028 J

152 4078 266 4144 aiam
290 4080 359 4144 Imo
383 4079 543 4162 quiahoc
566 4084 690 4164 tempus
714 4097 778 4142 non
802 4079 907 4142 currit
929 4077 1096 4162 impedito,
1121 4076 1342 4142 demonstrato

154 4201 385 4294 impedimento
408 4203 461 4268 vel
486 4223 596 4269 coram
620 4201 725 4268 iudice
740 4222 763 4267 a
786 4221 854 4287 quo
871 4201 922 4266 vel
939 4201 986 4268 ad
1009 4221 1120 4286 quem,
1138 4201 1342 4287 protrahitur

154 4345 218 4410 pro
241 4326 419 4409 quantitate
441 4324 669 4414 impedimenti.
695 4324 743 4391 Of.
769 4325 884 4398 Bouix,
910 4323 960 4389 De
983 4324 1053 4390 iad.
1072 4321 1119 4404 ll,
1140 4342 1177 4406 p.
1194 4321 1280 4390 283.
1297 4359 1341 4374 ·-

153 4450 201 4514 Al
224 4453 379 4514 notentur
401 4446 503 4513 verba
528 4448 630 4514 Clam.
655 4446 681 4514 3
703 4449 766 4518 cit..
791 4448 979 4514 decernitur
1012 4450 1098 4513 enim
1124 4447 1252 4514 «Sicut
1281 4466 1341 4533 ap·
1449 4491 1452 4494 -
