3350 5117
555 334 600 381 nn
623 333 762 381 rumoris
787 331 1053 380 nccnnsmsrrcrs
1328 311 1398 378 325

205 457 252 524 ad
275 457 496 544 complendam
523 459 821 545 praescriptionem,
846 463 954 522 minen
978 457 1019 523 ad
1041 457 1106 523 hoc
1127 476 1193 522 non
1217 461 1391 543 coguntur,

209 582 257 646 uti
272 579 412 646 heredes
435 601 493 647 seu
515 601 719 648 successores
740 581 960 646 universales.
986 578 1128 644 Proinde
1148 577 1176 645 si
1199 579 1258 665 ipsi
1275 581 1308 645 in
1322 579 1354 646 b.
1369 579 1395 645 f.

209 704 415 790 incoeperint
436 707 485 770 rei
508 705 739 791 possessionem
763 723 860 788 quam
882 704 916 770 in
939 724 981 768 m.
998 703 1020 768 s.
1037 707 1224 768 antecessor
1240 701 1390 788 possedit,

206 831 437 918 praescribere
452 837 591 917 possunt.
609 833 692 898 -E
710 835 824 898 contra
836 831 963 916 quando
975 835 1164 896 antecessor
1186 830 1283 895 etiam
1298 830 1334 894 in
1357 829 1389 895 b.

208 953 233 1017 1.
250 954 360 1036 luerit,
384 973 586 1022 successores
609 955 642 1020 in
664 954 696 1020 b.
712 955 735 1019 f.
753 959 985 1040 prosequentes
1007 972 1077 1018 rem
1093 951 1268 1038 possidere.
1284 972 1382 1038 prae·

206 1079 366 1156 scribunt,
391 1087 572 1167 computato
595 1083 685 1148 initio
708 1082 917 1168 possessionis
938 1080 969 1147 b.
994 1079 1017 1144 1.
1041 1081 1075 1146 in
1106 1084 1314 1146 antecessore
1343 1099 1388 1146 ex

205 1205 231 1268 t.
248 1203 290 1269 14
304 1205 327 1287 5
342 1207 361 1270 1
376 1211 489 1290 etseq.
505 1205 607 1290 ffiDe
621 1206 689 1272 diu.
707 1211 806 1290 temp.
819 1204 1024 1288 praescript.
1042 1239 1086 1254 -
1103 1201 1228 1268 Verum
1243 1203 1388 1268 accessio

207 1328 317 1394 locum
332 1327 455 1394 habere
470 1349 535 1394 non
557 1329 663 1414 potest
678 1329 704 1394 si
721 1349 783 1403 res,
801 1329 906 1394 medio
928 1334 1083 1414 tempore,
1100 1347 1158 1393 sen
1180 1328 1268 1394 inter
1290 1347 1391 1392 unum

204 1457 244 1518 et
272 1451 413 1518 alterum
440 1471 671 1527 successorem,
695 1454 736 1519 ab
767 1453 841 1528 alio,
866 1455 1011 1538 quamvis
1033 1454 1066 1518 vi
1089 1458 1145 1518 aut
1167 1451 1293 1534 fraude,
1317 1472 1392 1539 pos·

204 1597 298 1644 sessa
321 1578 437 1654 luerit;
460 1580 619 1664 possessio
642 1580 728 1644 enim
751 1579 847 1646 debet
869 1599 940 1643 esso
963 1579 1134 1646 continuo.

297 1703 374 1772 293.
401 1707 438 1770 ln
461 1707 597 1770 materia
619 1702 799 1770 beneficiali
830 1703 936 1789 quoad
958 1703 1104 1770 diversos
1127 1722 1333 1770 successores
1355 1704 1390 1768 in

204 1829 321 1896 eodem
344 1829 510 1912 beneficio,
529 1831 732 1920 applicantur
758 1830 893 1916 regulae
923 1829 1126 1896 successoris
1147 1828 1391 1912 particularis.

206 1958 414 2042 Quapropter
436 1955 617 2022 successori
633 1955 666 2020 in
681 1951 837 2020 beneflcio
853 1973 918 2020 non
933 1958 1030 2019 nocet
1052 1973 1093 2017 m.
1111 1951 1134 2019 f.
1151 1953 1368 2018 antecessoris
1383 1971 1391 2028 ;

204 2089 258 2150 est
280 2083 367 2147 enim
390 2083 422 2146 in
445 2080 517 2146 odio
541 2081 620 2146 iuris
644 2099 714 2145 can.
740 2081 940 2146 successoria
962 2079 1125 2144 hereditas
1148 2079 1183 2143 in
1205 2075 1389 2156 beneficiis;

205 2207 251 2272 ci.
276 2206 465 2292 Fagnanum
489 2205 522 2270 in
545 2223 619 2288 cap.
640 2205 772 2279 Graues
791 2203 839 2270 De
862 2209 939 2271 rest.
964 2205 1059 2286 spol,
1083 2201 1202 2270 n.13e
1224 2221 1327 2287 seqq..
1351 2206 1386 2268 et

208 2325 304 2396 Reiff.
331 2330 362 2394 lt.
388 2334 409 2395 t.
433 2349 467 2395 n.
492 2328 569 2404 1110,

298 2455 352 2518 Ex
375 2453 511 2520 adverso
541 2455 734 2520 continuitas
765 2453 906 2518 eiusdem
936 2472 1095 2538 personae
1125 2473 1191 2519 non
1213 2451 1265 2518 fex
1295 2454 1390 2520 titulo

207 2577 349 2653 heredis,
373 2583 407 2643 at
434 2579 560 2644 ratione
586 2595 757 2662 personae
786 2578 930 2646 moratis
952 2577 1090 2643 habetur
1118 2580 1151 2643 in
1174 2579 1330 2664 collegiis,
1351 2581 1386 2643 in

203 2699 321 2786 quibus
346 2721 387 2766 m.
411 2700 435 2766 1.
458 2702 594 2787 praelati
618 2700 703 2767 bona
724 2701 979 2769 administrantis
1001 2702 1055 2767 vel
1079 2721 1201 2777 eorum,
1222 2701 1336 2767 saltem
1351 2703 1386 2767 in

206 2827 322 2892 maiori
346 2833 447 2912 parte,
471 2826 555 2893 idem
586 2828 855 2898 constituentium,
875 2831 972 2892 nocet
994 2827 1195 2912 incipiendae
1222 2828 1385 2914 praescri·

205 2951 317 3034 ptioni‚
338 2951 389 3015 cui
411 2955 522 3034 postea
544 2948 746 3015 inchoandae
769 2949 799 3014 b.
823 2949 847 3013 1.
875 2951 1009 3015 istorum
1040 2951 1112 3015 loco
1143 2948 1385 3016 succedentium

204 3089 272 3134 non
294 3069 436 3155 prodest,
460 3072 535 3155 quia
565 3070 735 3157 collegium
759 3089 888 3157 semper
910 3071 994 3136 idem
1025 3090 1096 3136 esse
1120 3071 1330 3158 intelligitur;
1355 3078 1390 3140 et

205 3196 370 3280 praelatus
394 3203 642 3282 repraesentans
657 3197 828 3283 collegium
847 3195 946 3261 habet
961 3195 1105 3262 eamdem
1122 3216 1294 3282 personam
1315 3199 1392 3263 iuri·

202 3315 310 3382 dicam
334 3338 407 3384 cum
430 3319 575 3406 collegio.
600 3353 644 3367 -
668 3321 706 3385 In
729 3319 800 3384 aliis
824 3320 878 3403 qui
902 3320 1032 3403 negotia
1055 3325 1173 3404 gerunt
1196 3319 1304 3384 aliena
1326 3338 1385 3386 seu

205 3445 364 3529 praebent
386 3465 477 3510 suum
499 3446 711 3510 ministerium
735 3445 928 3532 possessioni
953 3444 1100 3520 aliorum,
1125 3446 1201 3528 quia
1229 3465 1295 3510 non
1325 3447 1387 3532 ipsi

202 3570 349 3636 civiliter
377 3570 549 3656 possident,
580 3569 610 3636 b.
635 3571 657 3636 1.
683 3591 747 3636 non
775 3572 809 3636 in
838 3568 1041 3635 mandatario
1070 3588 1128 3635 seu
1159 3577 1383 3655 procuratore,

202 3697 261 3764 sed
292 3697 471 3781 requiritur
503 3698 538 3762 in
575 3697 748 3762 mandante
782 3717 840 3762 seu
875 3695 1012 3777 domino,
1037 3715 1094 3760 seu
1126 3696 1307 3781 principali.
1336 3697 1385 3763 Gt.

202 3821 336 3902 Sumen,
352 3819 402 3886 De
418 3819 555 3908 lepidus,
577 3820 671 3896 VIII,
695 3817 729 3902 3,
754 3820 776 3885 4
801 3825 834 3884 et
857 3818 1066 3892 D'Annibale
1092 3819 1139 3892 Il,
1164 3818 1241 3902 140,
1258 3824 1328 3886 aot.
1347 3819 1381 3886 8.

294 3946 371 4012 294.
387 3945 616 4044 ᾔει-0913111119
632 3950 681 4039 est
705 3947 819 4030 titulus
842 3947 960 4014 iustas.
976 3949 1099 4030 Aperte
1115 3945 1179 4011 hoc
1201 3946 1314 4013 statuit
1330 3946 1381 4012 ius

99 4111 106 4128 .
204 4069 375 4152 positivum
398 4070 692 4154 can.inccp.17
716 4070 747 4134 h.
773 4075 793 4134 t.
818 4069 868 4133 X:
902 4093 921 4132 ‹
944 4089 1022 4136 cum
1049 4069 1087 4135 ia
1106 4070 1381 4153 praescriptione

202 4213 324 4261 rerum
347 4195 651 4263 ecclesiasticarum
667 4195 756 4262 bono
770 4196 855 4282 fides
869 4202 900 4261 et
922 4196 1030 4264 iratus
1045 4197 1161 4264 titulus
1175 4199 1339 4286 exipetur
1349 4221 1383 4266 ».

204 4317 312 4384 Iustus
333 4319 444 4384 titulus
467 4322 533 4384 est:
568 4338 587 4383 s
610 4338 716 4412 pausa
737 4339 797 4386 seu
819 4319 908 4387 ratio
933 4321 1034 4386 dese
1056 4319 1178 4387 dabitis
1201 4323 1249 4387 ad
1272 4327 1381 4388 trans·

200 4399 386 4524 {erendum
408 4440 599 4510 dominium
623 4461 651 4505 ›.
678 4441 820 4507 Proinde
836 4441 1006 4527 [constituit
1028 4442 1270 4510 fundamentum
1301 4442 1387 4511 obie-
