3350 5117
151 3051 166 3082 l.

735 272 843 319 lNDllX
870 271 990 322 annuli

487 515 505 576 ἓ
523 512 548 565 6.
569 511 611 565 De
631 511 789 566 interdictis
807 515 1023 583 recuperandae
1037 515 1233 583 possessionis.

265 709 326 764 219.
344 709 386 762 Ad
402 709 601 779 possessiouem
615 708 833 780 recuperandam
848 711 958 781 prodita
970 717 1037 766 sunt
1052 711 1206 766 interdicta
1217 725 1235 767 ‹
1246 709 1328 767 Unde

373 816 759 874 antemnarum»
777 855 1236 872 ...........
1267 793 1279 870 .
1312 832 1381 889 paq.
1400 815 1459 870 263

265 920 326 974 220.
346 921 385 976 De
403 923 504 994 quibus
523 924 605 979 rebus
624 923 742 977 dabatur
761 922 944 977 interdictum
957 961 1327 976 .........
1364 921 1458 978 »254

265 1031 327 1085 221.
346 1030 463 1086 Cuiuam
482 1033 632 1110 possessori
651 1037 824 1102 competeret
826 1071 1327 1087 ............
1364 1048 1382 1089 »
1416 1031 1458 1084 ibi

266 1137 326 1188 222
346 1135 485 1191 Adversus
503 1153 572 1208 quos
591 1137 711 1191 dabatur
736 1175 1329 1191 ..............
1366 1135 1460 1192 »255

266 1239 327 1294 223.
346 1241 418 1302 Quia
435 1243 601 1298 arctioribus
620 1243 756 1298 limitibus
775 1243 982 1310 continebatur,
995 1241 1049 1296 hoc
1061 1241 1199 1312 ampliare
1216 1241 1331 1296 studue-

375 1351 440 1401 runt
459 1346 642 1416 Imperatores
660 1363 728 1402 rom.
781 1385 1328 1402 .............
1365 1359 1384 1400 »
1401 1343 1459 1398 255

266 1451 327 1503 224.
346 1453 385 1505 At
403 1450 493 1506 solum
511 1453 554 1506 ius
573 1470 633 1507 can.
652 1453 725 1508 idem
744 1469 870 1523 congrua
888 1453 968 1508 auxit
986 1453 1190 1524 ampliatione.
1228 1491 1236 1504 .
1274 1491 1283 1505 .
1319 1490 1327 1503 .
1364 1450 1457 1507 »256

266 1555 327 1608 225.
346 1555 463 1612 Praeter
480 1557 562 1627 spolii
581 1559 789 1628 exceptionem,
809 1559 895 1614 etiam
920 1557 1002 1629 spolii
1026 1559 1167 1614 actionem
1189 1557 1329 1612 concessit

373 1663 417 1718 ius
435 1680 495 1718 can.
513 1703 1327 1722 ...................
1364 1679 1384 1722 »
1401 1663 1458 1718 260

266 1771 328 1823 226.
346 1770 432 1840 Spolii
452 1771 536 1840 actio,
548 1788 633 1842 opera
646 1773 892 1844 iurisprudentiae,
903 1790 1035 1829 concessa
1052 1774 1107 1828 fuit
1124 1773 1211 1828 etiam
1230 1772 1329 1827 adser-

373 1894 420 1932 sus
438 1877 527 1932 bonae
546 1878 611 1933 fidei
629 1893 801 1948 possessores
824 1917 1327 1934 ............
1364 1876 1454 1934 »261

266 1983 328 2036 227.
347 1985 392 2038 Au
410 1982 492 2040 hodie
509 1985 538 2039 iu
557 1987 753 2055 prumiacensi
767 1986 800 2040 ad
815 1987 1018 2056 possessiouem
1033 1986 1253 2057 recuperandam
1270 1985 1329 2038 sui·

373 2089 451 2144 ficiat
468 2090 599 2144 iuvocare
617 2088 773 2146 huiusmodi
793 2091 986 2160 exceptionem
1006 2095 1036 2146 et
1053 2091 1202 2157 actionem,
1216 2087 1329 2160 postha-

373 2195 440 2250 bitis
458 2195 522 2250 aliis
539 2196 669 2251 remediis
689 2198 790 2267 passim
813 2199 963 2268 propositis
981 2216 999 2253 u
1017 2197 1192 2253 canonistis.
1229 2237 1237 2248 .
1275 2235 1282 2249 .
1319 2235 1327 2248 .
1364 2193 1459 2251 »262

266 2299 326 2356 228.
346 2299 488 2361 Quomodo
506 2303 580 2358 actio
598 2302 680 2372 spolii
699 2303 736 2358 sit
755 2309 894 2373 perpetua
911 2339 1323 2359 ..........
1362 2318 1380 2359 »
1399 2301 1456 2356 263

468 2542 485 2601 ἓ
504 2538 529 2590 7.
552 2538 593 2590 De
612 2539 687 2593 hisce
706 2540 862 2594 interdictis
881 2543 973 2610 quoad
992 2543 1057 2593 iura
1074 2541 1245 2610 spiritualia,

532 2647 688 2714 praecipue
706 2646 930 2698 usotrimoaiulia
948 2657 975 2700 et
994 2647 1178 2716 beneficiolis.

262 2837 322 2890 229.
343 2837 387 2891 lus
407 2852 467 2890 cau.
487 2839 676 2909 praescripsit,
698 2841 760 2895 iura
778 2857 891 2912 quoque
909 2841 1068 2911 spiritualia
1088 2840 1194 2896 tuenda
1211 2857 1273 2895 esse
1291 2855 1327 2894 ex

369 2941 458 2996 officio
478 2943 576 2998 iudicis
593 2943 628 2999 ad
647 2961 743 3000 eorum
763 2946 845 3016 quasi
862 2946 1064 3016 possessionem
1082 2944 1257 3000 retinendam
1277 2947 1328 2998 aut

371 3049 588 3118 recuperandam
598 3089 1278 3105 ................
1312 3065 1379 3120 pop.
1398 3047 1455 3101 264

266 3151 327 3204 230.
347 3151 461 3214 Quando
479 3155 640 3226 acquiratur
657 3154 761 3209 iurium
780 3154 971 3224 coniugalium
990 3156 1069 3226 quasi
1089 3154 1235 3224 possessio.
1275 3195 1282 3206 .
1318 3193 1327 3207 .
1363 3153 1456 3210 »265

268 3256 328 3308 231.
347 3254 505 3327 Quotuplici
532 3259 640 3315 ratione
664 3259 734 3315 haec
760 3260 868 3314 turbari
894 3260 995 3330 possit;
1015 3260 1167 3330 eademque
1187 3260 1326 3332 quomodo

375 3365 485 3421 restitui
504 3367 605 3422 debeat
646 3407 1324 3424 ................
1361 3383 1379 3424 »
1412 3366 1454 3421 ibi

267 3471 327 3526 232.
347 3471 387 3529 De
405 3473 554 3530 interdicto
572 3476 787 3548 «acquirendas
808 3478 990 3546 possessionis
1002 3493 1020 3536 »
1031 3460 1123 3549 quoad
1140 3477 1277 3532 beneficia
1297 3480 1327 3530 et

375 3579 465 3634 officia
471 3620 1327 3637 ....................
1363 3579 1453 3638 »267

268 3684 330 3739 233.
348 3685 490 3748 Quomodo
514 3687 590 3746 hisce
615 3689 733 3762 aliisque
758 3688 897 3744 similibus
921 3690 1013 3744 causis
1031 3689 1189 3760 applicetur
1206 3689 1327 3745 interdi-

374 3796 449 3847 ctum
468 3794 629 3850 retinendae
647 3795 829 3866 possessionis
867 3833 1323 3850 ...........
1361 3809 1379 3851 »
1412 3792 1452 3848 ibi

268 3896 327 3950 234.
348 3897 417 3952 ltem
436 3897 469 3954 de
487 3899 638 3955 interdicto
655 3899 893 3970 «recuperandae
913 3900 1125 3970 possessionis>
1142 3940 1326 3955 .....
1362 3897 1453 3956 »268

268 4001 329 4058 235.
348 4003 498 4062 Disseritur
516 4007 550 4062 de
569 4007 801 4076 interpretatione
821 4024 882 4077 cap.
903 4006 953 4060 ult.
973 4004 1014 4060 De
1033 4010 1098 4061 rest
1116 4006 1227 4076 spoliat
1246 4007 1275 4060 iu
1293 4007 1327 4060 6.
1364 4003 1451 4061 »271

267 4107 327 4161 236.
348 4109 506 4165 Inculcatur
529 4110 701 4178 differentia,
726 4128 798 4183 quae
823 4114 923 4180 suapte
948 4115 1050 4164 natura
1074 4109 1223 4164 intercedit
1250 4111 1326 4166 iuter

375 4233 468 4273 rerum
486 4219 687 4288 possessiouem
705 4222 734 4273 et
753 4217 855 4272 iurium
868 4217 949 4289 quasi
968 4216 1170 4287 possessiouem
1188 4217 1218 4270 in
1235 4215 1325 4287 appli-

376 4325 471 4379 candis
489 4324 646 4378 interdictis
647 4363 1325 4378 ................
1362 4337 1381 4379 »
1399 4323 1455 4376 272
