3350 5117
320 300 384 367 106
842 320 928 368 rins
953 318 974 365 1.

318 441 417 508 habet
439 442 576 509 interior
599 442 735 509 validius
759 445 993 509 munimentum
1017 445 1049 508 in
1073 464 1130 509 suo
1146 442 1252 509 officio
1268 443 1420 529 congruis
1443 462 1497 508 re-

319 566 435 635 ditibus
457 568 497 633 ad
520 568 606 633 vitae
629 572 893 635 sustentationem
921 571 1092 649 instructo,
1116 570 1144 633 si
1167 568 1207 633 ab
1235 568 1299 633 hoc
1325 587 1385 654 pro
1406 567 1497 633 libito

318 711 339 755 a
361 690 530 775 superiore
553 690 709 757 dimoveri
724 711 788 757 non
805 693 915 777 possit,
933 691 988 756 sed
1008 691 1228 755 tantummodo
1252 688 1500 755 occurrentibus

319 818 424 882 causis
446 837 466 881 a
490 818 561 882 iure
584 818 744 883 communi
767 818 942 903 expressis.

409 940 500 1005 Haec
523 942 689 1026 regiminis
705 940 841 1021 cautela,
859 960 917 1027 pro
942 946 1032 1005 reeta
1054 942 1195 1007 iustitiae
1210 940 1497 1012 administratione,

319 1067 405 1135 haud
428 1069 539 1154 ignota
565 1073 615 1133 est
642 1068 704 1132 iuri
732 1069 904 1142 canonico;
929 1068 1045 1153 quippe
1068 1069 1194 1154 potiora
1220 1064 1334 1137 officia.
1359 1085 1403 1131 ex
1424 1067 1499 1130 iure

319 1190 489 1270 communi,
506 1196 619 1254 evecta
634 1194 709 1254 sunt
723 1188 762 1253 ad
780 1190 939 1254 rationem
956 1187 1118 1264 boneficii;
1132 1187 1288 1255 beneficia
1303 1192 1410 1253 autern
1426 1206 1499 1272 per·

320 1314 473 1399 potuitate
496 1312 637 1397 gaudent
660 1314 758 1378 ettam
781 1312 963 1379 subiectiora
986 1314 1089 1396 quoad
1113 1313 1288 1385 titularem,
1308 1313 1362 1396 qui
1383 1329 1500 1395 nempe

319 1461 340 1504 a
365 1460 423 1505 suo
450 1438 553 1523 gradu
586 1440 705 1505 invitus
729 1438 885 1505 dimoveri
917 1458 981 1503 non
1011 1445 1124 1525 potest
1150 1440 1211 1504 nisi
1238 1457 1297 1505 eae
1328 1438 1498 1524 graviores

319 1569 458 1649 urgeant
481 1582 597 1629 causae
613 1563 653 1628 ab
670 1564 737 1648 ipso
753 1566 825 1629 iure
848 1536 1033 1650 expressae.
1051 1564 1123 1627 Hoc
1146 1582 1243 1629 sensu
1266 1561 1387 1627 iudices
1410 1560 1496 1625 ordi-

320 1687 402 1751 narii
418 1685 537 1771 aliique
553 1686 674 1752 iudices
689 1686 828 1771 delegati
852 1684 1041 1753 beneficium
1063 1687 1231 1759 habentes.
1255 1705 1299 1751 ex
1318 1687 1389 1750 iuro
1404 1704 1500 1749 cano·

320 1809 392 1872 nico
415 1812 490 1873 sunt
512 1806 754 1873 inernovibites.
777 1808 818 1873 Et
841 1807 981 1873 libenter
1004 1807 1066 1873 hoc
1087 1806 1243 1873 vocabulo
1267 1813 1350 1880 uter,
1367 1806 1441 1889 quia
1465 1807 1499 1869 in

319 1932 483 1998 hodiernis
513 1931 651 2019 politicis
683 1932 961 1999 constitutionibus
991 1934 1101 2000 sedulo
1133 1935 1328 2019 prospicitur
1358 1932 1499 1998 iudicum

319 2058 609 2134 immobilitate,
638 2064 670 2123 et
696 2059 792 2123 altius
814 2058 1030 2144 praedicatur,
1055 2078 1115 2143 per
1137 2060 1201 2124 boc
1224 2059 1430 2144 praesidium,
1455 2060 1500 2123 iu·

321 2160 439 2248 stitiam
463 2185 589 2246 nactam
614 2181 713 2247 fuisse
735 2184 768 2246 in
792 2181 916 2266 populis
939 2202 1031 2247 suum
1053 2181 1191 2247 liberum
1213 2183 1436 2247 ministerium.

412 2303 535 2367 Verum
564 2303 642 2366 mihi
669 2304 795 2369 animus
822 2323 888 2367 non
915 2308 964 2368 est
991 2303 1199 2389 comparandi
1232 2306 1412 2371 institutum
1443 2324 1499 2368 ca-

323 2430 473 2493 nonicum
501 2429 721 2513 perpetuitatis
748 2426 978 2493 beneficiorum
1005 2449 1078 2493 cum
1104 2428 1263 2493 hodierno
1286 2430 1430 2496 instituto
1455 2429 1500 2494 iu-

319 2555 425 2620 dicum
448 2554 733 2626 Inamovibilitatis
755 2555 844 2639 quasi
868 2574 967 2619 unum
991 2560 1023 2619 et
1046 2554 1184 2619 alterum
1206 2554 1400 2621 adamussim
1424 2574 1500 2619 con·

321 2680 466 2752 veniant;
484 2698 580 2761 quum
597 2697 639 2741 ex
654 2676 792 2742 adverso
808 2697 873 2741 non
890 2695 954 2741 uno
970 2677 1099 2741 nomine
1114 2675 1308 2761 discrepent,
1325 2678 1500 2762 praecipue

319 2820 362 2867 ex
396 2802 576 2869 intentione
609 2802 832 2887 Legislatoris:
870 2801 925 2865 sed
960 2799 1192 2865 advertendum
1228 2807 1308 2874 erat,
1340 2799 1499 2885 quomodo

320 2944 435 3010 reapse
465 2925 586 2991 iudices
617 2926 773 2991 ordinarii
804 2930 836 2992 et
866 2924 988 2991 iudices
1020 2924 1201 3010 delegatia
1234 2924 1266 2991 S.
1291 2924 1383 2995 Sede,
1407 2925 1500 2989 iuxta

320 3049 590 3133 praescriptiones
619 3048 776 3113 Boniiacii
808 3047 892 3114 VIII
924 3053 957 3113 et
982 3047 1116 3113 concilii
1144 3046 1334 3117 Tridentini,
1362 3066 1406 3111 ex
1432 3046 1499 3111 suis

318 3170 482 3237 beneficiis
497 3173 638 3240 habeant
660 3192 838 3259 congruam
861 3175 1136 3254 sustentationem,
1152 3171 1238 3246 unde
1258 3176 1360 3258 gratis
1382 3171 1500 3237 iudicia

318 3294 456 3361 reddere
480 3296 603 3371 valent;
628 3318 689 3370 noo
713 3316 777 3365 non
802 3297 923 3363 habent
938 3299 1131 3383 praesidium
1154 3316 1234 3363 suae
1254 3297 1424 3371 libertatis,
1445 3297 1500 3362 ad-

318 3438 433 3485 versus
456 3422 653 3504 potentiores
679 3440 844 3506 personas,
873 3422 906 3485 in
930 3422 979 3486 sui
1001 3419 1149 3487 beneficii
1177 3418 1270 3485 firma
1296 3422 1499 3506 possessione

319 3563 339 3607 a
362 3562 441 3627 qua,
466 3542 506 3607 de
535 3543 710 3627 superioris
740 3542 894 3615 arbitrio,
917 3541 1072 3609 dimoveri
1103 3562 1169 3607 non
1196 3549 1329 3628 possunt
1351 3540 1408 3628 (l).

408 3780 448 3855 (l)
468 3782 556 3839 Bouix
581 3784 610 3837 in
635 3800 685 3839 suo
711 3790 833 3839 tractatu
858 3786 900 3840 De
926 3786 1064 3856 episcopo,
1090 3796 1154 3840 tom.
1175 3785 1198 3851 I,
1219 3803 1250 3857 p.
1268 3784 1343 3851 374,
1363 3782 1421 3838 late
1444 3782 1501 3837 dis·

318 3890 387 3943 serit
406 3890 439 3945 de
458 3888 648 3945 ecclesiastica
661 3890 807 3960 disciplina
819 3892 910 3962 quoad
923 3892 1121 3961 Episcoporum
1135 3890 1348 3956 translationes;
1367 3895 1396 3945 et
1408 3889 1498 3955 docet,

319 4016 405 4071 usquo
425 4001 453 4053 in
473 3998 598 4055 Ecclesia
616 4000 765 4069 Episcopos
784 4000 896 4054 habitos
908 4001 994 4055 foisse
1013 4001 1053 4054 ita
1071 4000 1275 4067 inamovibiles,
1289 4006 1320 4055 ut
1338 4018 1356 4054 a
1370 4000 1431 4055 solo
1444 4000 1500 4054 Ro·

319 4123 401 4161 mano
426 4107 563 4163 Pontifice
588 4124 684 4161 eorum
709 4106 857 4162 translatio
882 4108 993 4163 decerni
1019 4107 1157 4176 potuerit,
1181 4106 1310 4177 legitima
1333 4112 1499 4163 occurrente

317 4226 408 4265 causa
428 4240 462 4253 -
482 4210 583 4267 Debita
601 4216 713 4267 servata
733 4212 914 4281 proportione
932 4211 995 4265 aliis
1007 4212 1093 4266 otiam
1106 4211 1278 4266 administris
1291 4211 1499 4268 ecclesiasticae

318 4318 516 4373 iurisdictionis
535 4336 569 4375 ex
588 4318 679 4383 indole
699 4318 767 4373 iuris
787 4334 847 4372 can.
866 4318 957 4372 visum
971 4323 1014 4371 est
1025 4322 1213 4387 opportunum
1231 4322 1264 4371 ut
1281 4318 1426 4373 accederet
1438 4318 1500 4370 ina·

317 4422 494 4489 moabiticas,
508 4422 655 4492 praecipue
668 4420 833 4492 praepositis
846 4436 929 4475 curae
942 4421 1111 4487 animarum3
1125 4426 1154 4475 et
1166 4420 1232 4475 hinc
1243 4421 1319 4475 inter
1330 4420 1498 4490 Episcopum
