3350 5117
515 344 559 390 ns
583 343 721 390 inmens
745 342 1010 391 nocnnsmsmms
1285 323 1353 390 213

163 467 372 532 abiudicetur
403 467 456 532 vel
477 473 643 532 asseratur
673 468 833 532 sententia
856 465 1007 548 iudiciali,
1038 467 1130 538 haec,
1157 467 1351 550 respective,

168 594 235 655 iam
257 592 481 677 praecontinet
514 593 706 656 sententiam
736 595 909 682 negantem
943 591 996 656 vel
1031 587 1244 655 affirmantem
1275 591 1349 656 iura

164 715 408 798 consequentia.
422 713 610 779 Huiusmodi
633 720 708 780 sunt
723 716 867 780 actiones
882 715 915 780 in
932 715 1004 780 iura
1026 719 1127 781 status
1144 719 1175 780 et
1191 715 1347 788 familiae,

165 844 203 903 et
230 838 294 915 hae
322 843 538 904 accensentur
566 836 745 903 actionibus
776 839 933 912 realibus,
965 840 1010 904 ait
1037 839 1123 904 enim
1148 839 1343 904 lastinianus

168 963 280 1042 (last,
305 964 325 1028 l.
350 983 377 1028 c.
401 962 518 1050 §13):
545 984 563 1024 ‹
581 1013 645 1027 ......
657 963 924 1046 praeiudiciates
947 963 1094 1030 actiones
1117 963 1154 1028 in
1176 981 1251 1028 rem
1275 979 1347 1027 esse

168 1086 340 1166 videatur,
363 1087 482 1170 quoles
495 1091 583 1157 sunt,
597 1105 663 1168 per
677 1103 764 1170 quos
780 1085 959 1169 quaeritur
974 1105 1021 1150 aa
1037 1083 1122 1150 liber
1137 1086 1188 1151 vet
1204 1083 1345 1150 libertas

164 1207 281 1273 situel
302 1208 345 1273 de
355 1213 463 1291 portu
478 1207 723 1293 agnoscendo»
739 1203 794 1290 (l).
814 1206 856 1272 Ut
871 1225 957 1278 ecoe,
974 1206 1101 1270 actione
1118 1205 1342 1292 praeiudiciali

165 1333 340 1414 quaeritur
363 1351 405 1396 an
428 1334 499 1414 quis
521 1331 660 1396 clericus
683 1333 733 1404 sit,
750 1351 792 1396 an
815 1329 899 1396 lilius
923 1333 964 1396 sit
986 1331 1156 1416 legitimus.
1175 1330 1237 1398 Sed
1250 1331 1346 1396 etiam

165 1459 255 1524 aliae
278 1459 480 1542 quaestiones
495 1464 612 1526 statum
628 1463 661 1524 et
675 1458 829 1523 familiam
846 1478 911 1523 non
935 1458 1145 1543 respicientes
1162 1462 1237 1522 sunt
1246 1475 1350 1540 proe-

167 1581 358 1654 iudiciates,
382 1581 496 1665 quibus
525 1601 641 1666 nempe
671 1583 838 1666 quaeritur
862 1579 990 1665 aliquod
1015 1582 1063 1646 ius
1095 1579 1274 1656 declarari;
1298 1584 1349 1646 ut·

167 1713 248 1791 puta
270 1706 399 1792 aliquod
414 1710 661 1774 instrumentum
677 1709 723 1773 uti
739 1708 960 1774 authenticum
976 1706 1129 1782 iudicari;
1154 1707 1196 1772 ci.
1214 1707 1339 1788 Gaium,

170 1829 232 1902 IV,
260 1831 313 1895 44.

261 1954 389 2018 Verum
411 1953 608 2018 lastinianus
630 1954 676 2017 ait
697 1952 737 2017 de
760 1953 826 2018 his:
855 1955 1036 2020 coctiones
1059 1955 1096 2018 in
1119 1971 1193 2019 rem
1216 1971 1287 2019 esse
1302 1951 1348 2018 ui·

166 2078 297 2143 dentur
314 2097 344 2153 ›;
368 2079 444 2162 quia
459 2097 573 2163 reapse
587 2077 756 2143 admodum
779 2078 899 2144 distant
913 2077 953 2143 ab
976 2077 1171 2164 obligatione
1194 2082 1226 2143 et
1242 2097 1262 2142 a
1277 2079 1349 2143 iure

171 2200 264 2284 reali,
281 2221 378 2285 quum
406 2201 469 2268 hac
491 2204 617 2268 actione
633 2204 790 2269 instantes
813 2223 918 2287 neque
943 2201 1061 2288 aliquid
1077 2207 1188 2287 petant
1210 2201 1251 2267 ab
1274 2202 1348 2277 alio,

170 2345 276 2410 neque
300 2346 369 2392 rem
396 2327 535 2410 aliquam
566 2327 626 2392 sibi
656 2327 829 2401 vindicent,
855 2327 910 2393 sed
941 2326 1110 2394 intendunt
1140 2325 1268 2411 aliquod
1299 2327 1348 2392 ins

167 2451 343 2516 declarari.
365 2452 548 2517 —Tamen
570 2453 721 2537 proprius
742 2452 902 2518 accedunt
928 2453 1107 2544 actionibus
1131 2451 1290 2528 realibus;
1315 2457 1349 2518 et

169 2577 249 2643 hinc
271 2579 362 2642 hisce
386 2578 551 2643 commode
574 2579 756 2664 descriptae
781 2585 865 2643 sunt.

262 2703 337 2767 182.
366 2703 437 2769 Act
416 2707 519 2768 tiones
546 2723 565 2767 e
596 2709 710 2768 contra
719 2703 927 2822 personales
951 2723 1015 2771 non
1046 2723 1139 2780 secus
1162 2721 1202 2768 ac
1228 2700 1347 2787 obliga-

168 2823 276 2888 tiones
298 2781 532 2906 quas‘tueb'ua
532 2824 704 2937 originem
719 2801 847 2889 habent
869 2844 913 2890 ex
935 2829 1114 2895 contractu
1131 2824 1183 2890 vel
1200 2843 1243 2889 ex
1259 2825 1350 2908 quasi

168 2952 353 3021 contractu,
369 2968 413 3012 ex
435 2946 552 3013 delicto
567 2924 636 3014 vel
636 2968 679 3014 ex
702 2950 791 3032 quasi
807 2935 935 3023 delicto
952 2951 1007 3015 vel
1020 2925 1203 3062 immediate
1219 2947 1286 3013 ab
1278 2967 1349 3034 ipsa

168 3050 232 3160 leg
204 3096 253 3139 ms
276 3057 553 3160 dispositione-
571 3077 608 3139 ln
631 3081 707 3140 cont
710 3075 876 3141 ractutuvel
893 3077 983 3160 quasi
1006 3079 1177 3142 contractu
1191 3074 1347 3140 babemus

170 3199 293 3266 factum
315 3201 455 3266 bominis
470 3201 607 3272 licitum,
626 3201 746 3268 iontem
761 3200 981 3287 obligationis;
1006 3201 1127 3267 lactum
1150 3221 1230 3266 voro
1253 3200 1347 3268 illici·

170 3328 245 3388 tum
271 3325 305 3388 in
328 3323 454 3390 delictis
476 3324 528 3388 vel
542 3325 632 3408 quasi
655 3324 780 3390 delictis
803 3325 1030 3410 obligationem
1054 3327 1149 3410 parit.
1172 3326 1213 3391 Et
1235 3327 1269 3390 in
1284 3326 1345 3399 his,

169 3446 376 3533 obligationis
391 3447 633 3513 fondamentum
649 3449 884 3516 immediatam
897 3455 945 3515 est
957 3451 1058 3536 ipsum
1072 3451 1192 3518 lactum
1210 3451 1347 3516 hominis

169 3573 296 3640 licitum
317 3574 387 3640 sive
408 3575 569 3651 illicitum;
593 3575 781 3641 mediatam
803 3581 911 3641 autem
934 3576 990 3642 lex
1014 3595 1095 3660 quae
1118 3576 1347 3662 obligationem

169 3697 271 3763 efficit
293 3696 422 3762 civilem
445 3697 653 3782 eamdemque
676 3698 817 3765 actionis
839 3697 1000 3784 praesidio
1023 3699 1126 3764 munit
1138 3697 1193 3785 (2).
1211 3697 1256 3765 nt
1271 3718 1353 3764 non-

263 3923 306 3996 (l)
323 3925 407 3980 Actio
424 3925 458 3981 de
476 3931 557 3995 partu
575 3925 758 3994 agnoscendo,
777 3925 910 3995 competit
923 3925 982 3980 lilio
1000 3929 1097 3980 contra
1117 3930 1223 3994 patrem
1243 3942 1350 3996 negan-

171 4036 228 4086 tem
247 4049 278 4087 se
297 4049 358 4089 eme
370 4037 488 4104 patrem,
506 4039 557 4088 aut
569 4034 641 4104 patri
654 4038 752 4088 contra
769 4034 859 4088 filium
872 4039 1022 4103 negantem
1034 4051 1063 4089 se
1082 4051 1141 4089 esse
1161 4035 1264 4101 filium;
1278 4035 1347 4092 item

168 4141 231 4195 dari
249 4146 343 4211 potest
364 4142 446 4196 fratri
471 4146 569 4196 contra
591 4144 715 4208 tratrem,
734 4147 855 4212 cognato
873 4147 971 4197 contra
989 4147 1148 4211 cognatum,
1166 4143 1189 4197 si
1210 4147 1294 4214 neget
1318 4161 1348 4199 se

169 4245 296 4312 tratrem,
314 4261 345 4301 se
363 4249 513 4316 cognatum
532 4263 600 4301 esse.

261 4351 302 4415 (2)
321 4350 379 4404 llos
397 4367 451 4404 nou
469 4350 548 4418 latet,
567 4343 641 4406 inter
652 4352 820 4422 interpretes
838 4352 907 4405 iuris
926 4351 1033 4404 romani
1051 4351 1197 4421 pacificum
1209 4367 1265 4406 non
1284 4367 1345 4406 essa

169 4475 208 4514 an
225 4457 336 4512 admitti
354 4457 476 4512 debeant
492 4462 602 4512 tantum
619 4462 740 4528 quatuor
752 4459 843 4513 fontes
855 4457 993 4512 ordinarie
1012 4457 1151 4526 recensiti,
1171 4475 1269 4529 nempe
1283 4474 1349 4513 con-
