3350 5117
301 290 368 355 632
827 311 912 359 rans
937 310 959 357 1.
1071 364 1075 371 ,

389 434 424 519 2)
448 432 586 499 admissa
601 454 686 499 nova
709 435 932 517 instructione,
950 435 1045 501 aliam
1069 440 1194 522 partem
1211 434 1371 501 citandam
1395 452 1478 501 osso.

301 558 392 631 Quae
408 559 578 626 instructio
602 560 634 623 in
649 556 753 644 gradu
776 558 1003 644 appellationis
1022 561 1168 644 quamvis
1192 559 1346 624 latissime
1361 562 1480 644 pateat,

302 684 391 749 iuxta
421 684 585 770 vulgatum
616 685 802 752 iuristarum
840 682 971 753 effatum
1003 704 1107 749 ‹non
1138 684 1276 751 deducta
1310 684 1481 755 deducam,

302 828 366 872 non
401 808 536 895 probata
569 809 750 896 probabo»
776 814 887 877 tamen
923 812 1033 896 respui
1067 809 1185 877 debent
1220 829 1323 875 novae
1353 810 1482 875 testium

301 930 529 1017 productiones
552 954 649 1019 super
672 933 784 1000 iisdem
807 935 956 1001 articulis
978 935 1030 1000 vel
1054 934 1177 1001 directe
1197 935 1388 1009 contrariis;
1405 952 1481 997 nam

301 1058 540 1122 contrariorum
563 1057 675 1123 eadem
700 1063 750 1123 est
773 1059 867 1139 ratio,
892 1064 926 1125 et
948 1076 1104 1145 expresse
1130 1058 1193 1123 hoc
1217 1056 1304 1123 iubet
1329 1058 1432 1124 Clean.
1458 1054 1490 1121 V

302 1184 355 1249 cit.
372 1184 423 1249 De
439 1184 573 1251 testibus
589 1181 645 1269 (ΙΙ,
663 1186 696 1271 8)
716 1207 735 1248 a
754 1206 829 1251 cum
846 1205 911 1249 non
929 1188 1033 1251 minus
1056 1186 1090 1249 in
1104 1184 1372 1271 appellationibus
1388 1202 1485 1267 quam

303 1310 336 1373 in
360 1310 529 1395 principali
552 1330 650 1376 causa
672 1311 861 1378 subornatio
886 1313 928 1377 sit
949 1310 1138 1377 timenda».

392 1432 426 1516 3)
448 1432 552 1517 quoad
579 1435 677 1498 ritum
708 1453 891 1519 processus,
917 1454 1014 1499 causa
1036 1434 1071 1499 in
1093 1433 1235 1499 secunda
1258 1433 1410 1499 instantia
1436 1437 1487 1497 est

303 1556 478 1619 summarie
508 1555 695 1629 tractanda,
719 1558 746 1621 si
770 1559 947 1623 summario
970 1578 1124 1643 processu
1148 1560 1308 1644 inprims
1331 1556 1486 1623 instantia

302 1677 484 1741 instaurata
510 1676 580 1742 luit.
606 1678 686 1743 Item
711 1680 757 1743 ita
780 1678 925 1764 explicat
949 1679 1137 1765 Pellegrini,
1166 1678 1225 1761 Op.
1250 1679 1301 1745 cil.
1327 1677 1422 1743 Part.
1447 1679 1486 1743 ll

304 1797 389 1865 Sace.
411 1801 439 1872 1,
466 1800 612 1868 Subsect.
637 1802 677 1884 1,·
700 1802 823 1868 Inters.
849 1802 955 1869 unica
985 1823 1019 1867 n.
1043 1801 1114 1868 29:
1139 1802 1351 1879 «Quaeritur
1376 1804 1485 1883 tertie,

304 1942 346 1987 an
369 1942 468 1987 causa
498 1923 597 1989 semel
621 1926 796 1989 summaria
827 1922 955 2006 effecta,
980 1926 1183 2010 semper'sit
1204 1923 1400 1991 summaria?
1424 1924 1486 1988 Re

305 2049 481 2134 spondetur
506 2048 699 2116 affirmative
729 2052 832 2116 itaut
856 2052 882 2117 si
907 2048 1024 2119 effecta
1052 2054 1093 2117 sit
1120 2054 1294 2117 summaria
1324 2053 1356 2116 in
1380 2051 1486 2138 prima

306 2174 465 2246 instantia,
483 2170 519 2238 fit
541 2174 637 2237 otiam
660 2173 734 2239 talis
757 2176 790 2238 in
814 2174 959 2240 secunda
982 2175 1137 2240 instantia
1164 2180 1197 2241 et
1221 2176 1253 2238 in
1276 2172 1484 2257 sequentibus

307 2296 379 2362 Rot.
398 2298 430 2362 in
452 2297 649 2363 Ferrariam.
675 2298 853 2365 Bonorum
881 2299 924 2364 de
949 2299 1116 2365 Fewaleis
1138 2297 1189 2363 26
1211 2296 1304 2363 Iunii
1324 2294 1411 2362 1613
1434 2314 1486 2362 co

305 2445 385 2491 rum
403 2425 445 2490 D.
462 2424 505 2489 N.
523 2426 720 2491 Innocentio
737 2426 778 2490 X.
797 2426 913 2511 Aegid.
931 2426 1031 2492 decis.
1049 2425 1101 2489 41.
1119 2426 1276 2511 Papazon.
1294 2424 1342 2489 ud
1364 2423 1397 2488 d.
1413 2422 1487 2488 dec.

304 2550 378 2619 Rot.
397 2551 497 2617 decis.
513 2550 549 2632 2,
565 2572 600 2615 n.
618 2551 670 2632 17,
686 2551 729 2617 cta
749 2550 904 2635 rescript.
922 2552 960 2615 in
975 2570 1051 2617 noo.
1070 2586 1087 2598 -
1106 2550 1250 2614 Mandos.
1267 2549 1304 2614 in
1318 2547 1436 2632 forma
1452 2545 1487 2627 3,

301 2678 469 2743 cornmiss.
494 2678 527 2743 d.
552 2674 643 2742 verb.
667 2676 860 2742 summarie
882 2712 899 2724 -
922 2695 1009 2743 vers.
1034 2676 1281 2743 advertendum
1295 2726 1303 2740 .
1318 2726 1326 2740 .
1341 2725 1370 2740 ..
1396 2672 1508 2763 Quod¹

303 2800 448 2886 procedit
479 2803 513 2866 in
537 2801 643 2866 causis
670 2801 919 2880 commissoriis,
944 2802 1041 2866 etiam
1068 2803 1101 2864 in
1132 2800 1307 2893 subrogato
1339 2818 1358 2864 a
1381 2797 1499 2863 iudice

298 2929 519 2993 commissario
545 2947 617 2992 cum
641 2926 698 2991 tali
722 2926 871 2991 clausula
894 2926 1084 2991 summaria
1107 2932 1166 2992 etc.
1187 2925 1301 3012 aegid.
1319 2924 1420 2990 dacia.
1438 2923 1487 2989 40

302 3058 334 3117 et
356 3052 398 3117 41
417 3071 484 3135 per
507 3056 601 3118 tol.»
627 3050 675 3116 Cf.
701 3050 786 3115 Inst.
811 3050 881 3117 ΕΕ.
907 3055 939 3115 et
962 3048 1035 3115 Ra.
1060 3048 1162 3131 1880,
1186 3050 1223 3114 11
1245 3051 1322 3117 Ian.
1344 3055 1409 3115 art.
1426 3049 1486 3115 112.

395 3176 472 3242 651.
496 3173 646 3241 Definitio
683 3179 790 3239 autem
821 3174 994 3241 secundae
1029 3174 1200 3239 instantiae
1238 3194 1302 3239 non
1333 3194 1427 3239 secus
1449 3192 1490 3239 ac

304 3302 441 3384 primae
463 3298 499 3367 lit
522 3322 582 3387 per
604 3302 797 3368 sententiam
834 3299 948 3366 iudicis
979 3301 1213 3387 appellationis,
1238 3305 1296 3369 aut
1325 3320 1385 3385 per
1408 3300 1489 3364 alios

309 3425 419 3491 modos
442 3426 555 3510 quibus
578 3423 735 3490 finiuntur
758 3429 891 3491 ceterae
915 3426 1086 3490 instantiae
1110 3423 1287 3491 iudiciales.
