3350 5117
314 342 381 408 290
841 363 924 410 rsus
949 363 971 410 1.

402 485 478 550 257.
504 485 646 550 Proinde
662 487 748 551 inter
770 486 949 571 simplicem
972 506 1119 552 errorem
1136 491 1167 552 et
1183 507 1331 552 errorem
1351 507 1394 552 ex
1418 485 1494 551 dolo

313 609 495 678 differentia
526 615 585 694 est,
609 612 785 697 simplicem
823 631 982 693 errorem,
1007 612 1047 677 ad
1077 617 1184 678 actum
1212 612 1494 684 determinantem,

312 741 472 805 actionem
494 759 560 804 non
582 744 751 825 praestare
773 737 815 804 ed
839 743 946 804 actum
963 737 1213 805 rescindendum
1228 737 1408 805 ordinario
1429 735 1495 823 (1);

312 861 397 925 hanc
420 878 500 924 vero
523 863 691 945 praestare
715 878 874 926 errorem
889 859 1054 931 dolosum,
1078 859 1112 923 in
1135 858 1242 924 odium
1261 857 1422 944 peirantis
1438 858 1494 922 do-

312 984 389 1048 lum.
414 981 522 1047 Probe
548 987 656 1048 tamen
681 982 880 1064 advertetur,
906 1001 965 1048 nos
988 982 1061 1047 heic
1088 981 1297 1047 substantiam
1321 1001 1379 1047 seu
1401 987 1495 1047 actus

312 1103 473 1170 obiectum
496 1105 645 1189 accipere
671 1104 851 1172 moraliter
881 1123 947 1168 non
977 1103 1216 1187 metaphisice,·
1248 1109 1280 1170 et
1303 1123 1400 1169 error
1422 1102 1495 1168 sub-

311 1227 472 1292 stantialis
505 1226 732 1312 intelligendus
763 1233 821 1302 est,
847 1229 873 1293 si
902 1232 1047 1293 erratum
1082 1227 1124 1292 sit
1151 1227 1184 1291 in
1210 1227 1262 1292 his
1285 1225 1494 1310 qualitatibus

312 1371 395 1436 quae
410 1372 452 1417 ex
475 1372 586 1417 rerum
609 1374 669 1418 usu
684 1359 717 1418 et
739 1352 833 1418 modo
849 1351 1002 1436 loquendi
1017 1370 1099 1437 pene
1122 1351 1272 1418 recidunt
1291 1351 1325 1415 in
1348 1349 1495 1416 substan·

311 1480 406 1553 tiem;
430 1479 531 1543 veluti
546 1479 573 1544 si
589 1479 723 1543 emerim
739 1477 867 1543 domum
891 1479 1054 1544 ruinosam
1078 1476 1269 1544 habitationi
1284 1495 1348 1542 non
1368 1495 1494 1541 accom-

312 1600 454 1678 modam;
479 1602 521 1666 cl.
542 1602 564 1667 t.
587 1601 648 1678 29,
670 1603 707 1686 ff.
731 1600 785 1669 De
807 1602 908 1670 aedit.
933 1603 1051 1670 edicto.

367 1755 371 1762 ·
401 1725 477 1792 258.
500 1727 607 1792 Error
636 1747 680 1792 ex
707 1725 780 1793 dolo
803 1729 1009 1813 proveniens,
1030 1729 1061 1796 si
1080 1732 1129 1795 est
1151 1727 1304 1795 incidens
1326 1746 1384 1793 seu
1408 1727 1492 1792 ecci-

312 1854 448 1920 dentelis
470 1853 550 1918 adeo
574 1861 609 1919 ut
624 1874 748 1939 nempe,
762 1856 822 1919 etsi
838 1874 905 1918 non
929 1854 1136 1927 interfuisset,
1154 1854 1255 1919 nihilo
1278 1854 1384 1920 secius
1399 1857 1493 1919 ectus

311 1983 433 2066 positus
454 1981 577 2063 fuisset,
601 1980 752 2046 damnum
775 1970 878 2067 passo'
895 1980 1124 2046 detectionem
1146 1979 1366 2046 tantummodo
1382 1979 1423 2044 ad
1439 2001 1493 2066 pe

311 2106 441 2172 tendam
464 2106 717 2176 indemnitatem,
742 2107 774 2170 in
806 2105 914 2171 odium
945 2104 1052 2169 dolum
1075 2105 1242 2190 peirantis.
1268 2105 1349 2170 Nam
1377 2105 1403 2170 si
1425 2124 1492 2170 non

311 2229 467 2296 adfuisset
482 2228 582 2310 dolus
599 2228 738 2314 simplex
752 2248 849 2293 error
864 2227 904 2292 ad
922 2227 1042 2292 nullam
1065 2225 1306 2292 indemnitatem
1322 2229 1372 2293 ins
1388 2227 1491 2293 deret.

400 2355 475 2420 259.
502 2353 668 2420 Hactenus
690 2353 790 2419 locuti
813 2373 924 2418 sumus
946 2351 986 2418 de
1010 2351 1092 2434 dolo,
1110 2355 1200 2419 cuius
1227 2358 1341 2418 auctor
1365 2353 1420 2418 ille
1442 2359 1494 2420 est

312 2482 366 2564 qui
388 2500 431 2546 ex
453 2483 528 2546 actu
552 2479 708 2551 lucretur,
726 2498 783 2544 seu
799 2498 883 2545 unus
911 2497 954 2543 ex
985 2477 1265 2543 contrahentibus·
1278 2477 1376 2542 Dolus
1399 2496 1491 2548 vero,

311 2606 506 2691 proveniens
537 2604 577 2670 ab
608 2610 765 2670 extraneo
788 2624 886 2688 quem
910 2624 1028 2690 nempe
1055 2608 1155 2675 actus,
1184 2608 1303 2668 natura
1331 2621 1399 2676 sue,
1424 2621 1492 2666 non

311 2727 449 2812 attingit,
472 2726 526 2792 det
548 2729 597 2792 ius
618 2731 742 2793 tantum
766 2726 806 2791 ad
830 2727 1072 2793 indemnitatem
1093 2727 1250 2792 adversus
1265 2725 1490 2812 decipientem,

311 2850 380 2914 sive
402 2849 502 2914 luerit
524 2869 620 2914 error
642 2850 876 2917 determinans
899 2852 968 2916 sive
991 2851 1153 2918 incidens.
1178 2886 1221 2900 -
1245 2851 1351 2914 Error
1380 2855 1490 2914 autem

310 2973 540 3041 substantialis
556 2978 662 3039 actum
676 2972 781 3039 reddit
793 2974 927 3047 nullum,
941 2973 1026 3038 unde
1042 2975 1193 3059 competit
1204 2974 1288 3038 actio
1304 2972 1345 3037 ed
1361 2971 1491 3038 demon-

311 3098 476 3166 strandam
497 3103 590 3164 ectus
605 3099 795 3172 nuditatem,
814 3117 875 3163 nec
891 3118 956 3163 non
971 3097 1011 3164 sd
1028 3097 1232 3164 obtinendem
1247 3097 1491 3163 indemnitatem

311 3226 467 3293 adversus
482 3226 704 3310 decipientem,
718 3245 761 3290 ex
781 3227 803 3290 l.
821 3223 979 3291 lulianus
1001 3226 1023 3308 §
1044 3225 1081 3290 Si
1097 3224 1299 3310 venditorff.
1316 3225 1366 3290 De
1389 3223 1492 3291 actio·

310 3353 410 3420 nibus
432 3351 546 3434 empti,
570 3356 604 3418 et
625 3371 666 3417 ex
691 3352 711 3416 t.
736 3352 924 3437 Etepanter
944 3353 981 3436 ff.
998 3349 1052 3416 De
1074 3351 1151 3419 doto
1176 3355 1209 3416 et
1232 3371 1274 3416 ex
1298 3352 1318 3417 t.
1336 3351 1370 3431 2,
1385 3353 1421 3436 ff.
1439 3350 1492 3417 De

306 3477 549 3564 promeneticis.

400 3602 476 3668 260.
506 3601 569 3667 Sed
600 3603 656 3666 rix
687 3605 830 3686 praestat
863 3599 1133 3674 animadvertere,
1158 3601 1235 3666 istas
1269 3601 1415 3666 actiones
1449 3596 1491 3663 ad

310 3727 544 3795 rescissionem
566 3725 672 3791 locum
703 3745 769 3791 non
800 3724 925 3791 habere
952 3727 985 3790 in
1015 3725 1139 3792 actibus
1169 3730 1286 3791 nature
1314 3743 1372 3792 sua
1402 3728 1491 3793 irre·

311 3849 547 3932 scindibilibus,
571 3850 616 3916 uti
644 3855 694 3916 est
723 3851 963 3916 matrimonium
987 3855 1018 3916 et
1050 3850 1208 3936 professio
1238 3847 1409 3937 religiosa,
1435 3853 1491 3935 qui

310 3981 401 4042 actus
424 3972 484 4040 sub
506 3980 597 4040 certo
621 3993 736 4039 errore
758 3975 867 4041 statim
891 3974 1023 4040 invalidi
1046 3980 1129 4052 sunt;
1150 3974 1234 4060 quod
1258 3977 1284 4042 si
1313 3995 1409 4042 error
1432 3982 1490 4043 aut

400 4274 440 4344 (l)
462 4275 577 4346 lnqnsm
595 4303 610 4318 ·
628 4279 774 4332 ordinario
793 4304 808 4319 ·
826 4277 894 4348 quis
918 4293 973 4332 non
997 4277 1083 4333 semel
1109 4278 1145 4332 ob
1171 4275 1358 4331 conditionem
1376 4277 1495 4345 aetatis,

311 4379 400 4435 veluti
417 4380 446 4434 in
464 4381 626 4448 minoribus,
638 4387 688 4436 eut
699 4383 756 4438 elis
775 4382 975 4452 impedimenta
987 4381 1149 4438 conceditur
1161 4381 1312 4438 remedium
1331 4382 1492 4437 extraordi-

313 4487 420 4542 narium
439 4489 620 4544 restitutionis
637 4493 668 4545 in
684 4492 834 4562 imeprum
