3350 5117
503 326 547 371 ns
571 324 710 372 muscus
734 322 1001 371 rcocssrssrrcrs
1278 300 1339 364 431

158 420 250 510 ¹tione
266 444 406 527 obtentu,
420 446 479 511 ius.
493 465 564 511 cau.
579 446 623 510 nil
640 444 776 529 amplius
798 444 945 527 requirit.
963 478 1007 491 -
1022 441 1054 507 Si
1071 460 1150 505 vero
1167 460 1243 504 reus
1259 438 1344 504 forte

165 572 196 636 in
220 571 375 638 tribunali
399 575 585 656 compareat
609 570 715 655 ibique
731 573 909 655 cognoscat
925 568 1046 633 actoris
1069 565 1290 646 intentionem,
1311 568 1345 628 at

166 698 214 759 est
229 712 396 781 congruae
412 692 591 758 defensioni
607 692 801 778 imparatus,
821 696 903 755 tunc
917 689 1054 774 amplius
1076 685 1262 752 necessaria
1280 705 1346 750 non

165 822 216 884 est
238 820 357 900 citatio,
374 822 530 904 quatenus
553 823 602 882 est
624 817 661 883 in
676 817 731 881 ius
746 814 889 895 vocatio,
907 813 964 879 sed
980 812 1207 897 expostulatur
1222 810 1345 889 citatio,

167 961 230 1025 qua
252 939 444 1027 praefigitur
467 960 629 1029 congruus
652 941 811 1005 terminus
830 937 1070 1023 comparitionis
1092 934 1132 999 ad
1149 933 1345 1021 responden·

167 1063 239 1131 dum
263 1066 383 1130 actoris
406 1066 585 1131 intentioni.
602 1100 646 1114 -
663 1066 763 1145 Item,
787 1062 981 1149 praesertim
1007 1063 1040 1126 in
1063 1059 1293 1141 criminalibus,
1319 1059 1345 1123 si

38 1276 39 1307 ἢ
103 1236 107 1245 .
149 1191 292 1255 'crimen
323 1196 373 1257 est
402 1191 563 1255 notorium
586 1190 669 1274 quod
693 1190 782 1255 nulla
809 1190 909 1276 possit
933 1187 1206 1273 tergiversatione
1234 1185 1346 1259 celari,

167 1334 240 1400 erp.
260 1334 335 1398 cop.
359 1316 392 1388 5,
417 1317 439 1399 ἓ
462 1316 489 1390 1,
514 1316 563 1383 De
587 1316 748 1400 appellet.
772 1316 814 1388 Χ,
840 1315 898 1399 (ll.
916 1315 982 1401 28).
1000 1334 1075 1379 rous
1099 1314 1195 1377 etiam
1219 1330 1283 1375 non
1306 1312 1348 1375 ci-

166 1442 252 1505 tatus
268 1438 476 1505 condemnari
492 1444 613 1524 potest;
630 1441 681 1505 ius
696 1441 782 1505 enim
805 1439 956 1504 naturale
980 1458 1045 1502 nou
1061 1437 1203 1521 exquirit
1226 1438 1277 1501 rei
1291 1434 1346 1501 de-

166 1559 356 1643 fensionem,
381 1582 453 1627 cum
478 1562 637 1648 possibilis
660 1582 724 1627 non
747 1568 810 1628 est:
837 1562 878 1627 ci.
911 1561 1103 1627 Leurenium
1123 1560 1153 1623 lr.
1172 1564 1194 1624 t.
1219 1578 1251 1642 q.
1273 1558 1346 1635 211,

168 1683 367 1771 Sohmalzgr.
382 1686 432 1751 De
447 1685 502 1753 lit.
516 1686 578 1754 ool.
592 1708 625 1751 n.
636 1688 677 1753 15
692 1706 753 1771 sq„
769 1688 886 1758 Bonis,
901 1686 952 1751 De
965 1685 1035 1751 iud.
1047 1686 1094 1764 H,
1108 1683 1270 1769 pop.159
1284 1702 1344 1767 sq..

256 1807 331 1872 405.
358 1809 411 1873 lus
433 1828 514 1872 vero
537 1810 707 1893 positivum
730 1808 842 1874 sedulo
859 1808 1087 1873 determinavit
1109 1806 1269 1871 citationis
1285 1805 1348 1868 for·

168 1948 252 1993 mam
277 1936 309 1995 et
331 1929 469 1996 modum.
488 1931 566 1995 Cum
589 1932 701 2015 primis
716 1932 826 2015 plures
850 1930 1012 1995 habentur
1036 1929 1195 1995 citationis
1215 1928 1346 2011 species.

168 2054 293 2119 Dicitur
318 2056 427 2120 citatio
441 2054 536 2126 iurtr,
554 2054 681 2139 quando
696 2056 752 2121 lex
768 2056 836 2140 ipsa
854 2057 944 2120 circa
965 2053 1094 2137 aliquod
1112 2052 1274 2137 negotium
1292 2050 1347 2114 ad-

168 2180 267 2247 vertit
290 2200 411 2255 omues,
428 2200 563 2265 quorum
581 2183 717 2247 interest
733 2188 767 2247 ut
782 2187 873 2249 certo
890 2188 1040 2263 tempore
1055 2182 1170 2245 sistant
1185 2182 1218 2243 in
1233 2178 1349 2243 iudicio

167 2310 214 2372 sui
238 2308 318 2373 iuris
343 2309 532 2394 experiendi
556 2311 678 2394 gratia;
697 2329 758 2392 quo
775 2309 999 2393 praeterlapso
1017 2307 1174 2372 inutiliter
1193 2310 1349 2390 tempora

167 2451 233 2495 non
257 2432 397 2516 amplius
414 2430 605 2507 audientur;
623 2434 668 2497 uti
692 2433 844 2496 statuitur
869 2451 921 2495 ex.
938 2452 969 2516 g.
985 2430 1020 2493 in
1043 2449 1117 2512 cap.
1142 2430 1170 2503 1,
1187 2428 1237 2493 De
1259 2428 1349 2494 elect.
1445 2447 1447 2451 ·

168 2556 205 2621 in
227 2556 252 2619 6
273 2554 311 2641 (l,
329 2556 362 2641 6)
377 2562 502 2642 tempus
526 2557 604 2622 utile
627 2557 668 2621 ad
691 2556 940 2643 oppugnandam
957 2555 1175 2641 provisionem
1192 2551 1349 2633 beneficii,

169 2697 228 2761 per
251 2677 452 2761 electionem,
476 2678 606 2745 iactam.

165 2891 169 2899 .
260 2806 381 2872 Contra
405 2804 517 2871 citatio
541 2804 657 2870 dicitur
680 2804 720 2869 ab
744 2804 893 2883 homine,
918 2823 1000 2886 quae
1027 2822 1143 2887 nempe
1171 2822 1214 2866 ex
1236 2800 1351 2866 iudicis

169 2925 321 2992 mandato
345 2926 498 3023 procedit.
523 2926 698 2994 Ordinante
722 2926 817 2992 debet
842 2926 978 3009 scriptis
1001 2923 1073 2990 fieri
1097 2923 1207 2989 citatio
1232 2923 1275 2989 ab
1299 2923 1352 2990 lto·

169 3050 271 3131 mine,
288 3050 331 3115 ci.
356 3052 495 3116 Leuren.
513 3052 544 3116 h.
563 3056 583 3116 t.
600 3070 631 3135 q.
648 3050 734 3130 220,
761 3055 902 3133 excepto
926 3067 1003 3113 casu
1026 3067 1088 3131 quo
1114 3044 1245 3111 difficile
1268 3053 1352 3112 esset

168 3181 226 3243 aut
240 3178 456 3262 periculosum
473 3176 600 3261 scriptis
621 3194 692 3239 eam
712 3176 856 3240 mittere.
883 3174 1018 3248 Quando
1043 3174 1152 3238 citatio
1176 3172 1353 3238 denuncia-

168 3302 224 3363 tur
247 3300 301 3364 uni
326 3297 379 3363 vel
402 3296 557 3383 pluribus,
574 3303 607 3361 et
630 3296 764 3382 singulis
787 3296 821 3358 in
847 3295 963 3359 faciem
987 3294 1210 3375 denunciatur,
1235 3295 1354 3360 dicitur

165 3424 362 3508 pesonalts
385 3422 707 3505 suspectantes
730 3442 810 3485 vero
833 3421 994 3493 edictalis,
1017 3440 1113 3504 quum
1138 3426 1298 3485 convento
1320 3422 1354 3484 in

170 3551 287 3616 faciem
314 3548 405 3613 reddi
436 3568 500 3613 non
531 3554 651 3633 potest,
685 3548 759 3631 quia
783 3550 851 3613 eius
876 3550 968 3633 copia
999 3547 1114 3612 haberi
1146 3567 1211 3611 non
1239 3552 1353 3631 potest.

170 3676 263 3741 Tunc
286 3674 326 3739 ad
351 3674 480 3739 domum
504 3675 537 3749 in
562 3694 625 3757 qua
640 3673 773 3755 habitat,
792 3680 824 3738 et
849 3674 875 3739 si
901 3673 1010 3757 plures
1026 3672 1140 3736 domos
1157 3671 1284 3744 habeat,
1303 3671 1357 3735 ubi

170 3798 378 3882 frequentius
394 3798 588 3862 commorari
612 3796 694 3861 solet
719 3800 774 3860 aut
798 3796 994 3861 commorari
1018 3794 1161 3866 deberet,
1190 3794 1356 3859 decretum

172 3924 333 3988 citationis
355 3921 579 4001 denunciatur,
593 3908 793 4000 eo'consilio,
819 3922 854 3983 ut
878 3939 953 3984 reus
976 3940 1036 4004 per
1059 3918 1247 3990 familiares,
1272 3937 1354 4002 pro·

171 4050 307 4133 pinquos
331 4054 363 4113 et
385 4050 506 4113 amicos
530 4046 751 4127 admoneatur,
776 4065 852 4131 urq.
879 4066 905 4111 c.
931 4065 958 4110 c.
982 4045 1029 4125 11,
1054 4043 1105 4109 De
1129 4043 1259 4109 clericis
1282 4062 1354 4108 nou

171 4173 275 4239 rerid.
291 4173 327 4237 X
346 4172 420 4256 (ΙΙΙ,
447 4174 498 4253 4);
524 4171 579 4244 10,
598 4171 647 4237 De
670 4171 746 4238 dolo
764 4176 794 4235 et
810 4176 897 4237 cont.
916 4170 950 4234 X
966 4167 1023 4254 (ll,
1041 4167 1114 4253 11);
1130 4168 1183 4241 13,
1201 4170 1250 4233 De
1265 4169 1356 4233 elect·

172 4301 204 4363 et
219 4296 313 4363 electi
324 4301 395 4380 pot.
420 4297 458 4361 in
477 4294 579 4361 Clean.
605 4294 644 4379 (Ι,
671 4294 715 4381 3).
741 4294 847 4367 Quum
872 4314 947 4359 reus
970 4293 1060 4358 abest
1078 4312 1193 4382 neque
1217 4294 1358 4358 rescitur

173 4422 208 4486 in
220 4442 282 4506 quo
293 4421 366 4487 loco
378 4426 543 4495 versetur,
561 4428 639 4486 tunc
652 4420 836 4485 recurritur
848 4418 888 4484 ad
901 4419 1065 4506 publicum
1078 4418 1225 4490 edictum,
1243 4438 1359 4503 nempe
1438 4390 1441 4394 7
