3350 5117
299 319 343 383 90
823 340 908 387 reas
932 341 955 386 1.

298 461 412 528 landas
435 482 516 535 esse,
534 481 575 525 ne
599 463 704 527 exitus
727 462 870 528 habeant
892 463 1050 529 infelices.
1067 498 1111 511 -
1127 464 1236 528 Fauor
1259 463 1475 549 dispositionis

299 585 523 670 complectitur
547 588 687 652 minores
711 592 778 652 tum
801 588 941 655 clericos
964 608 1036 653 cum
1061 588 1166 655 laicos
1189 593 1222 653 et
1237 588 1270 652 in
1294 589 1399 653 causis
1414 590 1476 672 spi-

298 706 466 772 ritualibus
490 708 733 794 compreb'endit
748 712 844 775 etiam
861 729 975 775 causas
989 709 1030 775 ab
1045 709 1166 775 eisdem
1182 708 1400 794 dependentes
1416 728 1473 773 seu

299 850 464 897 connexas
487 834 587 898 veluti
610 852 723 899 causas
746 835 1014 910 matrimoniales;
1039 854 1153 901 causas
1176 836 1256 898 iuris
1286 838 1475 919 patronatus

299 968 331 1024 et
346 959 475 1035 similes,
493 981 567 1047 arp.
585 980 660 1045 cap.
678 962 729 1035 14,
749 962 797 1028 De
812 961 1034 1029 Restitutioue
1045 961 1280 1045 spoliatorum,
1296 962 1331 1026 X
1343 961 1473 1047 (ΙΙ-13)ε

298 1082 340 1145 cf.
365 1078 531 1148 Reiffenst.
556 1084 604 1151 tit.
630 1085 679 1150 De
702 1086 773 1153 iud.
797 1106 831 1151 u.
857 1086 925 1151 163
946 1105 1015 1170 seq.

387 1207 421 1294 2)
445 1210 549 1275 Bonif.
568 1209 653 1275 VIII
669 1212 771 1295 quoad
784 1212 977 1295 impuberes
989 1213 1023 1277 in
1039 1211 1151 1276 eodem
1168 1231 1242 1294 cap.
1260 1213 1382 1277 statuit:
1399 1229 1418 1273 a
1435 1210 1475 1275 Si

47 1329 205 1457 wi
217 1349 278 1431 psa
298 1352 377 1399 cero
393 1334 489 1417 iufra
505 1341 667 1419 quartum
682 1335 853 1403 decimum
869 1354 1003 1401 aunum
1019 1334 1156 1410 existas,
1165 1354 1233 1418 per
1250 1340 1279 1399 te
1294 1353 1398 1419 apere
1413 1338 1474 1398 aut

36 1433 174 1576 &pff
298 1454 481 1537 defendere
496 1477 567 1523 uou
585 1456 715 1541 poteris
730 1476 836 1540 super
859 1458 943 1541 ipsis
958 1455 1098 1542 (seilicet
1112 1458 1223 1524 causis
1236 1456 1473 1541 spiritualibus

47 1647 77 1687 a
96 1594 266 1677 W
297 1581 351 1645 vel
372 1582 606 1665 spiritualibus
629 1583 813 1669 commercist
838 1585 898 1650 secl
918 1604 985 1667 per
999 1590 1096 1650 tuum
1119 1586 1327 1668 Episcopum
1342 1585 1394 1650 oet
1405 1603 1474 1667 per

48 1716 137 1837 ptr
225 1664 272 1773 θ(
298 1704 474 1789 officialem
499 1706 649 1771 eiusdem
681 1706 739 1773 tibi
769 1712 911 1774 curator
941 1707 1080 1773 dabitur
1111 1708 1158 1773 ael
1181 1708 1253 1773 tiles
1277 1708 1473 1774 huiusmodi

54 1733 251 1963 ff·
297 1828 506 1894 exercendas
520 1851 549 1892 n.
568 1830 655 1895 Hinc
678 1837 810 1895 curator
833 1831 982 1916 specialis
1006 1831 1046 1895 ad
1069 1832 1128 1895 has
1152 1851 1265 1897 causas
1288 1830 1352 1896 hoc
1374 1831 1468 1896 modo

298 1952 497 2025 constitutus,
522 1972 621 2040 agere
643 1961 677 2020 et
699 1954 875 2021 defendere
899 1956 995 2021 debet
1017 1977 1077 2042 pro
1100 1954 1277 2041 impubere,
1294 1954 1472 2021 excludens

297 2075 392 2139 alium
408 2082 591 2141 curatorem
603 2076 643 2141 ad
656 2077 739 2143 bona
751 2078 942 2163 temporalia
954 2078 1061 2143 datum
1074 2099 1135 2143 nec
1148 2098 1211 2142 non
1220 2079 1321 2163 ipsum
1335 2083 1473 2164 patrem.

298 2196 451 2283 Sequitur
476 2200 645 2266 Pontifex:
665 2220 682 2265 a
699 2207 758 2267 aut
775 2202 909 2285 tuipse,
926 2202 956 2268 sl
970 2202 1084 2267 maior
1106 2199 1238 2283 infante
1251 2200 1362 2283 fueris
1377 2199 1474 2285 (idest

298 2327 401 2389 maim·
423 2324 602 2411 septennio)
627 2348 705 2393 cum
728 2328 929 2393 auctoritate
960 2328 1100 2393 alterius
1127 2326 1325 2392 eorumdem
1344 2346 1473 2408 procu-

297 2452 447 2511 ratorem
472 2448 518 2511 acl
541 2468 596 2514 eos
614 2450 745 2531 poteris
775 2449 994 2532 deputare».
1025 2448 1085 2513 His
1111 2446 1220 2513 verbis
1253 2448 1415 2528 Pontifex,
1440 2449 1474 2513 in

297 2572 463 2637 maiorem
494 2574 657 2640 libertatis
685 2573 853 2656 furorem,
878 2575 988 2639 statuit
1012 2580 1046 2639 ut
1069 2572 1212 2658 impubes
1228 2574 1290 2637 iam
1307 2580 1474 2639 assecutus

297 2719 389 2763 usum
412 2700 555 2777 rationis,
573 2702 678 2785 potius
697 2720 792 2784 quam
817 2704 1014 2770 curatorem,
1028 2699 1128 2783 possit
1150 2699 1326 2783 impetrare
1341 2698 1382 2762 ab
1399 2698 1473 2783 Epi·

296 2842 393 2907 scopo
416 2822 469 2887 vel
486 2824 554 2887 eius
571 2824 642 2887 Vic.
661 2824 813 2888 Generali
837 2823 1025 2886 facultatem
1041 2822 1101 2886 sibi
1125 2821 1340 2887 constituendi
1356 2821 1396 2885 ad
1412 2821 1471 2884 has

297 2968 410 3037 causas
433 2954 687 3043 procuratorem,
701 2967 817 3032 nempe
839 2948 978 3031 aliquem
998 2967 1055 3011 suo
1072 2941 1202 3012 domine
1226 2955 1259 3013 et
1280 2949 1474 3013 auctoritate

296 3072 450 3137 directius
473 3077 633 3156 agentem.
660 3070 697 3133 ln
721 3070 829 3134 verbis
853 3068 1118 3153 subsequentibus
1145 3069 1297 3134 Pontifex
1317 3069 1471 3155 Delegato

297 3194 435 3259 Sanctae
460 3194 549 3259 Sedis
573 3194 704 3277 eiusque
726 3192 934 3278 subdelegato
963 3193 1017 3260 dat
1043 3193 1229 3260 facultatem
1257 3193 1473 3260 constituendi

297 3324 480 3383 curatorem
496 3318 661 3402 impuberi,
679 3325 734 3384 aut
756 3318 860 3383 eidem
883 3318 977 3383 dandi
1002 3322 1228 3385 auctoritatem
1250 3318 1292 3383 ad
1315 3339 1474 3404 procura·

296 3448 400 3505 torem
424 3440 483 3505 sibi
500 3441 681 3527 eligendum
698 3461 756 3527 pro
773 3442 811 3505 iis
827 3442 933 3505 causis
949 3462 1059 3507 coram
1076 3442 1195 3507 eisdem
1220 3442 1383 3527 Delegatis
1398 3462 1474 3507 ven·

296 3564 434 3631 tilandis.
460 3564 508 3629 Cf.
532 3562 733 3651 Schmalzgr.
759 3566 804 3630 til.
830 3566 882 3631 cit.
907 3586 941 3629 u.
967 3567 1012 3631 26
1034 3586 1101 3651 seq.

385 3688 418 3775 3)
443 3689 585 3755 Tandem
609 3689 712 3773 quoad
734 3688 977 3775 filiusfamilias
999 3689 1081 3755 haec
1103 3689 1210 3771 habet,
1236 3691 1267 3754 in
1291 3688 1365 3770 fine,
1391 3690 1474 3753 Pon-

63 3743 272 3868 Mamm
295 3814 395 3879 tifex:
424 3836 442 3876 a
466 3815 509 3879 lu
532 3815 725 3882 buiusmocli
748 3834 882 3899 quoque
906 3814 1018 3881 litibus
1040 3815 1110 3881 siue
1133 3816 1244 3881 causis
1259 3833 1473 3900 quoiusquam

57 3872 308 4009 ὤμ’
295 3942 333 4006 iu
351 3948 515 4023 potestate
533 3942 646 4024 patris
669 3942 818 4007 aristeus
841 3961 903 4007 uec
925 3942 1013 4007 allas
1043 3942 1170 4026 absque
1201 3941 1309 4025 ipsius
1332 3962 1475 4010 assensu

57 3978 307 4113 misti
295 4064 333 4128 iu
355 4064 480 4129 iudicio
504 4064 710 4149 reputariter
733 4084 804 4129 esse
825 4064 945 4147 possis,
969 4065 1041 4130 eius
1065 4066 1157 4144 (cum
1180 4064 1223 4129 cle
1247 4064 1297 4130 bis
1320 4084 1356 4130 se
1370 4066 1475 4131 iutro·

295 4188 356 4252 mit
358 4194 426 4253 tere
456 4208 525 4253 nou
556 4187 688 4269 debeat)
719 4208 939 4274 nequaquam
970 4191 1103 4274 requiri
1133 4189 1228 4256 debet
1259 4211 1417 4257 assensum
1441 4213 1472 4257 a.

297 4311 447 4393 Proinde,
473 4332 515 4376 ex
539 4312 684 4397 generali
715 4321 899 4398 praecepto,
923 4311 1150 4378 filiusfamilias
1180 4314 1249 4378 sive
1269 4314 1377 4397 pubes
1404 4315 1474 4381 sive

294 4436 409 4501 riliuor
422 4438 489 4501 sive
505 4438 626 4511 maior,
643 4436 701 4502 sub
713 4437 831 4519 patria
849 4437 1038 4505 constitutus
1049 4443 1223 4521 potestate,
1240 4439 1273 4502 in
1290 4438 1341 4504 his
1356 4440 1472 4513 causis,
