3350 5117
683 337 790 385 INDEX
817 337 936 386 RERUM

468 605 487 665 5
506 602 531 654 2.
552 600 593 654 De
613 600 741 654 amantiae
759 602 870 654 testium
889 608 915 652 et
933 601 1147 653 attestationum.

218 777 279 832 474.
299 777 328 830 ln
348 775 480 834 civilibus
505 775 620 832 testium
646 791 762 830 examen
787 776 821 828 tit
844 773 879 827 ad
904 774 1067 828 instantiam
1085 775 1187 844 partis,
1206 793 1278 847 quae

326 881 411 936 iudici
430 883 531 938 offerre
549 882 633 937 debet
652 881 786 936 articulos
804 896 853 934 seu
871 881 946 933 lacta
964 884 1144 935 controversa
1162 898 1179 935 a
1198 881 1278 935 testi-

324 990 377 1043 bus
402 986 575 1059 explicanda.
605 987 688 1043 ludex
716 987 853 1057 approbat
879 985 926 1041 rel
952 986 1059 1056 respuit
1086 986 1131 1042 rel
1161 987 1278 1058 corrigit

326 1092 484 1148 huiusmodi
502 1093 667 1164 petitionem
687 1092 775 1164 partis
776 1131 1230 1148 ...........
1261 1111 1328 1164 pop.
1349 1092 1402 1146 490

217 1201 280 1256 475.
299 1201 396 1257 Testes
416 1200 519 1256 citandi
544 1206 609 1256 sunt
633 1219 688 1256 una
713 1200 834 1270 simplici
860 1200 1010 1267 citatione,
1029 1217 1136 1256 necnon
1155 1201 1279 1255 citantur

325 1316 419 1380 partes
438 1311 472 1364 ad
491 1311 639 1365 videndum
658 1315 745 1366 testes
764 1311 857 1364 iurare
869 1349 1276 1365 ..........
1313 1325 1331 1366 rr
1349 1309 1399 1365 491

217 1412 281 1467 476.
300 1416 344 1466 An
364 1415 553 1468 iuramentum
572 1413 679 1467 remitti
699 1414 784 1483 possit
820 1451 1275 1468 ...........
1312 1427 1330 1469 rr
1362 1411 1401 1465 ibi

216 1519 280 1576 477.
299 1521 344 1574 An
364 1524 457 1591 partes
476 1521 611 1576 interesse
624 1521 744 1576 debeant
758 1523 871 1577 testium
884 1522 1016 1589 examini,
1029 1527 1058 1578 et
1070 1521 1207 1594 quomodo
1224 1520 1278 1576 hoc

325 1628 472 1697 expleatur
508 1667 1273 1684 ..................
1310 1643 1327 1685 rr
1362 1629 1401 1683 ibi

216 1734 278 1787 478,
299 1735 328 1788 ln
348 1735 540 1790 criminalibus
566 1753 621 1790 non
646 1737 807 1792 conceditur
828 1738 900 1807 parti
926 1737 1090 1807 producenti
1115 1752 1205 1808 neque
1230 1735 1277 1790 ad·

325 1839 449 1894 versario
467 1840 602 1895 interesse
621 1841 743 1895 examini
763 1841 877 1896 testium
913 1879 1277 1896 .........
1313 1855 1331 1899 r
1350 1840 1403 1895 492

215 1943 278 1999 479.
299 1945 536 2017 Interrogationea
561 1951 645 2002 antea
670 1948 832 2018 dirigendae
851 1954 916 2002 sunt
934 1950 963 2002 in
982 1947 1134 2020 qualitates
1152 1950 1276 2017 testium,

324 2058 356 2109 ut
375 2059 510 2126 appareat
529 2056 677 2126 praecipue
690 2073 724 2111 ax
738 2073 792 2127 quo
810 2057 887 2112 sonte
906 2057 987 2113 testis
1005 2055 1118 2112 hauriat
1136 2073 1214 2111 suam
1233 2057 1273 2112 rei

324 2160 468 2224 notitiam;
491 2161 555 2216 dein
573 2161 731 2230 diriguntur
750 2163 778 2215 in
797 2163 903 2216 factum
910 2200 1273 2217 .........
1310 2177 1328 2219 rr
1348 2161 1401 2217 494

219 2267 282 2322 480.
302 2269 523 2324 Attestaticnum
542 2269 621 2324 valor
640 2268 767 2324 absolute
786 2273 815 2324 et
833 2263 951 2325 relative
970 2269 1140 2325 considerari
1159 2273 1276 2339 potest.
1312 2283 1331 2327 t
1348 2268 1402 2324 495

217 2376 279 2429 481.
299 2376 464 2446 Explicatur
483 2377 582 2447 regula
601 2395 656 2450 qua
675 2377 817 2444 statuitur,
830 2378 899 2432 duos
912 2381 999 2433 testes
1016 2378 1092 2432 omni
1110 2376 1275 2446 exceptione

324 2485 452 2550 maiores,
464 2482 575 2553 plenam
594 2484 685 2538 facere
705 2482 802 2547 fidem3
822 2487 852 2538 et
870 2483 1006 2554 quomodo
1030 2482 1182 2554 aliquando
1206 2499 1278 2536 unns

325 2587 405 2643 testis
425 2586 592 2653 sufficiebat
611 2585 721 2656 quando
740 2590 825 2642 testes
845 2602 961 2642 numero
979 2586 1073 2655 plnres
1089 2585 1274 2656 requirantur.
1310 2599 1329 2643 r
1362 2584 1401 2638 ibi

216 2693 277 2747 482.
296 2693 455 2764 Aliquando
475 2692 569 2762 plures
589 2697 675 2748 testes
694 2692 789 2748 valent
808 2693 963 2763 respective
975 2693 1018 2768 uti
1031 2710 1102 2746 unns
1122 2693 1209 2759 testis,
1228 2711 1276 2749 sau

324 2805 389 2853 sunt
407 2798 563 2868 singulares
592 2837 1271 2852 ................
1308 2813 1326 2857 >r
1345 2797 1398 2852 497

289 3035 307 3094 5
327 3029 352 3083 3.
375 3031 417 3084 De
432 3030 625 3100 publicatione
643 3034 857 3096 adamationem,
875 3034 913 3086 de
928 3048 1001 3085 novo
1018 3034 1130 3086 testium
1144 3032 1331 3102 productione

524 3147 551 3190 et
570 3139 604 3192 de
624 3139 834 3208 exceptionibus
851 3140 989 3192 adrasus
1007 3147 1096 3193 testes.

177 3391 181 3398 ,
220 3334 281 3390 483.
301 3334 442 3397 Quomodo
461 3333 638 3404 publicentur
655 3335 851 3390 attestationes
868 3339 928 3390 tum
952 3335 981 3390 in
1006 3333 1136 3390 civilibus
1161 3339 1222 3390 tum
1246 3336 1276 3391 in

322 3441 514 3496 criminalibus
551 3480 1227 3497 ................
1259 3460 1327 3516 pap.
1347 3443 1399 3497 498

215 3549 277 3604 484.
300 3550 456 3604 Publicatis
474 3550 710 3616 attestationibus,
722 3549 772 3604 alii
786 3554 872 3605 testes
884 3551 996 3621 produci
1010 3568 1064 3606 uon
1077 3551 1173 3608 valent
1190 3569 1274 3623 super

322 3654 419 3708 iisdem
439 3653 566 3708 articulis
593 3695 1272 3712 ................
1310 3673 1328 3718 ›
1348 3659 1402 3714 499

216 3757 279 3813 485.
299 3758 414 3820 Quando
433 3756 487 3812 hoc
505 3759 685 3828 permittatur
702 3759 737 3812 ob
757 3759 892 3828 speciales
909 3776 1008 3814 causas
1044 3800 1274 3818 ......
1312 3763 1401 3821 »500

216 3863 278 3918 486.
298 3862 376 3917 Nihil
396 3861 525 3933 prohibet
543 3863 690 3934 quominus
709 3880 791 3933 super
803 3863 868 3917 aliis
879 3862 1006 3918 articulis
1019 3865 1102 3920 iidem
1115 3865 1161 3920 rel
1174 3867 1276 3923 diversi

327 3976 415 4027 testes
434 3971 546 4042 produci
567 3972 681 4042 possint,
694 3972 841 4027 dummodo
858 3971 974 4026 nimium
987 3989 1043 4026 non
1055 3973 1224 4044 producatur
1236 3976 1277 4029 di·

327 4078 398 4134 latio
417 4079 585 4148 probatoria,
604 4095 693 4151 neque
711 4080 763 4134 fiat
780 4079 898 4134 collusio
911 4119 1272 4138 .........
1309 4097 1328 4141 s
1345 4083 1394 4138 501

217 4183 279 4238 487.
301 4183 341 4240 De
362 4189 485 4255 ternpore
504 4189 533 4240 et
551 4183 633 4238 modo
652 4184 821 4254 proponendi
841 4186 1019 4255 exceptiones
1037 4187 1169 4243 adversus
1187 4192 1273 4244 testas
1309 4203 1327 4247 »
1360 4190 1399 4245 ibi

213 4288 278 4343 488.
299 4288 338 4344 De
360 4290 496 4359 expensis,
517 4291 544 4344 ln
565 4289 743 4360 productione
763 4290 876 4345 testium
900 4293 1073 4359 necessariis,
1092 4293 1275 4350 resarciendis
1311 4295 1401 4353 »502
