3350 5117
511 338 556 385 nn
580 336 717 385 1unrons
741 336 1006 385 nccunsrssmors
1285 319 1350 385 125

166 476 245 542 cup.
269 458 294 524 6
315 458 368 525 De
389 459 541 543 rescript.
566 458 604 524 ia
627 458 650 524 6
673 454 753 543 (1·3)
783 463 814 524 31
845 458 1051 531 Leurenium
1075 460 1206 525 Forum
1237 458 1347 541 benef.

164 583 209 649 P.
235 582 349 670 Illq.
374 604 406 671 q
431 584 465 659 3
489 584 547 659 34,
571 582 631 651 35.

257 706 291 794 2)
313 727 375 807 per
388 708 650 827 resignationem
672 708 847 793 legitimam
871 705 987 775 oflicii:
1013 709 1055 775 ct.
1080 710 1127 776 tit
1152 710 1203 777 De
1216 730 1347 777 remun-

164 832 247 898 ciat.
271 834 340 913 X(
328 834 415 917 (·l9).
527 821 698 843 -„........

258 956 292 1044 3)
315 977 376 1043 por
397 957 627 1044 depositionem
642 959 696 1024 vel
718 962 960 1045 suspensionem
982 960 1022 1025 ab
1045 959 1165 1045 officio,
1181 981 1264 1049 quae
1286 962 1347 1027 ha-

164 1077 239 1145 beri
262 1078 487 1166 potestatium
510 1080 712 1167 perfectum
735 1102 806 1149 moa
829 1081 1016 1167 culpabite5
1038 1084 1084 1151 ita
1106 1098 1150 1150 ex
1164 1105 1239 1170 cap.
1255 1087 1280 1151 t
1294 1086 1347 1153 De

165 1208 278 1292 repat.
302 1206 379 1271 ind
403 1208 538 1290 (111-14)
562 1207 701 1273 clericus
725 1208 929 1293 Religionem
951 1208 1127 1293 ingressus,
1144 1229 1204 1297 per
1225 1229 1347 1275 annum

164 1330 368 1417 probationis
392 1330 548 1397 beneficio
571 1350 636 1395 nou
659 1332 816 1417 privatur,
837 1330 894 1397 sed
918 1328 1059 1397 officium
1082 1353 1143 1418 per
1172 1334 1269 1399 alium
1293 1356 1347 1400 ex·

165 1454 253 1539 pleri
276 1452 415 1521 debebit.
439 1488 483 1502 -
507 1453 557 1521 Ob
580 1454 698 1520 delicta
728 1474 808 1520 vero
830 1457 884 1521 vel
911 1475 1045 1541 gravem
1075 1457 1220 1523 oriminis
1249 1460 1348 1545 suspi-

165 1584 297 1647 cionem
320 1582 501 1647 incurritur
522 1586 578 1647 aut
600 1580 790 1647 decernitur
813 1580 912 1647 offleii
935 1583 1075 1668 privatio
1097 1588 1154 1649 aut
1176 1583 1216 1647 ab
1240 1580 1348 1649 officio

167 1709 354 1795 suspensio,
378 1709 469 1773 iuxta
498 1710 547 1775 ius
577 1726 759 1775 commune:
783 1708 826 1774 31.
855 1708 1060 1790 Laurenium,
1083 1708 1214 1777 Forum
1237 1709 1346 1792 benef.

168 1834 209 1899 P.
235 1835 305 1907 111,
329 1854 362 1920 q.
385 1833 446 1899 161
467 1854 533 1919 seq.

261 1954 295 2040 4)
318 1975 379 2040 per
406 1952 669 2030 translationem
695 1954 736 2020 cf.
764 1956 813 2021 tit.
841 1956 892 2022 Dc
921 1956 1041 2021 euml.
1064 1954 1099 2019 X
1119 1953 1203 2040 (1-7),
1228 1960 1261 2021 et
1286 1976 1347 2042 per

168 2066 456 2165 permutationem
479 2078 521 2143 31.
546 2081 592 2144 tit.
614 2079 664 2146 De
686 2098 805 2145 ream
823 2084 977 2162 perimat.
1001 2078 1037 2143 X
1057 2079 1204 2161 (lli-19).

258 2206 293 2292 5)
318 2207 452 2271 Domum
467 2205 592 2270 Vicarii
607 2204 782 2276 Generalis,
792 2210 933 2289 potestas
956 2209 1063 2269 cessat
1085 2223 1149 2269 non
1165 2206 1268 2271 solum
1283 2226 1344 2292 per

167 2330 381 2399 remotionem
394 2334 449 2394 aut
464 2330 703 2415 suspensionem
719 2326 759 2392 ab
776 2326 893 2409 officio,
909 2327 966 2395 sed
980 2327 1127 2393 omnibus
1141 2329 1213 2393 aliis
1232 2329 1346 2406 modis,

169 2451 285 2537 quibus
309 2451 459 2537 Episcopi
481 2456 621 2537 potestas
643 2454 748 2516 cessat
770 2454 826 2516 aut
849 2450 1064 2536 suspenditur,
1082 2453 1189 2537 prouti
1204 2441 1270 2519 late
1290 2471 1347 2519 ex·

164 2577 291 2663 plicant
314 2581 593 2645 commentatores
615 2575 702 2641 iuris
724 2576 855 2643 Decret.
878 2576 916 2641 in
938 2577 984 2641 tit.
1001 2576 1053 2643 De
1070 2574 1183 2661 Officio
1206 2578 1344 2645 Viearii:

168 2699 211 2765 cf.
229 2699 436 2773 laurentum,
451 2698 582 2767 rorem
598 2696 703 2781 benefi
721 2698 771 2762 De
791 2698 934 2765 Vicartis
951 2698 1107 2783 Episcop.
1123 2718 1204 2783 app.
1218 2736 1261 2751 -
1278 2688 1348 2767 Pro

167 2828 281 2889 nostro
306 2823 449 2888 instituto
471 2819 610 2887 sufficiat
633 2822 775 2887 innuisse
791 2840 915 2894 causas,
931 2821 1045 2906 quibus
1060 2821 1216 2888 ordinarii
1232 2823 1347 2889 iudicis

165 2952 311 3031 potestas
335 2947 552 3033 extinguitur;
576 2946 661 3018 item,
686 2944 769 3029 quod
800 2946 841 3011 ad
871 2945 992 3011 iudices
1022 2944 1196 3031 delegatos,
1219 2951 1345 3013 tantum

166 3054 412 3135 enunciabimus
435 3068 555 3143 modos,
579 3068 692 3153 quibus
716 3070 831 3133 horum
854 3073 997 3153 potestas
1020 3073 1195 3137 evanescit.

258 3193 314 3259 97.
340 3192 458 3259 ludiois
480 3191 619 3278 delegati
642 3212 681 3278 po
683 3197 782 3258 testas
805 3198 926 3257 cessat:

261 3318 293 3401 1)
316 3339 376 3435 per
398 3323 536 3426 mortem
560 3318 707 3404 delegati,
731 3319 794 3383 nisi
817 3338 972 3405 expresse
988 3323 1116 3384 cautum
1140 3319 1237 3385 sitin
1261 3340 1346 3385 man·

75 3504 81 3517 ,
168 3442 254 3515 dato
280 3443 363 3528 quod
394 3444 521 3529 delegt
467 3445 552 3509 satio
582 3443 755 3507 transeat
748 3462 781 3507 m
804 3442 974 3516 haeredes
1006 3444 1058 3508 vel
1089 3445 1152 3508 nisi
1182 3429 1341 3530 delegatio
1392 3452 1396 3459 '

168 3584 236 3631 non
257 3585 418 3651 personae
440 3565 496 3631 sed
519 3562 625 3630 officio
649 3584 706 3631 sen
729 3564 875 3651 dignitati
905 3565 1129 3651 principaliter
1156 3566 1343 3632 cohaereat:

168 3690 211 3756 cl.
237 3708 313 3774 cap.
337 3688 379 3757 14
402 3690 453 3755 De
475 3690 531 3773 off.
553 3690 624 3755 iod.
652 3690 717 3756 det.
742 3690 777 3755 X
798 3689 843 3775 (1-
845 3690 912 3778 29).

258 3814 293 3901 2)
317 3819 547 3931 Qortem
559 3814 747 3899 delegantis,
768 3815 795 3880 si
818 3835 873 3881 res
894 3815 1001 3880 adhuc
1032 3818 1074 3883 sit
1102 3816 1248 3901 integra;
1272 3834 1343 3900 arg.

169 3958 245 4023 oop.
270 3936 322 4004 30
344 3938 394 4003 De
417 3939 472 4023 off.
496 3938 566 4004 iud.
583 3929 718 4026 detegs
706 3958 776 4004 tam
791 3940 844 4005 cit.
862 3939 977 4026 (1).-
937 3941 1062 4005 —Res
1076 3938 1194 4006 dicitur
1217 3940 1347 4069 integra

207 4268 212 4275 ·
257 4239 300 4310 (1)
319 4238 423 4293 Lucius
442 4238 478 4293 111
495 4239 525 4294 in
544 4240 589 4294 cit.
610 4258 669 4311 cap.
691 4241 723 4296 19
741 4242 790 4308 ait,
811 4242 867 4295 titis
887 4242 1110 4295 contestationem
1128 4225 1242 4312 requiri,
1255 4245 1286 4295 nt
1303 4256 1348 4295 roe

168 4332 289 4415 amplius
314 4344 427 4413 integra
451 4360 505 4398 non
524 4344 561 4398 sit
579 4360 612 4398 33
635 4344 757 4414 delegati
782 4344 937 4399 iurisdictio
961 4348 1156 4415 perpetuetur,·
1175 4349 1272 4398 contra
1292 4344 1346 4398 Ur*

168 4453 256 4507 banus
270 4450 354 4506 Ill-in
374 4452 422 4505 cit.
435 4468 493 4523 cap.
507 4452 550 4520 20,
569 4452 693 4508 decernit
706 4454 797 4507 sotum
810 4454 966 4509 citationem
984 4454 1120 4509 sufficere.
1133 4482 1169 4495 -
1182 4453 1346 4508 innumerae
