3350 5117
514 319 557 366 DE
581 321 720 368 IUDIGIIS
744 319 1008 370 accnasmsrtcts

507 605 529 685 ἓ
556 604 583 669 l.
610 603 658 668 De
676 605 1012 690 praescriptionibus.

453 759 503 800 Huc
517 757 609 803 referat.
624 761 668 803 Tit.
687 759 721 804 26.
736 763 766 804 X.
781 761 830 805 Lib.
846 762 878 816 11,
892 770 916 804 ct
931 763 956 804 13
970 763 992 804 in
1006 763 1027 816 6,
1043 762 1074 804 11.

176 983 393 1044 summarium.
414 1019 451 1032 -
471 991 531 1044 285.
560 993 699 1064 Usucapio
723 1011 771 1049 seu
798 996 979 1065 praescriptio
1003 965 1162 1048 introducta
1185 1000 1228 1048 est
1251 1012 1269 1048 a
1292 995 1353 1048 iure

269 1098 387 1165 positivo
412 1099 440 1152 in
465 1101 566 1154 bonnm
593 1103 741 1171 publicum.
769 1133 802 1146 -
828 1103 888 1157 286.
909 1103 1039 1159 Definitio
1058 1102 1292 1172 praescriptionis.
1316 1130 1353 1144 -

268 1205 329 1258 287.
350 1207 536 1280 praescriptio
555 1215 586 1266 ut
605 1230 684 1266 suum
707 1213 839 1282 producat
858 1213 986 1268 effectum
1006 1213 1131 1282 pluribus
1150 1213 1354 1266 conditionibus

254 1313 406 1368 'instructa
424 1333 484 1370 esse
503 1317 593 1372 debet.
614 1317 717 1372 Harum
737 1318 917 1373 adumbratur
937 1319 1016 1373 rati0.
1029 1319 1135 1371 -288
1149 1320 1355 1373 Enumerantur

269 1422 440 1478 conditiones
459 1425 668 1494 praescriptioni
687 1427 839 1496 appositae.
858 1455 894 1467 -
912 1427 973 1480 289.
994 1427 1134 1488 Quaenam
1153 1427 1191 1480 sit
1216 1443 1263 1481 res
1280 1437 1353 1496 apto.

270 1556 306 1568 -
325 1529 386 1582 290.
406 1530 504 1584 Altera
523 1531 646 1585 conditio
665 1537 708 1586 est
728 1535 798 1586 bana
815 1535 894 1602 fides.
913 1562 950 1575 -
968 1533 1031 1587 291.
1052 1533 1202 1593 Quaeritur
1220 1530 1356 1602 quomodo

272 1636 341 1688 boruz
353 1637 424 1705 fides
436 1637 558 1692 afficiens
571 1639 697 1692 intimam
708 1641 792 1694 animi
806 1642 1010 1710 persuasionem
1021 1640 1051 1693 in
1060 1640 1121 1692 foro
1133 1643 1249 1694 externo
1259 1639 1356 1706 probe·

273 1749 324 1796 tur.
339 1773 373 1785 —
387 1745 447 1799 292.
467 1747 615 1808 Quaeritur
628 1767 663 1802 an
682 1750 728 1820 qni
742 1750 895 1802 succedunt
908 1748 935 1802 in
949 1748 1121 1818 possessione
1134 1747 1184 1814 rei,
1196 1745 1301 1815 possint
1315 1746 1354 1798 uli

271 1857 308 1906 act
321 1855 520 1925 usucapionem
534 1858 605 1910 bona
619 1859 635 1910 s.
648 1857 764 1912 alterius
774 1858 925 1913 immediati
940 1858 1149 1928 posseseociqst
1158 1874 1194 1910 an
1204 1856 1285 1909 huius
1294 1857 1355 1908 mi.

273 1961 313 2014 eis
331 1968 438 2018 noceat
456 1963 655 2020 -293.r1aee
674 1964 845 2019 continuitas
864 1980 998 2033 personae
1017 1963 1151 2018 iuridieae
1170 1978 1225 2016 non
1238 1961 1357 2016 habetur

274 2066 301 2119 in
314 2070 518 2123 successoribus
536 2071 563 2124 in
579 2070 674 2125 eodem
688 2070 830 2124 beneficio.
851 2071 880 2124 ln
896 2069 1022 2138 collegiis
1040 2086 1106 2124 vero
1120 2067 1217 2123 eccles.
1230 2065 1358 2138 quamvis

273 2177 414 2226 mutentur
428 2189 560 2242 personae
580 2174 744 2244 singulares,
758 2174 877 2228 habetur
895 2191 1003 2242 semper
1016 2189 1071 2227 una
1090 2176 1119 2226 et
1132 2173 1227 2227 eadem
1241 2186 1358 2240 persona

274 2277 387 2331 moralis
409 2278 480 2348 apud
501 2297 584 2350 quam
603 2281 706 2334 residet
732 2282 756 2334 b.
780 2279 824 2334 vel
844 2297 879 2332 m.
904 2280 923 2333 f.
948 2308 980 2319 -
1003 2278 1063 2332 294.
1083 2277 1148 2331 Alia
1170 2276 1291 2330 conditio
1316 2279 1358 2328 est

274 2389 371 2441 titulus
384 2391 480 2444 iustus.
495 2418 528 2431 -
542 2389 602 2444 295.
618 2389 646 2442 ln
660 2390 807 2444 ordinariis
820 2387 1084 2458 praescriptionibus
1097 2387 1247 2457 requiritur
1259 2387 1358 2440 titulus

275 2480 423 2564 coloratus,
443 2513 493 2552 nec
512 2498 612 2552 sufficit
631 2501 771 2568 putativus
789 2498 834 2552 vel
852 2506 1058 2567 praesumptus.
1079 2525 1112 2537 -
1129 2495 1189 2547 296.
1210 2495 1359 2549 Praeterea

274 2601 425 2671 requiritur
444 2604 515 2656 iusta
531 2605 677 2672 possessio.
695 2630 732 2644 -
744 2602 805 2656 297.
825 2601 965 2662 Quomodo
985 2600 1121 2670 possessio
1142 2601 1360 2670 interrumpitur

274 2710 323 2758 eut
340 2708 529 2776 suspenditur.
549 2737 582 2749 —
602 2708 662 2761 298.
682 2703 823 2769 Quoinodo
843 2707 972 2762 differant
991 2708 1063 2760 inter
1083 2723 1112 2759 se
1137 2707 1304 2776 interruptio
1331 2710 1360 2759 el

276 2814 426 2882 stapcrtsio.
445 2841 483 2854 -
495 2813 554 2866 299.
574 2813 716 2874 Quomodo
734 2813 829 2868 eadem
851 2812 986 2881 possessio
1005 2813 1181 2866 continuatur
1200 2811 1228 2864 in
1245 2811 1360 2864 diversis

278 2920 478 2987 possessoribus
498 2921 531 2974 ab
544 2921 707 2990 beneficium
725 2921 899 2974 accessionis.
915 2947 949 2959 -
962 2918 1023 2972 300.
1043 2918 1159 2972 Demum
1178 2917 1314 2986 possessio
1326 2916 1360 2970 ad

277 3025 521 3094 praescriptionem
540 3026 623 3082 debet
648 3026 803 3080 continuari
820 3043 876 3096 per
898 3037 1005 3081 certum
1023 3036 1140 3095 tempus,
1159 3024 1231 3095 quod
1251 3025 1360 3094 lonpius

277 3130 426 3199 requiritur
446 3130 479 3183 ad
498 3148 543 3186 res
562 3131 718 3187 immobiles
737 3131 973 3201 praescribendae,
987 3131 1097 3186 brevius
1119 3129 1154 3183 ad
1173 3147 1217 3184 ree
1235 3128 1360 3182 mobiles.

277 3263 311 3276 -
330 3233 391 3288 301.
411 3235 530 3306 Tempus
549 3238 741 3308 longissimum
760 3237 795 3291 30
813 3242 863 3292 aut
881 3239 916 3291 40
934 3255 1068 3292 annorum
1088 3238 1232 3292 ordinario
1251 3235 1362 3305 supplet

276 3357 478 3412 quemcumque
496 3343 572 3396 tituli
591 3343 730 3399 deiectum
749 3349 778 3398 et
797 3348 906 3398 tantum
926 3344 1044 3415 requirit
1063 3344 1088 3397 b.
1106 3345 1125 3398 f.
1140 3373 1172 3384 -
1186 3343 1247 3396 302.
1267 3341 1306 3395 De
1319 3341 1361 3396 ei·

276 3452 375 3505 ficaoia
394 3454 620 3522 praescriptionis
639 3458 815 3509 centenariae
834 3452 879 3508 vel
898 3453 1118 3507 immemorialis.

276 3687 352 3752 285.
380 3688 502 3786 Natura
532 3707 590 3752 sua
613 3689 824 3773 praescriptio
860 3694 910 3753 est
932 3687 1043 3752 modus
1066 3687 1145 3750 iuris
1174 3682 1364 3767 acquirendi

190 3811 241 3887 vel
258 3813 495 3900 extinguendas
511 3812 712 3898 obligationis
735 3833 756 3876 a
778 3815 850 3878 iure
873 3814 1007 3897 positivo
1031 3809 1239 3892 introductus.
1253 3844 1296 3856 -
1313 3807 1364 3870 In-

190 3937 299 4001 stituta
322 3937 384 4002 fuit
406 3939 438 4001 in
462 3935 580 4002 bonum
603 3935 773 4022 publicum.
800 3973 841 3982 -
866 3957 884 3996 c
908 3935 1003 4001 Bono
1022 3933 1169 4016 publico,
1194 3931 1239 3995 ait
1255 3930 1362 4000 Gaius,

190 4064 356 4148 usucapio
378 4063 573 4131 introducta
603 4067 659 4137 est,
684 4081 727 4128 ne
750 4062 873 4128 scitica
896 4061 1130 4145 quanemclam
1155 4077 1275 4124 rerum
1304 4055 1365 4120 diu

190 4196 222 4254 et
242 4189 317 4272 fere
339 4209 474 4274 semper
488 4189 619 4257 incerta
634 4187 788 4256 dominia
812 4192 942 4271 ossent,·
965 4207 1008 4252 ex
1024 4187 1046 4251 t.
1065 4186 1094 4261 1,
1117 4187 1172 4269 ff,
1180 4184 1230 4250 De
1244 4201 1364 4265 usurp.

189 4325 222 4383 et
242 4337 384 4400 usucap.
408 4317 489 4382 Item
511 4320 638 4381 cautum
655 4314 716 4380 fuit
731 4314 793 4378 hae
809 4314 935 4378 ratione
959 4311 1096 4376 excitari
1112 4310 1258 4374 homines
1274 4308 1307 4370 in
1322 4306 1366 4370 vi-

190 4444 357 4528 gilantiam
381 4445 414 4506 et
436 4459 546 4505 curem
563 4441 765 4525 propriarum
783 4457 910 4512 rerum;
934 4457 1004 4521 argv
1028 4455 1102 4518 cap.
1119 4434 1152 4508 5,
1170 4432 1330 4519 Vipilanti
1347 4445 1364 4478 -·
