3350 5117
534 375 578 421 DE
607 342 745 423 wolone
777 374 1042 423 EGCLESIASTICIS
1199 420 1203 428 ,
1311 356 1380 423 565

192 524 241 569 ex
256 522 331 587 cap.
349 502 395 576 11,
410 503 432 585 ἓ
455 500 707 574 Verumtamen,
723 500 774 567 De
789 502 845 585 off.
862 500 932 566 iad.
951 500 1036 573 ord,
1053 501 1088 566 X
1102 497 1140 584 (i,
1158 500 1225 585 31),
1243 501 1307 566 hoc
1323 502 1376 567 vi-

192 627 293 693 detur
312 628 381 713 ipso
397 627 469 692 iure
491 626 647 711 applicari
663 645 720 690 seu
736 624 957 710 praeterlapso
974 644 1059 693 anno
1075 645 1095 690 a
1104 624 1218 709 primo
1234 624 1377 706 decreto,

193 753 260 817 iam
283 750 398 824 haberi
422 770 482 837 pro
505 752 653 836 incoepto
675 748 863 816 secandum
886 768 1017 821 aunum,
1042 747 1122 813 adeo
1146 753 1183 813 ut
1203 750 1272 833 ipso
1294 746 1379 835 legis

194 873 332 959 imperio
343 877 422 956 post
436 891 568 937 annam
583 889 685 936 aeria
700 869 868 955 efficiatur
875 888 1060 952 possessor.
1075 870 1195 936 Tamen
1212 871 1312 935 satius
1328 875 1378 935 est

191 994 239 1061 ad
261 995 408 1063 vitandas
432 993 636 1079 quaestiones
659 990 834 1057 secundum
866 990 1032 1057 decretum
1057 1012 1213 1078 expresse
1236 993 1378 1078 interpo-

195 1136 291 1193 nere3
307 1118 350 1182 ci.
368 1114 474 1197 aeia,
492 1115 524 1179 h.
541 1120 561 1179 t.
579 1135 611 1179 n.
637 1114 680 1179 19
703 1118 736 1178 et
752 1114 844 1179 Santi
861 1114 893 1177 o.
910 1119 932 1179 t.
946 1133 980 1179 n.
998 1112 1032 1181 3.
1054 1114 1149 1179 Ratio
1173 1111 1377 1181 differentiae

191 1242 281 1305 inter
304 1240 453 1307 actiones
467 1241 578 1305 rentes
601 1244 634 1303 et
647 1238 847 1321 personales
863 1243 911 1304 est
928 1242 1002 1322 quia
1017 1244 1110 1303 actor
1126 1240 1159 1303 in
1176 1240 1238 1304 illis
1254 1239 1377 1306 detinet

193 1368 296 1451 ipsam
313 1384 383 1429 rem
400 1365 585 1449 litigiosam,
598 1364 632 1426 in
645 1364 714 1428 istis
729 1383 799 1427 rem
814 1362 1071 1447 aequivalentem
1088 1384 1144 1428 seu
1159 1370 1375 1450 surrogatam.

285 1490 318 1575 4)
342 1490 484 1556 Tandem
509 1489 698 1553 advertatur
721 1486 859 1552 iudicem
874 1508 967 1573 posse
991 1508 1051 1573 pro
1075 1487 1223 1573 prudenti
1239 1488 1376 1554 arbitrio

192 1614 285 1680 illum
307 1616 482 1679 terminum
506 1615 582 1678 anni
607 1613 808 1698 restringere
832 1617 888 1679 aut
910 1614 1122 1698 protrahere;
1146 1612 1188 1678 cf.
1213 1613 1375 1695 Maschat,

192 1739 391 1806 ata&

284 1862 360 1929 573.
386 1861 552 1926 Hactenus
574 1862 608 1923 in
632 1858 806 1945 hypothesi
829 1860 928 1925 locuti
955 1880 1073 1933 snmus,
1099 1862 1191 1927 litent
1215 1866 1376 1928 contesta-

190 1993 266 2053 tam
287 2007 358 2054 non
379 1987 495 2069 faisse,
521 2004 605 2065 nam,
626 1985 683 2050 tite
706 1990 900 2059 contestata,
918 1992 1011 2051 actor
1034 1986 1212 2051 admittitur
1236 1984 1277 2049 ad
1296 2006 1376 2071 pro-

194 2113 339 2178 bationes
362 2109 562 2177 afferendas:
586 2110 685 2175 iudex
708 2112 838 2177 interim
862 2112 969 2176 omnia
993 2111 1184 2197 ponderabit
1202 2112 1242 2177 ab
1258 2119 1372 2177 actore

192 2237 360 2323 producta,
385 2243 418 2301 et
439 2256 486 2303 eoa
508 2235 616 2320 officio
648 2234 809 2320 supplebit
824 2237 871 2300 rei
888 2235 1107 2301 defensionem
1131 2236 1172 2302 ad
1194 2239 1368 2303 veritatem

190 2362 423 2448 detegendam3
448 2364 493 2427 ita
515 2368 552 2427 ut
575 2360 702 2443 quando
727 2380 825 2425 cansa
841 2360 956 2425 evadat
979 2359 1178 2427 sufficienter
1201 2364 1372 2444 instructa,

192 2488 411 2571 pronunciare
441 2484 550 2552 valeat
579 2486 772 2549 sententiam
799 2486 903 2550 actori
934 2486 988 2552 vel
1019 2507 1076 2551 reo
1100 2486 1323 2553 favorabilem.
1341 2488 1373 2553 Si

194 2630 274 2675 vero
297 2610 337 2675 ad
361 2611 553 2675 sententiam
577 2609 617 2675 ob
641 2610 802 2675 defectum
830 2608 1054 2694 probationum
1077 2612 1197 2676 actoris
1227 2610 1374 2677 deveniri

192 2756 259 2801 non
281 2732 390 2821 possit,
415 2735 623 2799 nihilominus
646 2736 721 2818 quia
744 2738 947 2800 contumacia
971 2755 1062 2800 reum
1087 2736 1165 2800 facit
1188 2737 1279 2820 quasi
1300 2754 1376 2801 con·

193 2860 315 2925 fessum
331 2862 471 2925 insnum
488 2859 649 2933 damnum,
674 2865 767 2924 actor
782 2862 891 2925 statim
907 2880 966 2946 per
985 2862 1173 2927 secandam
1189 2862 1374 2933 demetam

190 2984 339 3067 quamvis
366 3004 431 3048 non
462 2985 678 3067 praecesserit
698 2984 864 3067 primani,
886 2986 1024 3051 mittitur
1054 2985 1087 3049 in
1111 3004 1222 3051 veram
1246 3003 1375 3071 posses-

192 3111 317 3174 sionem
342 3109 389 3172 rei
413 3109 532 3194 petitae
555 3110 588 3173 in
612 3110 738 3176 actione
762 3110 871 3191 reati;
906 3111 954 3175 rei
979 3130 1059 3175 vero
1083 3109 1316 3193 aequivalentis
1339 3111 1373 3175 in

190 3233 320 3296 actione
332 3231 517 3314 personati,
532 3239 663 3328 servata
679 3233 847 3298 dumtaxat
862 3234 1058 3317 quaestione
1076 3233 1300 3316 proprietatis
1316 3233 1374 3298 ab·

191 3358 276 3422 senti
293 3360 326 3420 et
347 3357 529 3423 contumaci
552 3376 619 3430 reo,
634 3358 687 3441 qui
711 3358 894 3422 cautionem
918 3364 950 3424 et
973 3376 1142 3445 expensas,
1161 3360 1206 3424 uti
1222 3359 1373 3433 diximus,

192 3478 402 3561 praestiterit.
428 3478 476 3543 Cf.
501 3496 576 3561 cap.
601 3477 633 3551 4,
659 3479 709 3545 De
732 3497 770 3546 ea
794 3479 855 3563 qai
878 3480 1031 3553 mittitur,
1056 3481 1097 3545 X.

283 3603 358 3667 574.
384 3602 505 3667 Sinon
536 3608 685 3689 suppetat
714 3604 854 3669 medium
885 3604 1083 3670 ordinarium
1108 3606 1314 3671 immissionis
1340 3606 1374 3674 in
1443 3662 1458 3691 „

191 3728 277 3794 bona
298 3728 340 3793 ad
363 3728 578 3813 frangendam
594 3730 642 3794 rei
658 3730 905 3802 contumaciam,
919 3750 979 3795 nec
996 3730 1036 3794 lis
1055 3728 1181 3795 definiri
1198 3732 1307 3816 possit,
1324 3751 1374 3796 re

190 3855 389 3921 currendum
412 3856 452 3919 ad
476 3856 556 3921 alias
584 3875 714 3940 poenas,
738 3876 817 3940 quas
848 3857 1010 3922 innuimus
1032 3863 1168 3943 agentes
1194 3857 1234 3924 de
1257 3865 1372 3925 actore

189 3984 391 4053 contumace,
408 3984 440 4043 et
455 3978 658 4063 frequentius
673 3982 824 4045 usuvenit
838 3980 899 4045 has
922 3980 1120 4047 adhibendas
1144 4001 1214 4047 esse
1231 3982 1263 4046 in
1279 4001 1371 4049 reum

189 4123 287 4188 qnam
310 4106 343 4169 in
367 4109 521 4177 actorem,
539 4106 614 4188 quia
638 4107 671 4169 in
688 4105 773 4170 illius
789 4106 934 4172 absentia
955 4126 1049 4191 qnam
1065 4104 1194 4172 difficile
1214 4112 1263 4173 est
1278 4126 1373 4192 posse

190 4227 282 4293 litem
304 4247 448 4314 congrue
472 4226 608 4294 definiri.

281 4350 357 4417 575.
382 4351 527 4436 Denique
556 4352 627 4417 iure
658 4353 814 4418 canonico
845 4354 997 4420 statuitur
1020 4359 1135 4420 contra
1165 4360 1373 4421 contumaces

189 4470 260 4537 sive
283 4477 427 4539 actorem
450 4474 518 4538 sive
541 4465 643 4556 reum,
656 4476 741 4560 ipsos
764 4474 942 4543 ordinarie
964 4476 1131 4561 appellare
1153 4496 1219 4542 non
1242 4496 1373 4563 possea
