3350 5117
503 332 547 379 nn
570 331 710 380 sumens
734 332 1001 381 nccnnsmsmcis
1297 314 1342 379 63

250 456 303 522 35.
327 456 585 523 Arbitralorum
608 476 723 555 Quos
748 460 821 540 quie
845 458 975 522 omnino
998 457 1118 543 pendet
1139 459 1341 525 evoluntate

330 536 505 563 *ἢ

161 600 217 646 eos
239 583 481 653 assumentium,
498 587 530 647 et
553 581 693 647 alienum
718 586 767 646 est
789 600 810 645 a
833 601 1035 665 quacumque
1058 581 1164 664 forma
1187 581 1339 653 iudiciali,

161 706 288 805 etegit-ur
311 707 440 801 pippino
464 710 502 770 et
521 706 686 770 exclusive
703 725 745 769 ex
769 710 885 770 tenore
901 703 1053 769 mandati.
1071 703 1133 770 Sed
1149 704 1268 788 bonum
1276 725 1338 791 po·

158 836 261 938 tfflt-as
282 828 405 912 finitur,
428 850 515 945 pepe
535 810 647 929 iisdem
661 830 783 920 modis,
808 830 924 931 quibus
946 829 1063 897 arbitri
1086 850 1202 895 munus
1225 835 1339 905 cessat,

158 955 206 1019 uti
230 938 435 1021 recte'fiotat
458 924 598 1041 Pirbi'n‘g
621 955 651 1021 h.
678 962 699 1021 t.
723 976 757 1020 n.
782 955 841 1019 26.
868 955 1030 1039 Siquidem
1054 960 1266 1040 utrorumque
1282 976 1340 1041 po·

156 1084 260 1145 testas
283 1081 432 1146 innititur
455 1081 672 1153 conventioni,
698 1100 780 1164 quae
803 1078 916 1145 iisdem
944 1081 1015 1145 iere
1037 1080 1078 1146 de
1109 1081 1215 1145 causis
1238 1081 1340 1147 resol-

157 1206 259 1271 uitur.

250 1326 304 1391 36.
340 1325 427 1395 Modi
461 1322 615 1412 pacificae
651 1327 888 1411 compositionis
924 1330 1124 1411 quantopere
1155 1325 1340 1391 attendendi

156 1451 224 1514 sint
247 1456 283 1514 ut
305 1452 340 1514 in
367 1470 461 1515 usum
489 1448 681 1515 hodiernum
713 1448 924 1522 adducantur,
949 1468 1043 1513 nemo
1070 1469 1136 1514 non
1160 1449 1262 1515 videt:
1286 1449 1342 1513 ho-

159 1576 284 1641 diernis
309 1578 393 1641 enim
416 1576 614 1663 temporibus
637 1596 709 1641 eum
734 1575 841 1641 forum
873 1576 1137 1643 Ecclesiasticum
1168 1578 1277 1643 multis
1300 1577 1341 1644 de

156 1704 276 1778 causis,
302 1702 425 1769 iudiciis
456 1701 648 1768 exercendis
679 1702 753 1766 fere
783 1700 902 1785 ubique
929 1700 1130 1787 impediatur,
1160 1702 1341 1769 huiusmodi

158 1825 247 1890 modi
271 1846 338 1889 non
360 1826 533 1900 iudiciales,
558 1824 697 1891 ordinati
721 1823 761 1889 ad
785 1826 860 1892 lites
875 1826 938 1889 rite
962 1824 1207 1910 componendas,
1225 1826 1340 1891 Eccle-

162 1950 302 2015 siasticis
325 1948 533 2015 Praesulibus
556 1968 672 2033 magno
689 1950 761 2013 usui
784 1968 856 2014 esse
879 1954 1020 2033 possunt.
1039 1984 1057 1997 -
1075 1948 1291 2023 Quamobrem
1307 1951 1341 2015 in

159 2077 275 2143 iisdem
299 2076 496 2161 explicandis
519 2075 638 2141 diutius
661 2076 827 2141 immorari
852 2076 1044 2141 censuimus.

252 2200 316 2267 Sed
338 2201 436 2267 iudex
458 2200 549 2273 eccl,
575 2220 618 2266 ex
641 2201 712 2265 iure
736 2202 919 2280 constituto,
935 2206 1046 2286 partes
1069 2220 1188 2286 cogere
1204 2222 1268 2267 non
1284 2222 1340 2289 po·

159 2334 232 2401 test,
259 2332 293 2394 ut
316 2328 579 2414 compromissum
601 2328 724 2393 ineant.
752 2328 791 2391 In
815 2326 899 2410 quod
922 2327 1119 2413 propositum
1144 2332 1341 2394 revocentur

160 2471 244 2535 quae
259 2451 433 2524 docuimus,
450 2451 493 2516 cle
514 2448 808 2523 mansuetioribus,
822 2468 904 2536 pap.
922 2449 980 2514 42.
1001 2450 1080 2514 Nam
1104 2452 1154 2515 ius
1168 2452 1340 2535 positivum

162 2574 335 2641 nonnullos
349 2578 472 2639 tantum
489 2574 650 2659 expressit
665 2592 758 2638 casus
775 2575 808 2637 in
824 2572 938 2657 quibus
952 2573 1068 2638 arbitri
1084 2571 1223 2659 eligendi
1239 2580 1338 2649 esset;

161 2698 284 2782 hosque
308 2700 372 2763 iam
397 2698 637 2783 explicavimus.
