3350 5117
746 740 748 747 Ι
775 652 955 720 riruuus
979 654 1041 721 rx.

585 864 629 910 DE
653 866 792 915 PERJTIA
814 868 858 917 ET
884 868 1028 917 ACGESSU
1052 868 1226 916 tumetum.

603 987 653 1028 lluc
668 986 776 1031 reserant.
791 989 827 1031 ut.
845 988 870 1031 te
883 988 923 1033 lib.
939 990 971 1045 ll,
984 996 1009 1031 et
1025 988 1058 1043 15,
1073 989 1112 1032 lib.
1128 990 1169 1043 lv,
1184 990 1214 1031 x.

318 1157 533 1215 Summarlum.
551 1190 587 1203 -
605 1163 666 1217 492.
685 1164 845 1237 Aliquando
863 1167 1043 1238 requiruntur
1061 1172 1148 1223 testes
1165 1169 1260 1238 periti.
1273 1194 1311 1207 -
1327 1166 1388 1221 493.
1408 1167 1494 1220 Prae·

407 1274 485 1323 terea
504 1270 585 1325 index
612 1274 671 1341 ipse
695 1272 845 1343 aliquando
871 1292 930 1329 rem
954 1280 1162 1331 controversam
1187 1276 1244 1329 suis
1268 1274 1358 1330 oculis
1376 1274 1495 1343 inspicit,

406 1376 538 1432 adhibitis
556 1379 641 1433 etiam
660 1381 890 1435 attestationibus
909 1382 1034 1447 testium,
1046 1381 1091 1437 vel
1110 1382 1264 1452 peritorum
1278 1380 1410 1435 consilio:
1428 1385 1496 1434 tunc

407 1483 440 1535 tlt
457 1500 585 1537 accessus
602 1484 752 1539 iudicialis.

408 1682 483 1747 492.
508 1684 620 1749 Testes
643 1686 806 1771 deponunt
821 1685 861 1750 de
876 1686 953 1751 tacti
970 1688 1084 1752 notitia
1098 1687 1293 1753 immediate
1308 1704 1368 1770 per
1383 1705 1496 1749 sensus

319 1811 481 1891 percepta.
507 1806 563 1871 sed
593 1808 764 1892 aliquando
788 1809 828 1874 ad
859 1810 1028 1875 veritatem
1060 1809 1270 1897 detegendam
1302 1814 1431 1895 oportet
1453 1828 1497 1873 ex

319 1932 405 1996 facto
428 1932 573 1998 sensibus
598 1940 673 2000 noto
696 1934 737 1999 ad
760 1938 903 2021 ignotum
927 1934 1115 2021 procedere,
1139 1935 1179 2000 ad
1203 1936 1286 2020 quod
1310 1955 1377 2000 non
1399 1934 1496 1999 deve-

319 2060 406 2123 nitur
430 2060 491 2124 nisi
515 2080 573 2145 per
596 2060 769 2127 subsidium
793 2062 1056 2128 ratiocinationis.
1075 2062 1145 2127 Hac
1169 2063 1297 2127 ratione
1320 2061 1417 2127 iudex
1439 2060 1498 2125 de-

319 2188 408 2251 venit
430 2189 470 2252 ad
493 2189 684 2253 sententiam
707 2186 904 2252 definitivam
926 2190 1097 2274 arguendo
1120 2208 1164 2252 ex
1186 2188 1269 2254 uotis
1286 2192 1318 2252 et
1330 2185 1496 2270 probatis.

319 2347 361 2361 -
385 2313 619 2378 Verumtamen
643 2316 669 2377 si
695 2314 861 2379 rationalis
884 2315 1046 2396 inquisitio
1062 2314 1218 2378 innitatur
1242 2312 1411 2397 principiis
1433 2311 1498 2375 ali-

319 2438 408 2502 cuius
432 2438 587 2503 scientiae
610 2440 663 2503 vel
686 2438 776 2511 artis,
800 2442 879 2504 tune
907 2436 1077 2503 adhibendi
1108 2442 1185 2503 sunt
1205 2438 1352 2502 homines
1386 2437 1416 2501 in
1441 2434 1499 2499 illa

319 2560 452 2625 scientia
475 2562 529 2625 vel
551 2568 624 2627 arte
647 2563 752 2647 periti,
776 2583 834 2627 seu
858 2562 1034 2627 instituitur
1052 2560 1191 2644 perena.

408 2684 483 2749 493.
509 2686 553 2751 nt
576 2706 639 2749 non
662 2686 762 2751 semel
786 2685 881 2751 iudici
905 2707 969 2749 nnn
993 2684 1156 2752 sufficiunt
1182 2685 1343 2770 simplices
1368 2683 1408 2749 de
1432 2685 1499 2749 exi·

319 2810 436 2875 stentia
458 2810 592 2875 alicuius
615 2810 691 2876 tacti
708 2811 938 2882 attestationes,
952 2829 1057 2893 neque
1072 2810 1250 2894 peritorum
1265 2808 1442 2871 relationes
1458 2804 1499 2872 de

319 2932 461 2996 eiusdem
485 2929 689 3015 qualitatibus
711 2936 743 2995 et
767 2936 901 3005 natura;
932 2948 1028 3013 quum
1057 2947 1171 3015 nempe
1202 2930 1399 3012 quaestionis
1422 2926 1498 2992 deti-

319 3056 398 3120 nitio
421 3055 558 3140 pendeat
581 3074 601 3118 a
623 3054 785 3119 nonnullis
809 3060 842 3119 et
864 3056 964 3118 variis
979 3054 1055 3120 tacti
1072 3052 1282 3123 adminiculis,
1297 3071 1380 3135 quae
1396 3052 1499 3136 probe

319 3178 397 3267 disci
422 3198 484 3243 non
509 3184 641 3263 possunt
664 3198 683 3241 a
706 3176 811 3242 iudice
834 3178 896 3241 nisi
920 3178 987 3261 ipse
1011 3196 1081 3240 rem
1108 3176 1173 3241 suis
1204 3175 1306 3241 oculis
1332 3174 1441 3240 videat
1465 3181 1499 3241 et

320 3304 477 3387 exploret.
495 3304 575 3369 Nam
599 3304 739 3387 scriptae
763 3302 941 3367 relationes
956 3302 1083 3386 saepius
1097 3302 1314 3365 necessariam
1337 3320 1448 3365 rernm
1465 3306 1500 3366 et

318 3426 464 3491 locorum
487 3447 551 3493 non
575 3428 728 3511 ingerunt
749 3428 905 3493 notitiam.
926 3427 1017 3491 Tunc
1039 3445 1173 3490 necesse
1196 3431 1245 3489 est
1261 3430 1296 3489 ut
1310 3424 1409 3489 iudex
1428 3426 1499 3511 ipse

320 3572 389 3615 rein
410 3552 462 3615 vel
485 3551 589 3616 locum
614 3552 769 3635 inspiciat.
786 3588 832 3597 -
849 3552 914 3615 lste
930 3550 1041 3615 modus
1057 3571 1120 3634 quo
1137 3550 1236 3616 iudea
1252 3550 1311 3615 sibi
1328 3556 1500 3636 comparat

320 3680 384 3743 suis
408 3679 508 3743 oculis
531 3677 645 3743 obiecti
667 3678 734 3743 litis
757 3678 973 3744 necessariam
996 3678 1224 3762 cognitionem,
1242 3682 1292 3741 est
1317 3676 1414 3761 plane
1428 3696 1499 3763 spe-

319 3804 385 3868 cies
407 3802 614 3889 probationis
631 3806 746 3887 quippe
766 3802 935 3867 ordinatur
950 3801 990 3867 ad
1005 3802 1198 3867 sententiam
1213 3800 1398 3866 iudicialem
1423 3820 1500 3866 con-

318 3929 500 3993 troversiae
522 3925 728 4003 definitivam,
752 3933 785 3993 et
807 3927 964 4013 appellari
988 3927 1071 3991 solet
1091 3946 1244 3994 eceman
1267 3925 1451 3992 iudicialis.

408 4050 460 4113 Ex
487 4049 550 4113 hae
573 4049 709 4135 simplici
733 4050 960 4115 enuntiatione
984 4049 1151 4132 utriusque
1177 4047 1274 4112 medii
1297 4046 1500 4131 probationis

319 4178 407 4260 patet
430 4171 586 4257 quomodo
610 4192 726 4239 causae
748 4174 958 4240 instruendae
981 4171 1117 4239 mirifice
1140 4168 1329 4247 inserviant,
1355 4189 1500 4236 necnon

321 4316 456 4380 quanam
481 4316 522 4361 ex
545 4300 637 4381 parte
659 4298 746 4364 inter
768 4318 804 4363 se
827 4298 890 4363 hae
913 4299 1037 4383 species
1054 4297 1278 4383 probationum
1300 4294 1500 4360 conveniant

320 4425 376 4483 aut
387 4417 578 4505 discrepent.
596 4418 658 4487 Sed
674 4423 849 4506 praecipue
864 4420 1053 4486 advertatur
1068 4420 1149 4485 nihil
1164 4419 1292 4486 obstare
1308 4439 1372 4503 quo
1392 4418 1501 4485 minua
