3350 5117
333 287 377 351 94
462 368 465 377 ι
858 310 942 356 rias
966 312 988 357 1.

332 434 389 494 aut
411 428 484 515 lege
507 431 695 515 particulari
712 432 820 497 induci
838 437 951 517 potest,
970 439 1005 499 ut
1029 434 1200 501 Praelatus
1223 436 1310 500 solus
1324 454 1391 499 non
1407 436 1509 520 possit

331 574 432 640 agere
455 576 552 639 super
575 556 626 621 his
649 576 731 640 quae
755 558 919 642 pertinent
941 559 981 623 ad
1005 565 1199 625 conventum
1226 580 1283 625 scu
1313 560 1510 645 capitulum:

332 698 406 766 arp.
432 700 458 747 c.
484 700 510 746 o.
536 680 587 755 31,
605 682 655 747 De
678 684 768 747 elect.
792 684 827 747 X
847 682 928 771 (1-6)
953 690 984 749 et
1006 684 1058 765 31,
1076 685 1125 751 De
1147 685 1214 767 sor.
1232 688 1385 768 complet.
1403 685 1509 774 (ll-2).

333 804 396 871 Sed
419 805 493 889 quid
517 806 597 871 iuris
620 809 646 872 si
672 808 843 874 Praelatus
866 810 936 874 sine
959 830 1118 878 consensu
1145 812 1286 896 capituli,
1313 811 1364 875 vel
1389 813 1511 897 capitu-

330 932 397 995 lum
429 932 498 997 sine
532 952 690 997 consensu
726 933 870 997 Praelati
905 933 1024 1019 agant?
1057 935 1264 1020 Respondent
1294 937 1510 1002 communiter

332 1057 486 1122 Doctores
509 1058 618 1122 taliter
640 1062 714 1122 acta
737 1078 829 1141 posse
854 1063 926 1122 rata
945 1057 1058 1123 haberi
1082 1080 1102 1123 a
1125 1065 1286 1125 conventu
1302 1061 1355 1125 vel
1371 1081 1391 1125 a
1408 1062 1509 1126 Prae

299 1213 302 1219 ·
330 1178 396 1242 lato
420 1199 479 1263 per
501 1179 747 1263 subsequentem
772 1201 972 1255 consensum,
991 1183 1065 1266 quia
1079 1180 1208 1248 fictione
1229 1186 1308 1248 iuris
1332 1202 1511 1249 consensus

333 1305 564 1369 retrotrahitur
580 1314 615 1371 ut
629 1306 764 1390 perinde
779 1308 820 1371 sit
835 1326 874 1370 ac
889 1308 916 1370 si
932 1306 972 1371 ab
990 1308 1079 1374 initio
1095 1308 1208 1372 fuisset
1227 1308 1329 1373 datus.
1347 1308 1396 1374 (li.
1414 1308 1508 1374 Glos-

330 1448 408 1500 sam,
434 1430 467 1493 in
491 1449 565 1512 cap.
589 1430 734 1495 Edooeri
764 1450 798 1493 m.
832 1429 865 1503 7,
900 1430 933 1493 V.
957 1429 1116 1496 Debeoat.
1143 1431 1281 1516 Pirhing
1312 1432 1359 1498 tit.
1384 1432 1434 1498 De
1456 1432 1509 1497 iu·

330 1554 436 1629 dicits,
461 1574 494 1619 m.
519 1554 577 1619 38.
595 1554 886 1641 Schmalzgrueber
901 1558 934 1621 in
952 1556 997 1620 lit.
1021 1577 1055 1621 m.
1080 1556 1137 1621 42.
1164 1555 1375 1623 lteiffenstuel
1393 1560 1510 1625 eumd.

329 1679 377 1744 at.
402 1700 436 1745 m.
460 1678 580 1745 17961
604 1679 673 1746 olii.

419 1800 453 1887 3)
477 1804 609 1867 Domum
633 1804 803 1887 aliquando
827 1806 900 1870 iura
922 1810 955 1869 et
977 1804 1061 1869 bona
1088 1813 1220 1891 possunt
1243 1826 1314 1873 esse
1337 1808 1506 1875 exclusive

330 1930 509 1989 conventus
538 1926 606 1989 sive
637 1926 765 2011 collegii
798 1926 1065 1993 administrationi
1088 1928 1251 2015 attributa,
1272 1929 1358 1995 unde
1384 1930 1508 2015 absque

331 2048 484 2119 Praelati.
510 2068 572 2133 qua
594 2049 675 2122 talis,
700 2051 895 2131 interventu,
920 2054 953 2115 in
978 2052 1046 2118 istis
1076 2054 1214 2139 negotiis
1237 2054 1304 2139 agit
1327 2058 1360 2117 et
1383 2074 1508 2121 conve·

329 2172 417 2237 nitur
440 2176 668 2240 monasterium
693 2176 761 2240 sive
784 2176 973 2261 capitulum;
997 2179 1058 2241 nisi
1088 2182 1196 2243 tamen
1220 2185 1310 2245 notat
1335 2177 1506 2246 Reiffenst.

328 2295 350 2359 t.
375 2315 402 2360 c.
426 2316 459 2361 a.
484 2296 553 2376 181,
578 2316 683 2363 causa
704 2298 794 2381 foret
817 2300 932 2365 ardua
954 2300 1140 2386 mapaique
1162 2303 1378 2385 praeiudicii.
1405 2302 1508 2389 Siqui-

328 2420 400 2485 dem
425 2421 605 2493 Praelatus‚
623 2442 665 2487 ex
689 2444 746 2489 suo
770 2422 884 2497 officio,
901 2424 1080 2491 huiusmodi
1105 2428 1290 2492 discrimina
1306 2449 1510 2513 praecavere

327 2544 433 2611 debet.

418 2673 471 2738 70.
497 2672 547 2739 Ob
571 2673 766 2759 peculiarem
790 2695 870 2739 vero
893 2679 1042 2740 naturam
1074 2676 1273 2741 Sacrameuti
1297 2678 1508 2759 matrimonii,

327 2815 387 2879 pro
411 2794 554 2861 relativis
578 2798 693 2877 causis,
709 2797 882 2885 singularis
906 2802 1054 2863 constitui
1071 2798 1180 2864 debuit
1198 2800 1311 2886 regula
1328 2799 1368 2865 de
1385 2802 1433 2874 iis,
1450 2804 1508 2883 qui

328 2920 564 2983 matrimonium
597 2920 793 2986 celebratum
824 2927 880 2987 aut
903 2920 1132 2988 celebrandum
1162 2926 1405 3007 peractionem
1429 2923 1509 2988 iudi·

328 3042 443 3105 cialem
474 3044 664 3128 impugnare
695 3044 841 3115 valeant,
872 3051 968 3130 prout
1003 3046 1138 3111 edicitur
1168 3048 1201 3110 in
1232 3046 1278 3111 m.
1306 3048 1342 3111 X
1375 3045 1509 3132 (tv-18)

331 3186 349 3228 c
375 3166 439 3237 Qui
461 3168 717 3236 matrimonium
741 3190 904 3237 cammaro
923 3179 1067 3255 possum
1089 3178 1121 3238 et
1143 3177 1263 3238 contra
1285 3173 1372 3238 illud
1396 3173 1508 3258 lectifi-

327 3294 403 3360 ccri
427 3314 444 3357 a
455 3312 469 3377 ;
492 3295 567 3360 item
591 3297 624 3359 in
649 3296 755 3361 Consi.
781 3296 844 3362 Dei
866 3297 1085 3363 miseratione
1107 3303 1140 3361 et
1167 3299 1284 3381 passim
1308 3302 1341 3362 in
1356 3298 1428 3363 aliis
1453 3299 1509 3362 lu·

327 3416 557 3481 structioribus
572 3436 591 3480 a
608 3417 638 3483 S.
657 3418 739 3483 Sede
762 3418 844 3483 datis
860 3424 916 3483 aut
930 3418 1125 3503 approbatis,
1143 3418 1207 3483 alia
1227 3423 1386 3483 caventur
1401 3418 1508 3503 quoad

328 3537 435 3603 iudicii
451 3540 718 3605 introductionem
735 3543 769 3605 in
784 3542 875 3607 hisce
892 3543 996 3607 causis
1012 3561 1095 3626 quae
1118 3543 1226 3606 omnia
1239 3562 1297 3606 suo
1316 3543 1390 3607 loco
1405 3543 1509 3628 expli·

267 3698 270 3705 ·
327 3666 480 3732 cabimus.
497 3704 540 3717 -
557 3668 718 3733 Nonnulla
742 3669 836 3732 etiam
853 3669 1005 3753 specialia
1028 3669 1191 3733 servanda
1205 3676 1279 3735 sunt
1300 3670 1335 3733 in
1349 3690 1507 3754 processu

327 3792 559 3858 introducendo
582 3794 614 3857 in
631 3812 726 3858 causa
743 3794 894 3859 solemnis
910 3794 1119 3879 professionis
1135 3796 1306 3881 religiosae
1322 3796 1414 3860 circa
1430 3795 1501 3859 eius

327 3916 481 3989 valorem,
513 3918 603 3981 iuxta
637 3917 768 4003 regulas
798 3918 943 3992 traditas,
975 3920 1008 3983 in
1046 3919 1171 3985 Condit.
1202 3918 1296 3983 Trid.
1326 3916 1413 3985 Sese.
1439 3917 1505 3995 25,

326 4210 399 4264 dicio
408 4216 530 4280 possunt,
541 4229 595 4267 non
608 4229 687 4268 secus
700 4231 733 4268 ac
746 4213 870 4268 Praelali
883 4213 992 4285 quibus,
1003 4214 1128 4269 actiones
1140 4215 1285 4271 iudiciales
1298 4215 1372 4287 quod
1385 4219 1506 4286 spectat,

326 4317 557 4387 aequiparantur-3
584 4321 637 4374 nisi
665 4320 836 4375 contrarium
861 4325 973 4374 cautum
1003 4321 1048 4387 sit,
1068 4322 1096 4374 in
1124 4321 1233 4390 legibus
1255 4322 1436 4377 fundationis
1455 4304 1508 4376 ⁴ltu

325 4426 509 4481 communiter
528 4426 668 4493 Doctores,
688 4427 727 4482 uti
747 4428 847 4497 probat
869 4426 1116 4498 Schmalzgrueber
1135 4431 1174 4481 tit.
1195 4429 1236 4483 Dc
1255 4432 1313 4483 iud.
1332 4447 1360 4484 η.
1380 4430 1432 4483 40.
