3350 5117
305 365 373 431 250
831 382 916 430 rans
941 381 963 429 1.

304 503 417 569 saltem
439 503 627 588 probaverit
649 504 865 590 antiquiorem
888 524 959 569 esse
975 523 1065 570 suam
1080 503 1325 590 possessionem.
1343 501 1434 568 Unde
1458 503 1486 566 si

305 631 440 707 constet,
456 630 601 712 tempore
617 627 783 694 molestiae
798 632 832 695 et
846 632 943 693 antea
959 631 1131 713 utrumque
1155 625 1400 692 contendentem
1419 645 1487 709 pos

305 753 455 817 sessionis
478 757 569 818 actus
589 753 785 834 exercuisse,
803 752 830 817 is
854 752 1008 818 obtinebit
1031 753 1084 838 qui
1108 750 1223 840 probet
1245 770 1335 816 suam
1358 769 1486 836 posses-

305 877 428 942 sionem
451 897 522 942 esse
549 878 774 962 antiquiorem,
798 879 874 963 quia
897 879 986 964 viget
1009 876 1124 964 regula
1148 876 1249 947 «Qui
1273 875 1377 942 semel
1404 894 1486 958 pos·

304 1000 400 1073 sedit,
431 1000 533 1066 etiam
566 1000 665 1068 hodic
691 1001 870 1085 possidere
897 1001 1134 1084 praemonitus·
1157 1019 1188 1074 ›‚
1213 1018 1269 1065 seu
1293 997 1391 1063 alium
1415 1015 1487 1062 esse

305 1124 457 1188 iniustum
479 1142 708 1208 possessorem.

394 1243 680 1347 ontest
702 1253 738 1313 ut
753 1249 830 1314 hinc
847 1253 879 1313 et
895 1248 984 1314 illinc
1001 1267 1065 1313 non
1088 1245 1248 1312 habeatur
1262 1216 1487 1331 praevalentis

304 1369 547 1454 probationum3
571 1378 604 1436 et
626 1341 1007 1459 tun'c‘''15u.'sng'!gerunt,
1032 1378 1067 1438 ut
1089 1369 1274 1438 attendatur
1289 1370 1419 1454 quinam
1443 1388 1487 1432 ex

358 1445 545 1465 Μ

304 1496 501 1582 litigantibus
524 1501 621 1563 antea
644 1499 874 1582 provocaverit
896 1497 936 1562 ad
961 1497 1121 1572 iudicium.
1147 1502 1180 1562 et
1202 1503 1280 1563 tunc
1303 1515 1486 1583 provocans

303 1627 392 1687 tenet
415 1622 521 1688 locum
552 1622 686 1696 actoris,
710 1629 906 1710 provocatus
938 1644 995 1690 seu
1024 1627 1203 1690 conventus
1228 1624 1334 1690 locum
1357 1623 1430 1706 rei,·
1453 1629 1487 1689 et

305 1748 475 1813 invocatur
497 1748 611 1832 regula
634 1750 655 1814 l.
679 1749 700 1813 l.
725 1749 798 1813 lur.
823 1749 862 1812 in
885 1748 926 1814 6.-
953 1746 1075 1815 ‹Cum
1106 1753 1186 1814 sunt
1207 1747 1368 1832 partium
1392 1747 1483 1820 iura,

303 1893 362 1941 reo
384 1874 574 1958 favendum
596 1877 644 1940 est
662 1873 778 1957 potius
802 1892 909 1958 quam
925 1873 1035 1940 acrore·
1052 1895 1081 1938 a.
1107 1873 1154 1940 Os.
1173 1869 1394 1944 Reiffenstuel,
1414 1873 1445 1937 h.
1464 1878 1484 1938 t.

304 2018 338 2063 a.
362 1999 447 2064 225.

393 2123 528 2198 Quando
551 2143 631 2188 vero
655 2143 719 2189 non
743 2128 879 2196 constet,
905 2123 1033 2206 quinam
1057 2129 1154 2188 antea
1176 2121 1414 2207 provocaverit,
1431 2120 1485 2185 vel

303 2245 399 2311 nimis
422 2247 525 2310 insisti
549 2246 629 2312 nolit
645 2246 745 2332 rigori
762 2247 851 2316 iuris,
869 2251 947 2334 tunc
962 2244 1059 2310 iudex
1082 2244 1196 2334 reddet
1210 2243 1417 2310 interdictum
1435 2243 1486 2308 uti

299 2370 479 2452 possidetis
502 2371 550 2435 ita
569 2370 782 2454 possideatis,
806 2390 869 2454 quo
893 2371 1058 2456 litigantes
1078 2389 1146 2452 pro
1169 2369 1315 2436 indiviso
1340 2367 1485 2433 eamdem

303 2513 374 2558 rem
397 2493 562 2578 possidere
586 2500 831 2579 prosequantur.
852 2495 989 2578 inquam
1008 2515 1076 2578 pro
1100 2494 1256 2567 indiviso,
1273 2498 1384 2558 monet
1398 2493 1484 2558 enirn

306 2619 512 2682 Innocentius
532 2618 580 2682 111
606 2637 681 2700 cap.
700 2618 723 2682 9
745 2617 795 2684 De
814 2617 915 2701 prob.
933 2619 966 2683 X
988 2617 1044 2702 (ΙΙ.
1065 2618 1128 2689 19t:
1147 2636 1165 2680 s
1184 2618 1270 2684 Cum
1290 2616 1358 2682 duo
1382 2615 1484 2680 simul

304 2739 459 2806 eamdem
481 2759 557 2805 rem
578 2744 610 2806 et
632 2741 752 2806 eodem
773 2741 877 2808 modo
900 2740 939 2805 in
961 2740 1110 2807 solidum
1121 2741 1298 2825 possidere
1318 2759 1389 2807 non
1408 2759 1486 2822 pos-

303 2866 372 2932 sint
386 2887 416 2939 a,
429 2868 476 2931 nti
498 2867 562 2930 iam
579 2865 758 2932 docuerant
773 2867 995 2932 iurisconsulti
1012 2867 1147 2932 romani.
1165 2867 1230 2932 Pro
1255 2886 1292 2931 re
1316 2866 1483 2936 canonica,

304 2992 486 3077 exemplum
509 2990 605 3056 huius
628 2992 838 3077 possessionis
857 3010 926 3075 pro
955 2991 1098 3059 indiviso
1129 2991 1269 3056 habetur
1291 2991 1323 3056 in
1347 3007 1424 3071 cap.
1448 2987 1483 3070 3,

305 3115 354 3179 De
372 3114 470 3198 prob.
487 3115 523 3178 X
543 3111 598 3198 (II.
617 3115 681 3199 19).
707 3114 786 3179 Cum
807 3113 870 3180 duo
894 3114 1030 3200 parochi
1054 3115 1267 3182 communiter
1290 3112 1482 3178 viderentur

304 3237 468 3323 possidere
491 3243 613 3303 certam
637 3245 761 3323 partem
785 3239 943 3304 territorii
967 3238 1162 3323 parochialis
1185 3237 1322 3309 indivisi,
1348 3235 1379 3303 S.
1399 3236 1483 3300 Pon-

303 3363 386 3428 tifex
401 3363 540 3428 advertit
555 3365 607 3448 agi
623 3363 663 3428 de
678 3366 804 3429 actione
820 3359 931 3428 finium
948 3362 1183 3448 regundorum;
1201 3361 1336 3449 proinde
1351 3366 1476 3426 monet:

305 3502 383 3548 «....
401 3482 492 3548 Scire
516 3483 638 3550 debetis
660 3483 744 3568 quod
769 3480 921 3548 iudicium
945 3481 1057 3548 finium
1081 3482 1299 3569 regundorum
1330 3481 1396 3546 tale
1420 3483 1479 3550 est,

304 3611 339 3669 ut
361 3606 394 3669 in
417 3625 457 3670 ea
480 3617 616 3690 utraque
631 3627 771 3693 persona
786 3609 875 3673 vices
891 3607 1027 3673 duorum
1043 3606 1169 3682 habeat
1186 3609 1337 3676 videlicet
1359 3615 1479 3680 actoris

305 3733 339 3794 et
362 3731 409 3794 rei
428 3750 458 3793 ›.

394 3853 614 3919 Pronunciata
628 3856 788 3922 sententia
804 3856 837 3919 in
854 3858 1060 3942 possessorio,
1074 3859 1128 3942 qui
1144 3858 1245 3924 vincit
1261 3859 1294 3923 in
1309 3860 1373 3927 hac
1389 3880 1484 3946 quae

304 3978 417 4050 stione,
440 3999 500 4063 pro
523 4000 562 4044 ea
586 4001 622 4046 re
645 3979 697 4046 vel
720 3987 814 4066 parte
838 3985 887 4047 rei
911 4001 1004 4066 quam
1029 3983 1178 4068 possidet.
1204 3985 1230 4050 si
1254 3989 1365 4070 postea
1380 3988 1484 4052 intro·

304 4102 441 4166 ducatur
464 4103 615 4169 iudicium
632 4108 828 4189 petitorium,
846 4109 982 4172 sustinet
1005 4109 1053 4172 rei
1077 4113 1195 4193 partes,
1212 4108 1380 4176 admodum
1397 4111 1484 4176 favo-

304 4227 431 4300 nabiles,
445 4229 600 4311 siquidem
616 4249 681 4294 non
705 4231 772 4316 ipse
788 4230 884 4295 debet
900 4231 1039 4318 probare
1055 4231 1111 4296 sed
1131 4230 1213 4297 alius
1236 4232 1297 4298 sibi
1313 4232 1484 4302 vindicans

304 4353 542 4437 proprietatem.
576 4354 676 4426 Unde.
709 4357 741 4420 in
772 4356 890 4422 iudicio
922 4357 1080 4442 petitorio,
1114 4357 1240 4440 quando
1272 4364 1321 4424 est
1351 4357 1483 4426 dubium

304 4477 432 4559 quinam
456 4477 605 4563 possidet,
629 4481 847 4564 praemittitur
870 4481 1021 4548 iudicium
1044 4485 1288 4566 possessorium,
1305 4490 1341 4550 ut
1363 4489 1480 4572 pateat,
