3350 5117
543 362 586 407 na
611 362 749 409 runicus
773 362 1037 409 nocnnsrasmcrs
1310 344 1375 408 479

194 482 321 565 quando
341 480 468 565 referri
483 501 548 545 non
564 486 669 565 potest
685 454 727 560 ei,
739 482 792 563 qui
807 486 864 545 aut
880 480 959 545 lacti
974 482 1181 545 controversi
1196 500 1259 545 non
1277 480 1376 546 habet

195 607 350 677 notitiam,
376 610 432 669 aut
454 606 589 697 periurii
613 610 662 671 est
686 605 779 669 nimis
803 608 983 688 suspectus.

285 729 420 805 Quando
451 752 530 795 vero
563 734 778 797 iuramentum
806 730 991 813 referatur,
1016 732 1233 795 iuramentum
1257 729 1303 794 sic
1325 748 1376 795 re·

195 862 304 926 tatum
328 838 405 944 pars
429 860 543 924 iterum
567 858 702 941 referre
732 878 796 923 non
827 860 924 940 valet,
946 858 1002 923 sed
1032 863 1138 943 potest
1164 876 1325 923 recursare
1348 858 1374 921 si

178 964 313 1067 ‘probet
337 1004 465 1050 caumm
490 982 625 1068 repudii.

285 1108 329 1171 At
352 1108 385 1171 in
411 1106 526 1171 iudicio
557 1126 622 1170 non
654 1104 771 1171 sufficit
801 1109 940 1191 partium
972 1107 1154 1187 conventio,
1175 1105 1232 1170 sed
1261 1103 1375 1170 iudicis

194 1230 370 1296 auctoritas
386 1228 540 1293 decernet
564 1248 606 1293 an
629 1234 662 1294 et
683 1230 839 1313 quomodo
855 1230 946 1294 locus
961 1231 1002 1295 sit
1018 1230 1199 1294 iuramento
1215 1228 1375 1292 decisorio

195 1355 306 1421 delato
330 1360 386 1421 aut
408 1356 526 1420 relato.

199 1556 202 1562 ¹
286 1479 359 1544 459.
386 1480 428 1545 Et
452 1458 482 1543 in
507 1479 569 1545 hoc
592 1481 789 1566 propositum
813 1482 981 1563 quaeritur
1003 1500 1044 1544 an
1069 1480 1168 1545 iudex
1191 1482 1290 1564 possit
1312 1480 1375 1543 hoc

195 1602 375 1684 admittere,
393 1606 419 1669 si
439 1610 531 1670 actor
554 1611 610 1670 aut
632 1625 718 1686 reus,
743 1607 934 1690 respective,
959 1606 1038 1671 nihil
1063 1606 1193 1669 omnino
1216 1603 1375 1690 probave-

197 1726 271 1789 rint.
296 1726 465 1811 Disputant
496 1728 559 1791 DD.
578 1764 621 1777 -
649 1726 822 1791 Affirmant
853 1728 998 1791 nonnulli
1030 1728 1134 1792 innixi
1164 1727 1304 1791 maxime
1336 1744 1375 1789 eo

195 1850 354 1933 principio
380 1850 401 1913 t.
429 1848 486 1921 38.
510 1850 545 1933 ff.
570 1850 620 1915 De
650 1851 806 1916 iuretur:
828 1871 845 1913 ‹
870 1850 1076 1934 Manifestae
1100 1848 1321 1932 turpitudinis
1344 1854 1375 1913 et

195 1976 418 2059 confessionis
440 1983 488 2043 est
510 1978 600 2043 nolle
622 1998 686 2043 nec
707 1978 826 2043 iurare
841 1998 904 2043 nec
926 1977 1170 2043 iusiurandum
1192 1974 1370 2057 referre».

197 2102 261 2166 Alii
297 2108 418 2187 negant
453 2103 492 2168 ob
528 2108 673 2188 apertam
707 2102 795 2168 iuris
825 2102 1089 2185 dispositionem,
1114 2120 1189 2182 cap.
1213 2100 1271 2183 fin.
1296 2098 1328 2162 h.
1353 2103 1374 2162 t.

195 2226 219 2307 ἓ
242 2223 342 2295 Sanc,
367 2226 410 2289 X:
436 2244 454 2287 a
478 2224 569 2291 Saue
591 2227 621 2291 si
644 2232 740 2293 actor
762 2228 901 2294 omnino
921 2225 1181 2309 inprobatione
1205 2223 1374 2307 defecerit,

195 2368 275 2412 rens
303 2347 398 2413 debet
430 2348 505 2427 (elsi
534 2348 620 2413 nihil
647 2348 868 2432 praestiterit)
900 2349 1059 2415 obtinere.
1089 2346 1376 2429 Praesuruptiaue

196 2492 275 2538 aero
298 2472 444 2554 faciente
455 2492 522 2555 pro
543 2474 600 2540 iilo
618 2471 687 2557 (seu
703 2472 836 2558 actore),
853 2494 912 2540 reo
929 2473 1059 2556 deferri
1070 2479 1189 2555 potest,
1207 2472 1253 2537 ad
1269 2475 1374 2537 osten-

196 2596 346 2661 dendam
371 2598 442 2662 eius
464 2597 703 2665 innocentiam.
728 2596 1015 2663 iuramentum».
1041 2600 1165 2664 Verum
1194 2608 1227 2666 et
1256 2622 1320 2665 una
1344 2610 1376 2669 et

195 2720 300 2785 altera
325 2722 483 2786 sententia
499 2740 579 2812 vera
595 2724 651 2793 est,
670 2726 776 2784 tamen
793 2725 825 2785 in
842 2720 971 2787 diversa
986 2724 1132 2787 materia.
1148 2760 1193 2770 -
1210 2724 1373 2808 Siquidem

195 2843 227 2905 in
245 2845 380 2928 negotiis
396 2844 548 2910 ciuilibus
565 2846 661 2909 iudex
675 2843 847 2911 admittere
858 2852 963 2931 potest
979 2848 1196 2913 iuramentum
1212 2850 1276 2915 litis
1292 2851 1373 2916 deci-

196 2968 325 3039 soriam,
341 2970 485 3050 quamvis
502 2988 563 3033 nec
579 2974 671 3033 actor
684 2970 844 3033 actionem
860 2990 920 3033 nec
937 2990 1012 3035 reus
1029 2974 1251 3055 exceptionem
1267 2974 1374 3057 aliquo

195 3095 385 3175 argumento
410 3090 679 3175 comprobaverit.
705 3092 755 3156 Ita
778 3095 890 3157 statuit
913 3094 1010 3156 etiam
1033 3094 1085 3159 cit.
1103 3097 1213 3161 codem
1232 3098 1372 3182 Grepor.

196 3216 286 3279 iuxta
309 3216 437 3299 praxim
462 3216 523 3280 lori
549 3217 676 3298 eccles,
690 3216 872 3282 decernens
899 3224 960 3283 art.
986 3220 1066 3285 749:
1094 3240 1110 3282 a
1137 3222 1373 3287 loramentum

195 3335 399 3401 densorum
422 3356 491 3401 nou
510 3338 639 3419 poterit
658 3341 823 3422 recusari,
838 3342 995 3425 quamuis
1017 3344 1206 3409 nullimode
1225 3344 1375 3427 probata

194 3460 239 3525 sit
261 3460 347 3527 aetio
372 3467 432 3525 aut
455 3465 607 3547 receptio
639 3466 686 3531 ad
717 3486 822 3550 piram
842 3468 1062 3550 probandam
1094 3470 1224 3553 riclini
1251 3474 1322 3537 uuit
1342 3498 1372 3537 ».

197 3586 416 3653 iuramentum
449 3590 534 3653 enim
566 3591 772 3658 derisorium
803 3594 837 3657 in
865 3594 1012 3659 civilibus
1034 3595 1133 3661 habet
1158 3599 1223 3661 vim
1245 3604 1373 3664 transa-

196 3714 321 3779 cilonio.

289 3840 337 3903 Ea
361 3848 475 3905 contra
498 3842 531 3906 in
555 3842 791 3909 criminalibus
814 3865 879 3908 non
902 3845 1079 3913 admittitur
1095 3848 1274 3913 huiusmodi
1293 3851 1374 3913 iura-

195 3964 348 4040 mentum,
363 3962 423 4025 nisi
447 3962 508 4025 iem
533 3969 705 4049 suppetant
731 3966 857 4049 aliquae
889 3966 1093 4052 probationes
1116 3968 1156 4033 ab
1186 3976 1298 4034 actore
1321 3971 1374 4035 vel

195 4101 215 4144 a
239 4102 296 4147 reo
319 4084 453 4159 allatae;
478 4090 510 4151 et
540 4092 618 4151 tunc
650 4090 867 4156 iuramentum
891 4091 997 4156 editur
1020 4092 1061 4157 ad
1087 4094 1300 4179 supplendum
1323 4096 1374 4162 de

195 4207 314 4275 fectum
338 4210 573 4295 probationum,
588 4233 645 4277 seu
669 4212 705 4278 lit
726 4215 974 4297 suppletorium
981 4236 995 4300 ,·
1018 4217 1210 4301 quodmodo
1234 4222 1374 4306 explice-

195 4329 307 4396 bimus.
341 4332 483 4419 Simplex
513 4337 599 4399 enim
630 4338 845 4401 iuramentum
869 4338 1084 4413 decisoriam,
1114 4342 1178 4405 vim
1206 4344 1374 4408 continens

196 4455 444 4533 transactionis,
469 4458 502 4521 in
526 4459 760 4527 criminalibus
784 4480 849 4525 non
872 4461 1059 4529 admittitur.
