3350 5117
342 304 403 371 108
875 317 959 365 rans
983 317 1006 363 1.

428 445 519 513 Unde
553 466 596 511 ex
628 446 698 510 iure
729 463 800 509 can.
832 463 898 508 non
928 444 1080 509 statuitur
1107 440 1288 506 absolutum
1318 436 1514 524 principium

337 570 610 635 inamovibilitatis
633 569 783 648 iudicum,
800 566 884 651 quod
906 566 1080 651 praecipue
1103 563 1189 629 fallit
1210 563 1245 626 in
1260 561 1334 627 Vic.
1351 556 1517 625 Generali.
1623 634 1627 639 .

337 692 423 769 Quot
448 714 528 759 rere
556 693 641 759 bona
667 693 839 759 demanant
862 697 1002 776 quotque
1029 691 1156 775 potiora
1181 686 1393 753 evitatasint
1419 684 1516 765 mala,

336 834 378 880 ox
402 815 582 881 huiusmodi
606 816 832 880 constitutione
856 813 982 879 Vicarii
1003 814 1095 886 Gen„
1112 809 1296 877 docebimus
1319 810 1453 893 agentes
1476 804 1518 871 de

336 939 441 1005 Curiis
472 940 686 1004 Dioecesanis.
710 974 756 986 —
783 938 944 1013 Quocirca
973 938 1024 1003 ius
1055 954 1126 1001 can.
1157 934 1295 999 mediam
1317 933 1389 996 iniit
1410 932 1515 1006 viam;

334 1067 473 1153 indeque
496 1069 576 1133 iuris
604 1088 674 1133 can.
699 1067 858 1153 perfectio
888 1068 1011 1140 elucet,
1037 1070 1084 1131 tot
1114 1063 1153 1129 ab
1185 1064 1262 1129 hinc
1291 1062 1429 1127 saeculis
1452 1061 1517 1125 iam

333 1194 490 1265 assecuti,
515 1212 574 1278 pro
605 1212 664 1257 sua
692 1190 817 1261 indole.
843 1195 921 1274 quot
940 1194 1032 1257 tanto
1055 1187 1185 1254 laudum
1215 1188 1351 1272 strepitu
1381 1190 1414 1249 et
1444 1188 1517 1270 post

334 1336 445 1381 rerum
469 1317 669 1402 publicarum
694 1318 890 1396 eversiones,
907 1315 1071 1380 civiliores
1090 1315 1198 1400 populi
1221 1314 1255 1377 in
1278 1312 1426 1397 politicas
1441 1329 1517 1374 con·

333 1441 513 1505 stitutiones
537 1438 694 1504 hodierno
717 1446 863 1523 ternpore
888 1436 1086 1502 induxerunt
1109 1434 1165 1520 (lt.

405 1668 428 1749 ἓ
451 1667 482 1733 2.
506 1667 557 1733 De
578 1667 711 1733 ratione
734 1686 804 1751 qua
826 1666 934 1731 iudom
956 1663 1097 1730 dubium
1120 1664 1175 1730 ius
1197 1664 1444 1746 interpretatur

560 1799 593 1859 et
612 1792 696 1876 facti
719 1792 928 1860 conuenerat
949 1791 1105 1858 notitiam
1130 1789 1283 1857 desumit.

333 1983 550 2041 summarium.
568 2015 605 2028 —
622 1985 667 2039 85.
686 1984 827 2047 Quomodo
854 2003 871 2038 a
895 1984 986 2039 iudice
1010 1982 1175 2038 resolvenda
1198 1982 1255 2035 sint
1275 1982 1361 2035 drrbtc
1378 1980 1458 2033 iuris.
1476 2006 1514 2019 -

420 2093 463 2147 86.
483 2094 600 2149 Praetor
620 2094 756 2163 principia
773 2096 898 2163 reflexa,
918 2094 965 2148 vis
982 2094 1091 2148 directa
1115 2093 1150 2145 ad
1174 2092 1341 2146 solutionem
1366 2088 1442 2143 dubii
1467 2091 1513 2143 est

420 2196 447 2250 S.
462 2198 605 2251 Pontificis
625 2198 796 2253 consultatio.
812 2226 845 2239 -
858 2198 901 2251 87.
915 2171 1057 2259 Quomodo
1076 2196 1232 2251 resolvatur
1249 2199 1365 2251 dubium
1382 2202 1461 2269 facti.
1475 2226 1512 2240 —

419 2305 463 2359 88.
477 2305 560 2358 ludex
579 2304 702 2360 iudicare
721 2306 803 2361 debet
825 2323 862 2360 er
879 2308 947 2359 actis
966 2316 993 2361 ct
1006 2306 1142 2377 probatis,
1156 2304 1316 2373 posthabita
1328 2306 1395 2359 lacti
1407 2306 1514 2361 notitia

420 2408 531 2465 aliunde
550 2408 655 2465 habita.
674 2439 708 2451 —
727 2410 770 2465 89.
790 2410 851 2465 Etsi
870 2411 969 2476 iudex,
988 2426 1023 2467 ox
1047 2410 1138 2465 officio
1160 2427 1219 2477 suo,
1238 2410 1388 2482 aliquando
1411 2428 1512 2467 curare

419 2518 502 2573 debet
520 2521 552 2571 ut
571 2518 749 2587 probationes
768 2518 929 2583 afferentur,
945 2522 1039 2573 tamen
1057 2534 1165 2588 semper
1184 2518 1307 2572 iudicare
1326 2518 1411 2573 habet
1428 2520 1511 2573 iuxta

418 2634 481 2679 acta
500 2634 525 2679 et
540 2626 659 2695 probata
678 2624 706 2677 in
725 2623 835 2677 indicio.
849 2652 884 2665 -
896 2623 940 2677 90.
956 2622 1039 2678 ludos
1055 2622 1169 2691 exigere
1186 2628 1314 2693 potesta
1332 2624 1459 2692 partibus
1476 2632 1512 2681 ut

417 2728 517 2783 molius
535 2729 679 2783 declarent
697 2739 759 2783 octa
779 2740 804 2784 et
819 2732 947 2800 probata.

419 2926 471 2990 85.
496 2924 559 2991 Sed
583 2925 657 3009 quid
682 2926 761 2991 iuris
784 2926 888 3009 quoad
912 2925 1025 2991 iudicis
1048 2923 1190 2991 officium
1216 2926 1271 2992 ius
1297 2926 1509 3010 applicandi,

327 3050 354 3113 si
378 3049 427 3113 ius
450 3049 552 3133 ipsum
576 3050 617 3114 sit
639 3048 788 3115 dubium?
813 3050 892 3115 Cum
916 3050 1028 3134 primis
1058 3048 1154 3114 debet
1183 3048 1334 3135 distingui
1365 3050 1510 3116 dubium

327 3174 456 3239 torisa
479 3174 580 3241 dubio
603 3174 698 3258 facti.
724 3176 761 3239 ln
793 3174 896 3241 dubio
926 3175 1014 3240 iuris
1043 3174 1141 3239 iudex
1171 3173 1287 3239 haeret
1316 3194 1435 3262 anceps
1466 3195 1510 3239 an

325 3295 419 3379 sacto
442 3301 551 3361 certus
575 3297 658 3383 lepis
681 3298 837 3363 articulus
861 3296 1122 3383 correspondeat.
1149 3299 1186 3362 ln
1214 3298 1315 3365 dubio
1342 3298 1427 3381 facti
1453 3298 1510 3364 du·

326 3421 406 3487 bitat
424 3423 522 3488 iudex
538 3444 581 3487 an
597 3424 717 3488 factum
734 3429 980 3489 controversum
996 3421 1197 3490 sufficienter
1211 3424 1379 3510 probatum
1396 3427 1446 3492 sit.
1464 3462 1510 3476 —

327 3548 432 3613 Antea
448 3548 607 3635 agendum
623 3549 663 3614 de
679 3549 780 3616 dubio
798 3550 894 3615 iuris,
909 3550 1060 3624 Quaestio
1075 3548 1213 3616 difficilis
1230 3556 1287 3623 est,
1306 3550 1379 3634 quia
1393 3548 1507 3615 iisdem

326 3671 396 3736 lere
421 3672 605 3758 implicatur
628 3670 870 3739 difficultatibus
886 3678 920 3739 et
933 3673 1071 3737 diversis
1091 3672 1264 3739 Doctorum
1287 3672 1423 3757 placitis.
1441 3675 1511 3757 qui·

325 3794 384 3861 bus
413 3801 481 3862 tota
512 3800 666 3863 miscetur
697 3797 861 3881 inquisitio
892 3796 931 3861 de
963 3796 1161 3881 systhemate
1188 3795 1424 3879 probabilismi
1451 3798 1505 3862 vel

324 3920 506 3987 tutiortsmi
536 3922 618 4006 apud
650 3924 841 3988 moralistas.
868 3923 1011 3988 Proinde
1034 3923 1276 3988 enunciabirnus
1307 3922 1390 4008 quod
1412 3922 1507 3991 nobis

325 4045 426 4131 magis
450 4049 574 4111 certum
599 4050 631 4111 et
655 4044 781 4113 firmum
806 4048 944 4115 videtur.

411 4320 450 4392 (1)
470 4321 509 4375 Do
530 4322 763 4378 inamovibilitate
777 4324 899 4379 indicum
918 4326 948 4379 in
961 4324 1101 4382 hodiernis
1121 4326 1242 4396 politicis
1256 4328 1507 4383 constitutionibus

325 4429 383 4484 late
402 4429 511 4485 disserit
530 4430 677 4485 Mattirolo
697 4450 739 4502 op.
760 4434 803 4486 cit.
824 4434 893 4487 Noz.
909 4436 1025 4505 pretim.
1051 4436 1103 4488 Tit.
1123 4434 1141 4487 Ι
1147 4436 1170 4486 V
1185 4453 1245 4505 cup.
1265 4436 1294 4487 3.
