3350 5117
529 318 572 365 ns
596 286 735 364 1on1c1'1s
758 318 1023 369 nccnnsrasrrcis
1191 333 1193 340 >
1301 304 1368 372 523

193 446 324 531 fiscum,
348 460 452 525 neque
483 442 580 507 alium
609 442 782 527 quemlibet
811 464 854 508 ex
878 446 943 510 suis
968 445 1243 512 subnotationibus
1269 447 1368 515 debiti

195 567 419 653 probationem
441 564 599 653 praebere
622 588 715 653 posse
739 573 909 653 oportet».
934 568 1022 635 Idem
1039 570 1205 637 dicendum
1223 572 1263 637 de
1277 572 1369 638 libris
1457 573 1460 582 '

132 778 138 796 ι
196 692 379 759 reddituum
403 700 435 759 et
462 708 597 759 onerum
627 694 823 773 monasterii,
848 696 1018 779 paroeciae
1041 703 1074 761 et
1096 697 1226 781 piorum'
1245 698 1369 764 institu-

193 828 315 897 torum;
339 814 381 884 ct.
407 839 435 885 c.
459 838 486 883 c.
510 816 546 893 2,
569 816 620 888 14,
638 816 687 882 De
709 818 767 903 fid.
784 816 876 901 iast.;
899 822 931 885 et
956 818 989 883 in
1012 819 1072 885 has
1095 821 1298 903 quaestiones
1312 823 1371 887 uti-

193 946 270 1013 liter
294 944 473 1009 consulitur
496 944 543 1008 De
567 944 664 1023 Luca,
689 942 739 1007 De
761 944 833 1009 iud.
858 943 895 1009 ia
917 943 1006 1010 Dirc.
1029 945 1090 1026 28,
1112 946 1172 1019 29,
1190 953 1223 1012 et
1245 951 1370 1033 praeci·

198 1088 261 1153 pue
285 1066 348 1147 30,
372 1068 405 1131 in
429 1086 491 1150 quo
515 1066 582 1151 agit
604 1065 655 1131 De
673 1064 933 1149 probationibus
951 1087 1018 1152 per
1049 1069 1161 1145 libros,
1193 1057 1246 1135 ubi
1277 1072 1373 1157 plura

199 1195 328 1259 disserit
351 1193 520 1259 admodum
545 1192 750 1259 accommoda
773 1194 868 1279 praxi
891 1193 1012 1259 forensi
1041 1200 1072 1258 et
1095 1195 1201 1259 aliena
1227 1216 1246 1260 a
1270 1202 1372 1262 mate·

197 1318 331 1383 rialibus
355 1317 476 1403 regulis
499 1318 781 1403 pragmaticorum.

183 1454 186 1458 '
286 1442 363 1510 517.
389 1442 501 1517 Quoad
524 1448 648 1527 tempus
672 1441 870 1526 producendi
894 1444 1107 1509 instromenta
1130 1450 1163 1509 et
1185 1443 1289 1527 quoad
1312 1464 1372 1508 no·

202 1590 326 1636 merum
359 1568 604 1654 productionem
629 1536 686 1633 uos
708 1568 883 1634 referimus
912 1567 950 1634 ad
975 1571 1179 1653 generaliora
1206 1572 1373 1657 principia,

203 1714 319 1779 nempe
331 1695 545 1760 instrumenta
561 1692 693 1779 produci
709 1692 828 1759 debere
845 1693 981 1760 durante
994 1696 1212 1763 instructionis
1227 1698 1373 1783 periodo;

203 1822 252 1883 tot
273 1836 353 1882 vero
376 1816 510 1903 produci
530 1817 821 1890 instrumenta-vel
839 1817 934 1881 etiam
951 1818 1032 1883 idem
1056 1820 1303 1888 instrumentum
1326 1841 1376 1886 re·

202 1944 337 2029 produci
363 1962 455 2029 posse
479 1942 653 2008 secundum
678 1944 947 2028 opportunitatem
971 1947 1201 2027 instructionis,
1225 1952 1258 2012 et
1280 1954 1376 2033 prout

204 2070 304 2137 iudex
316 2069 460 2135 censebit
475 2068 649 2155 expediens
665 2068 850 2144 admittere;
867 2090 909 2133 ex
925 2090 952 2136 c.
969 2091 995 2136 c.
1011 2071 1047 2144 5,
1065 2071 1096 2145 9,
1114 2072 1163 2139 De
1178 2072 1234 2157 fid.
1251 2073 1327 2139 inst.
1344 2074 1379 2138 X

201 2198 234 2257 et
257 2192 289 2267 7,
314 2190 365 2257 Dc
384 2190 499 2274 pririt.
523 2191 560 2254 ia
583 2189 607 2253 6
630 2187 684 2274 (V,
713 2188 756 2267 ft.

291 2314 425 2379 518.1n
449 2313 512 2377 hoc
536 2312 733 2397 propositum
751 2311 933 2396 inquiritur,
948 2331 990 2377 an
1011 2318 1102 2377 actor
1126 2315 1223 2397 possit
1243 2316 1377 2400 exigere

201 2456 221 2501 a
239 2456 295 2501 reo
311 2438 524 2501 instrumenta
540 2453 622 2519 quae
636 2432 774 2518 probant
791 2434 875 2498 illius
890 2434 1108 2500 intentionem.
1123 2472 1166 2485 -
1182 2437 1377 2503 attendatur
1406 2520 1410 2528 1

205 2581 265 2626 nos
288 2561 374 2644 loqui
399 2560 438 2624 de
469 2564 579 2623 actore
603 2560 754 2643 exigente
778 2578 798 2621 a
820 2578 878 2623 reo
903 2559 1133 2634 instromenta;
1157 2581 1229 2624 nam
1255 2562 1376 2627 nullum

204 2686 332 2753 dubium
357 2692 406 2751 est
428 2692 570 2751 actorem
594 2684 714 2750 debere
737 2688 974 2751 communicare
998 2707 1056 2751 reo
1078 2689 1291 2756 instrumenta
1313 2692 1378 2773 qui-

208 2812 267 2905 bus
291 2812 403 2879 fundat
426 2833 515 2879 suam
540 2814 759 2892 intentionem,
777 2818 812 2877 ut
843 2833 917 2877 reus
940 2834 975 2877 se
998 2812 1173 2878 defendere
1196 2816 1312 2900 possit;
1336 2835 1379 2881 ex

207 2958 282 3021 cap.
307 2938 341 3019 5,
358 2937 408 3003 De
422 2936 479 3021 fid.
496 2937 571 3001 inst.
589 2936 629 3000 X.
648 2936 735 3001 Hinc
758 2934 884 3019 quando
900 2956 974 3000 reus
994 2936 1183 3020 excipiendo
1206 2934 1262 3001 fiat
1277 2944 1379 3013 actor,

204 3070 237 3130 et
260 3065 473 3129 instrumenta
490 3060 644 3146 proferat,
662 3062 743 3125 hacc
762 3063 1001 3125 communicare
1024 3060 1119 3126 debet
1137 3062 1324 3127 adversario
1339 3063 1380 3129 ad

204 3190 382 3275 legitimum
406 3190 454 3253 ius
478 3162 682 3252 defensionis.
698 3222 743 3234 -
767 3186 829 3252 Sed
853 3192 955 3269 caput
978 3186 1115 3253 atatam
1140 3194 1248 3252 monet
1271 3193 1381 3273 partes

211 3314 336 3400 quando
354 3313 411 3379 sibi
436 3314 673 3377 communicant
695 3312 909 3375 instrumenta
931 3331 995 3375 non
1015 3313 1121 3375 teneri
1143 3311 1184 3375 ad
1207 3315 1381 3378 communi·

209 3439 344 3505 caudam
361 3439 422 3502 nisi
437 3436 628 3522 particulam
645 3454 681 3501 se
696 3436 893 3500 referentem
905 3434 945 3499 ad
958 3434 1116 3499 obiectum
1129 3438 1380 3502 controversiae.

209 3562 258 3625 Eo
274 3581 368 3626 sensu
385 3562 457 3625 iure
481 3581 613 3625 romano
629 3526 768 3625 babetur
784 3560 895 3625 titulus
913 3581 932 3621 ‹
947 3559 997 3625 De
1012 3560 1142 3625 edendo
1158 3583 1175 3621 o
1196 3563 1229 3624 in
1245 3562 1382 3646 Digestis

208 3692 241 3751 et
258 3686 374 3751 Codice
398 3686 456 3750 sub
479 3683 712 3770 significatione
727 3684 983 3770 imperativa,.ob
1000 3684 1238 3749 fundamentale
1261 3686 1382 3769 princi-

213 3812 310 3896 pium,
335 3809 417 3894 quod
446 3816 554 3895 partes
578 3812 783 3896 proferentes
813 3812 881 3875 sive
905 3812 1046 3875 rationes
1076 3814 1144 3875 sive
1170 3811 1384 3876 instrumenta

212 3936 282 4001 sive
305 3935 525 4034 quodcumque
548 3956 650 4022 genus
672 3935 906 4021 probationum,
924 3935 1041 4001 debent
1062 3935 1120 4000 sibi
1144 3938 1283 4001 invicem
1301 3937 1384 4001 haec

210 4060 459 4141 communicare,
484 4066 519 4125 ut
542 4062 582 4125 sit
599 4060 694 4125 alteri
717 4059 854 4125 facultas
878 4060 933 4123 illa
957 4059 1170 4145 impugnandi.

299 4180 440 4247 Proinde
464 4184 606 4266 quaestio
631 4187 739 4247 nostra
765 4190 822 4257 est,
847 4202 888 4247 an
912 4189 1004 4249 actor
1027 4185 1126 4269 possit
1152 4203 1270 4268 cogere
1293 4204 1384 4249 reum

214 4306 254 4371 ad
267 4303 425 4371 edendum
440 4306 687 4371 instrumentum
703 4306 743 4373 ab
760 4307 827 4392 ipso
845 4326 902 4370 reo
917 4325 982 4369 non
1002 4306 1194 4378 invocatum,
1211 4304 1267 4370 sed
1283 4306 1386 4371 actori

210 4434 426 4517 opportunum
450 4431 489 4496 ad
513 4430 711 4515 probandam
727 4451 815 4496 suam
840 4433 1010 4495 actionem.
1028 4429 1113 4494 Huic
1136 4430 1312 4513 quaestioni
1327 4448 1386 4493 ne-
