3350 5117
495 336 541 382 DE
564 333 704 382 lonicus
732 332 998 381 nocuusms'rlcls
1045 402 1049 410 1
1267 314 1332 378 489

152 460 221 528 627
256 461 313 548 (l).
352 459 611 543 Consequentiae
648 458 840 523 intentionis
878 459 957 522 iuris
995 454 1154 522 iudicialis
1187 455 1334 520 canonici

152 593 230 653 sunt
242 608 250 653 :

246 694 276 780 l)
302 692 439 759 iudicem
462 691 606 758 absolute
628 711 694 758 non
718 690 837 757 debere
862 689 1036 756 excludere
1052 690 1112 754 nisi
1137 691 1211 754 iure
1233 695 1335 754 aulu-

150 819 222 884 reli
243 817 412 890 inhabiles,
438 819 484 882 uti
508 817 659 897 inientes,
677 815 833 891 furiosos;
859 815 911 880 vel
935 814 1067 882 notorie
1091 813 1258 886 inhabiles,
1283 833 1335 878 ve-

152 942 213 1005 luti
244 941 372 1027 publice
403 941 561 1025 periuros,
589 958 669 1023 quos
699 943 809 1003 tamen
838 937 938 1003 iudex
961 943 1065 1022 potest
1096 937 1217 1018 audire,
1242 940 1269 1004 si
1293 958 1335 1002 ex

152 1069 193 1132 iis
216 1073 305 1154 putet
328 1087 364 1133 se
387 1066 506 1151 aliquid
530 1066 736 1150 cogniturum
752 1064 834 1146 lore,
852 1065 942 1149 quasi
966 1063 1193 1129 adminiculum
1217 1083 1334 1149 oppor-

152 1199 267 1260 tunum
289 1195 473 1258 sententiae
496 1189 695 1265 definitivae;

243 1319 277 1402 2)
299 1319 340 1383 ad
364 1318 562 1385 instantiam
581 1317 697 1400 partis
712 1316 813 1382 iudex
836 1336 901 1381 non
918 1321 1048 1382 tenetur
1063 1317 1202 1402 aliquem
1227 1318 1335 1382 exclu-

151 1443 234 1508 dere
267 1462 286 1507 a
320 1441 533 1523 testificando,
559 1443 620 1508 nisi
658 1441 824 1507 evidentes
859 1442 924 1507 sint
957 1443 1100 1506 rationes
1135 1443 1333 1528 suspicionis,

153 1565 240 1630 unde
263 1566 385 1631 inutilis
408 1565 461 1630 vel
484 1564 638 1630 damnosa
658 1565 807 1632 videatur
830 1565 899 1630 eius
922 1567 1100 1641 attestatio;
1124 1583 1239 1630 verum
1262 1585 1335 1630 exa·

151 1709 227 1754 men
254 1691 446 1775 suspicionis
468 1689 613 1754 obiectae
644 1694 760 1754 contra
790 1707 962 1775 personam
993 1690 1083 1753 testis
1106 1689 1188 1754 solet
1212 1687 1335 1753 dillecri

151 1823 225 1901 post
248 1817 471 1882 attestationes
502 1815 614 1897 iactas,
639 1835 680 1879 ex
712 1815 826 1899 quibus
857 1816 971 1880 melius
1002 1814 1200 1900 dignoscitur
1229 1823 1334 1880 utrum

150 1943 302 2026 exceptio
326 1941 368 2005 sit
390 1938 532 2020 lundata,
557 1940 611 2004 vel
636 1941 733 2005 eliam
757 1945 864 2006 utrum
889 1941 929 2004 sit
945 1939 1041 2006 utilis,
1066 1959 1139 2002 nam
1164 1937 1334 2022 aliquando

148 2065 244 2130 testis
268 2063 399 2149 deponit
418 2065 451 2126 in
477 2063 623 2127 favorem
639 2063 744 2146 partis
767 2062 958 2147 suspicantis
982 2061 1036 2152 de
1045 2060 1217 2125 idoneitate
1234 2063 1333 2126 testis.

150 2190 333 2254 Praeterea
371 2188 542 2276 prudentia
572 2188 687 2284 iudicis
716 2210 738 2253 a
765 2193 850 2254 teste
885 2189 944 2281 etsi
982 2192 1129 2272 suspecto
1164 2188 1334 2250 veritatem

147 2312 311 2398 detegere
338 2314 436 2378 valet.
460 2317 512 2379 lta
542 2313 758 2380 communiter
788 2313 853 2378 DD.
885 2332 958 2380 cum
989 2312 1115 2378 Abbate
1145 2313 1176 2376 in
1201 2331 1276 2394 cap.
1302 2311 1334 2385 7,

150 2438 185 2501 la.
204 2443 228 2502 t.
243 2438 285 2501 X.
303 2437 383 2503 lnde
406 2442 496 2522 patet
519 2438 676 2522 quomodo
700 2439 772 2502 iure
796 2456 868 2500 can.
886 2457 1004 2522 magna
1019 2434 1075 2504 fiat
1090 2437 1186 2502 iudici
1200 2437 1335 2502 libertas

146 2562 183 2624 in
201 2559 405 2626 admittendis
428 2561 563 2628 testibus
586 2565 620 2625 et
642 2559 912 2633 attestationibus,
937 2559 1144 2643 quamobrem
1168 2560 1265 2626 iudex
1281 2563 1335 2625 im·

244 2736 285 2805 (l)
302 2737 356 2789 cit.
376 2736 463 2791 codex
482 2737 607 2791 decernit
625 2741 677 2790 art.
696 2737 764 2790 626:
783 2749 801 2789 c
821 2735 883 2789 Non
907 2740 1038 2806 poterunt
1062 2735 1151 2790 audiri
1178 2737 1218 2790 uti
1240 2742 1334 2804 testes,

149 2847 181 2900 l⁰
200 2861 298 2899 omues
315 2845 335 2899 ii
354 2861 424 2933 qpos
443 2844 490 2900 lex
508 2844 633 2901 declarat
651 2846 791 2901 inhabiles
809 2845 844 2898 ad
864 2844 1008 2900 serendum
1026 2845 1227 2910 testimonium,
1240 2831 1278 2898 20'
1288 2861 1335 2914 pa·

149 2955 251 3006 rentes
264 2956 313 3005 aut
325 2951 421 3005 affines
434 2951 464 3006 in
476 2951 552 3006 linea
565 2955 650 3017 recta,
664 2953 767 3005 iratres
780 2951 907 3021 germani
920 2954 969 3005 aut
981 2953 1180 3022 consanguinei
1194 2959 1222 3006 et
1234 2951 1335 3006 coniux

144 3059 236 3113 tinius
255 3076 288 3112 ex
307 3058 493 3129 litigantibus,
506 3058 536 3112 3⁰
549 3057 676 3112 advocati
691 3062 721 3112 at
739 3063 934 3126 procuratores
947 3059 975 3111 in
989 3058 1087 3125 causis,
1101 3058 1129 3112 in
1144 3058 1244 3128 quibus
1257 3073 1335 3127 prae-

144 3165 333 3218 bueruntaut
345 3165 482 3234 praebent
494 3181 574 3217 suum
588 3163 773 3232 patrocinium
784 3180 810 3228 »ς
821 3167 876 3218 art.
890 3163 951 3217 627:
965 3177 981 3216 r
995 3162 1100 3230 Testes,
1111 3179 1179 3233 quos
1193 3162 1238 3217 lex
1251 3161 1336 3217 habet

146 3268 192 3323 uti
216 3279 365 3339 suspectos,
378 3272 511 3337 poterunt
527 3270 665 3333 recusari;
685 3272 779 3321 umen
798 3267 934 3322 tribuitur
952 3267 1051 3322 iudicis
1064 3267 1227 3338 prudentiae
1240 3285 1335 3322 eorum

144 3388 274 3442 pensare
291 3374 489 3428 attestationes
502 3390 527 3426 ›.
540 3372 631 3435 Quare
651 3371 697 3427 hic
712 3373 848 3428 articulus
862 3389 991 3443 expresse
1009 3374 1135 3428 continet
1154 3374 1336 3429 intentionem

145 3481 225 3534 iuris
244 3497 340 3534 comm.
360 3498 421 3535 can.
433 3509 472 3524 -
489 3481 571 3536 Alter
589 3499 657 3537 vcro
675 3482 813 3537 articulus
833 3483 1005 3538 constituens
1024 3487 1115 3537 certas
1134 3482 1336 3550 inhabilitates,

142 3607 162 3644 a
185 3587 280 3642 iudice
297 3589 456 3642 necessario
467 3589 617 3644 servandas
630 3591 735 3660 absque
751 3587 810 3645 ulla
823 3589 999 3658 exceptione,
1012 3594 1055 3644 est
1067 3589 1211 3660 dispositio
1224 3591 1336 3659 propria

140 3714 301 3753 cansarum
318 3698 452 3751 ciciliam.
471 3698 502 3751 ln
522 3698 613 3751 causis
632 3698 706 3753 enim
720 3699 914 3752 criminalibus
932 3696 1088 3752 huiusmodi
1107 3702 1246 3753 tentativae
1259 3701 1335 3754 inho·

141 3783 274 3861 bilitatcs
292 3822 347 3859 nou
373 3804 513 3860 habentur
531 3822 620 3876 neque
646 3806 674 3858 in
694 3805 753 3860 cod.
773 3804 921 3860 hodiernis.
941 3805 1096 3861 Excludere
1114 3807 1189 3860 enim
1210 3808 1336 3862 absolute

140 3907 302 3964 nonnullas
321 3926 454 3977 personas
473 3911 502 3963 in
521 3908 680 3964 huiusmodi
702 3910 794 3964 causis
813 3928 830 3964 a
850 3911 1011 3966 testimonio
1034 3910 1157 3978 serendo,
1175 3927 1231 3964 non
1250 3909 1335 3964 semel

140 4031 286 4084 magnum
303 4017 506 4085 praeiudicium
525 4022 636 4088 pareret
655 4019 766 4072 veritati
787 4017 967 4088 detegendae.
980 4047 1017 4060 -
1030 4017 1120 4078 Quare
1139 4035 1223 4088 quum
1243 4023 1336 4072 textus

146 4121 227 4174 iuris
245 4135 305 4173 can.
325 4121 496 4175 cumulatiue
514 4130 582 4189 agat
604 4121 638 4174 de
660 4121 779 4174 testibus
802 4126 862 4174 tum
888 4123 1067 4176 inclutum
1092 4123 1121 4176 in
1147 4125 1226 4176 crim.
1245 4123 1336 4176 causis

142 4226 318 4282 adhibendis
337 4227 428 4281 nullas
445 4228 594 4281 constituit
611 4246 692 4283 veras
704 4229 901 4297 inhabilitates,
920 4229 968 4284 sed
982 4235 1090 4284 tantum
1102 4229 1194 4284 innuit
1213 4234 1334 4287 rationes

140 4334 326 4405 suspicionis,
346 4350 416 4404 quas
429 4333 458 4386 in
471 4334 580 4387 casibus
592 4335 780 4404 peculiaribus
794 4336 915 4391 remittit
931 4337 1121 4408 ponderandas
1134 4355 1222 4410 aequo
1238 4338 1335 4392 iudicis

139 4441 278 4497 arbitrio.
