3350 5117
520 315 563 360 ne
586 311 727 363 runicus
755 311 1023 360 acoresrrsrrcrs
1297 293 1366 360 259

176 435 370 532 dummodo
388 436 432 502 sit
446 436 506 519 cle
520 441 590 502 toto
613 435 803 504 susbstantia
825 438 877 502 vel
899 435 1024 514 erroiori
1040 438 1145 518 parte
1162 432 1245 504 etos.
1265 434 1365 498 -In

175 559 263 643 quod
286 562 485 646 propositum
515 567 674 626 memorat
706 560 859 626 Pontifex
891 579 1032 626 canones
1060 558 1189 624 Decreti
1215 557 1363 624 Gratiani

179 680 266 745 banc
288 682 513 766 exceptionem
536 679 787 752 introducentes.
802 679 997 745 observans:
1012 700 1030 741 ‹
1050 679 1090 744 ut
1107 676 1284 742 secundum
1300 677 1364 742 hoc

178 802 266 886 loqui
289 821 437 869 conones
466 823 544 868 sano
573 801 772 868 credendum
801 808 853 869 est
883 801 1066 876 intellectu;
1091 801 1167 885 quia
1198 818 1261 866 nec
1286 799 1363 866 nudi

175 927 377 994 contendere
401 947 463 992 nec
486 929 627 992 inermes
651 927 789 992 inimicis
812 946 977 1014 opponere
1000 947 1059 992 nos
1087 925 1241 992 debemus
1265 949 1296 991 ›.
1322 927 1364 991 Et

178 1056 263 1120 baec
289 1061 365 1119 sunt
395 1073 478 1140 pene
509 1054 622 1120 eadem
653 1054 755 1121 verba
784 1074 956 1121 canonum
981 1055 1110 1120 Decret.
1136 1055 1295 1120 Gratiani.
1320 1091 1365 1104 -

176 1181 319 1244 Tantum
342 1177 389 1264 (l)
412 1179 513 1254 abest,
537 1181 583 1245 uti
614 1181 761 1245 nonnulli
792 1186 970 1261 autumant,
995 1180 1079 1245 hanc
1104 1181 1177 1245 Inn.
1204 1179 1251 1244 lV
1277 1179 1363 1245 Con-

175 1302 379 1366 stitutionem
401 1302 578 1368 instituisse
600 1302 702 1385 spolii
725 1303 968 1385 exceptionem.

166 1453 176 1491 s
270 1428 333 1494 Sed
355 1428 440 1512 quod
463 1427 504 1492 ad
526 1430 592 1494 vim
615 1435 648 1494 et
670 1449 761 1494 usum
785 1430 987 1512 exceptionis
1017 1427 1111 1512 spolii
1143 1447 1278 1494 necesse
1310 1433 1360 1492 est

178 1553 391 1637 interpretari
415 1552 585 1636 quamdam
608 1553 802 1654 seutentiam
826 1554 1010 1617 Innocentii
1033 1555 1082 1617 lll
1107 1553 1140 1616 in
1165 1571 1239 1635 cap.
1256 1553 1292 1634 2,
1309 1553 1360 1619 De

177 1678 256 1744 ord.
270 1678 394 1762 capuit.
407 1678 442 1742 X
455 1675 511 1761 (11.
529 1676 591 1761 10).
605 1714 649 1727 -
663 1677 830 1762 Agebatur
846 1678 885 1742 de
903 1679 1125 1742 controversia
1142 1683 1227 1744 mota
1242 1677 1284 1742 ab
1300 1677 1364 1744 Ab·

182 1800 258 1866 bate
270 1799 310 1865 de
322 1802 500 1867 Ferentino
516 1807 631 1867 contra
645 1801 770 1866 nobiles
781 1803 871 1865 viros
883 1801 1028 1866 dominos
1044 1802 1083 1866 ‹le
1097 1803 1231 1874 Ardone,
1245 1802 1364 1886 quippe

179 1926 216 1990 bi
238 1945 338 1990 manu
361 1932 485 1990 armata
502 1927 730 1992 monasterium
746 1926 892 2010 aggressi
909 1931 1014 1991 erant.
1032 1924 1165 1990 Abbatis
1182 1925 1363 2008 quaestioni

179 2064 396 2132 aggressores
418 2053 646 2132 opposuerunt,
671 2067 706 2112 se
732 2065 799 2130 per
826 2045 927 2112 buires
958 2046 1076 2112 dolum
1106 2051 1138 2111 et
1165 2044 1363 2111 uiolentiam

179 2175 336 2240 ,castrum
359 2171 523 2244 amisisse,
546 2177 642 2236 antea
665 2173 854 2236 invocantes
878 2171 1029 2236 iudicium
1053 2169 1296 2255 possessorium.
1319 2207 1365 2217 —

183 2293 340 2359 Pontifex
364 2292 548 2378 respondet:
576 2315 594 2354 ‹
618 2294 683 2358 Nos
705 2298 813 2358 auteur
829 2291 1088 2378 distinguendum
1104 2313 1175 2357 esse
1191 2292 1363 2368 credimus,

181 2425 295 2485 utrum
318 2420 519 2505 spoliationis
541 2421 686 2503 quaestio
709 2420 749 2485 ab
774 2419 893 2484 eisdem
918 2418 1077 2485 nobilibus
1108 2421 1151 2486 sit
1181 2419 1307 2486 obiecta
1330 2421 1364 2485 in

178 2543 309 2608 modum
327 2544 463 2610 actionis
478 2543 519 2608 ad
537 2545 771 2609 restitutionem
784 2541 965 2628 petendam,
979 2563 1019 2607 an
1034 2545 1065 2607 in
1079 2543 1185 2608 forma
1200 2545 1364 2630 exceptio·

178 2670 231 2734 nis
246 2669 287 2734 ad
303 2670 517 2736 intentionem
530 2667 709 2734 adversarii
723 2668 997 2754 repellendam...
1010 2717 1017 2732 .
1030 2665 1094 2733 Sed
1107 2671 1258 2752 quoniam
1271 2687 1366 2754 quee-

175 2794 242 2857 stio
264 2791 322 2856 illa
342 2791 403 2857 fuit
418 2791 458 2856 ab
473 2791 594 2858 eisdem
618 2791 781 2857 nobilibus
802 2797 930 2858 tantum
954 2793 986 2856 in
1011 2791 1139 2857 modum
1164 2791 1365 2878 exceptionis

176 2913 323 2990 obiecta;
340 2915 587 2998 interloquendo
599 2915 852 2999 pronunciamus
865 2920 900 2979 ut
913 2913 1119 2998 probationes
1135 2935 1249 2979 eorum
1265 2933 1366 2998 super

177 3036 250 3120 ipsa
261 3036 453 3120 exceptione
466 3035 614 3119 primitus
625 3033 819 3102 audirentur
835 3039 868 3098 et
884 3053 923 3099 ee
939 3033 1075 3120 probata
1090 3034 1233 3121 legitime
1245 3033 1364 3100 Abbati

178 3177 245 3222 non
261 3163 459 3244 cogerentur
478 3157 677 3243 respondere
700 3177 798 3244 super
821 3157 1031 3242 petitionibus
1046 3159 1244 3238 memoratis,
1261 3158 1365 3224 donec

178 3283 433 3350 restituerentur
448 3282 489 3347 ab
504 3284 584 3368 ipso:
601 3303 676 3348 cum
690 3284 858 3369 spoliatori
875 3283 1030 3368 spoliatus
1042 3288 1117 3348 ante
1130 3285 1366 3354 restitutionem

179 3429 245 3474 non
281 3413 417 3494 cogatur
446 3409 606 3477 ullatenus
638 3409 836 3496 respondere
862 3432 893 3474 o.
920 3408 1087 3477 Pontificis
1126 3414 1365 3498 argumentatio

177 3531 263 3596 baec
286 3536 346 3596 est.
372 3533 481 3596 Primo
504 3530 670 3605 advertit„
675 3533 772 3620 spolii
797 3533 1018 3616 quaestionem
1042 3553 1136 3618 posse
1160 3536 1284 3602 moveri
1306 3535 1367 3600 sub

176 3655 300 3743 duplici
324 3657 513 3723 intentione.
538 3657 656 3724 Primo
681 3666 716 3723 ut
738 3657 924 3723 obtineatur
954 3660 1113 3727 restitutio
1138 3662 1186 3726 rei
1210 3662 1366 3747 spoliatae

179 3801 241 3867 per
262 3783 431 3850 actionem
453 3785 688 3870 possessoriam
706 3819 724 3832 ·
740 3783 833 3850 unde
848 3783 882 3850 vi
900 3820 929 3848 -.
947 3781 1104 3852 Secundo
1129 3790 1165 3851 ut
1183 3784 1222 3850 ab
1238 3783 1366 3869 egendo

180 3906 362 3992 repellatur
384 3871 548 3993 spoliatus
565 3917 598 3975 et
620 3915 697 3974 tunc
716 3911 887 3974 invocatur
902 3909 1057 3992 correptio
1077 3908 1182 3995 spolii,
1200 3927 1282 3992 qnae
1298 3927 1365 3974 non

271 4205 311 4275 (1)
331 4203 407 4261 luter
430 4205 482 4261 hos
500 4205 684 4263 recensendus
709 4206 794 4260 etiam
815 4206 949 4276 Savigny,
967 4206 1021 4278 qui,
1044 4206 1062 4260 1.
1083 4225 1115 4272 a,
1133 4205 1214 4260 nimis
1232 4205 1367 4261 insistens

180 4307 296 4365 litterae
314 4311 429 4366 anonis
446 4339 461 4354 -
481 4312 712 4382 Redimeorande
730 4340 744 4352 ·
763 4328 854 4382 neque
879 4311 1025 4366 attendens
1048 4311 1218 4367 sufficienter
1244 4312 1366 4383 receptis

180 4415 306 4471 moribus
323 4433 374 4472 sen
390 4416 633 4489 indeprudentiae,
652 4417 682 4472 in
699 4415 772 4471 bane
789 4417 958 4472 sententiam
976 4415 1126 4474 descendit.
