3350 5117
545 306 588 352 nn
612 305 751 353 mnicns
775 301 1040 352 sccnssmsrrcis
1336 280 1383 347 99

200 433 236 496 in
265 430 378 516 quibus
405 430 504 495 iudex
535 448 579 493 ex
608 427 713 494 nobiti
739 425 845 492 officio
869 425 1024 512 procedit.
1050 426 1179 491 Primus
1209 430 1259 490 est
1281 444 1379 510 quum

200 555 302 621 iudex
323 574 365 619 ex
388 551 494 619 officio
510 554 593 637 parti
616 552 751 637 pauperi
775 556 807 615 et
831 552 1000 635 imperitae
1015 548 1163 635 adsignat
1178 548 1381 623 advocatum,

201 701 244 745 ne
267 679 308 743 ob
332 678 493 743 defectum
516 676 713 742 defensionis
744 677 792 741 sui
819 675 900 739 iuris
936 676 1042 759 capiat
1075 674 1313 750 detrimentum,
1338 694 1382 738 ex

199 804 333 889 cap.1;
354 805 437 868 alter
460 808 509 869 est
531 804 557 867 si
580 802 700 888 pupillo
724 806 757 868 et
780 801 897 865 minori
921 800 1085 866 constitnit
1109 804 1295 864 curatorem
1323 805 1382 865 aut

200 928 307 993 eidem
337 928 426 993 laeso
456 927 605 993 concedit
634 926 877 993 restitutionem
899 924 937 989 in
962 924 1144 1010 intepruru
1169 942 1213 989 ex
1235 942 1310 1007 cup.
1335 922 1377 987 2.-
1444 930 1449 939 ’

201 1062 282 1121 tunc
305 1054 403 1120 iudex
434 1058 569 1119 exercet
591 1053 702 1120 nobile
724 1050 874 1123 officium.
896 1051 1020 1115 scilicet
1042 1052 1119 1135 agit.
1144 1055 1232 1115 motu
1252 1070 1311 1115 suo
1326 1048 1384 1135 (1),

201 1178 246 1243 ad
268 1178 436 1243 tutandam
464 1177 616 1243 iustitiam
646 1182 679 1241 et
708 1178 911 1260 aequitatem.
935 1173 1144 1250 -Quodsi
1168 1174 1384 1259 praecesserit

206 1304 309 1387 partis
334 1300 514 1387 postulatio,
539 1302 621 1365 haec
650 1320 714 1363 non
737 1300 817 1384 petit
840 1318 860 1363 a
882 1298 986 1364 iudice
1017 1298 1145 1381 aliquod
1176 1299 1226 1363 ius
1257 1303 1384 1362 certum

206 1428 266 1493 sibi
291 1428 479 1513 recognosci
502 1426 658 1493 adversus
680 1426 827 1499 alterum,
844 1426 949 1511 prouti
974 1424 1051 1489 tacit
1074 1425 1158 1489 actio
1175 1424 1289 1505 civilis,
1306 1443 1378 1509 pro

204 1576 326 1621 uocans
349 1554 490 1621 officium
512 1554 772 1623 mercenarium.
797 1552 854 1617 sed
882 1554 986 1637 potius
1017 1550 1169 1636 implorat
1195 1551 1308 1615 iudicis
1331 1570 1386 1615 au-

205 1677 320 1741 xilium
345 1680 378 1742 et
400 1675 637 1749 defensionem
663 1680 774 1760 utputa
788 1680 902 1759 petens
918 1673 1118 1753 advocatum,
1135 1670 1340 1737 defensorem
1354 1672 1386 1735 in

203 1807 486 1885 susceptricem,
511 1818 607 1882 quum
636 1818 697 1865 nec
727 1819 762 1865 se
790 1797 966 1863 defendere
994 1817 1055 1862 nec
1084 1796 1290 1862 defensorem
1317 1796 1386 1861 ido-

209 1944 305 1990 neum
331 1923 474 1987 nancisci
499 1922 616 1987 valeat.

296 2046 351 2109 77.
377 2047 466 2111 Haec
491 2046 651 2111 distinctio
675 2044 771 2111 officii
786 2045 908 2112 nobilis
923 2051 955 2110 et
970 2044 1176 2110 mercenarii
1191 2046 1224 2107 in
1241 2041 1384 2108 fontibus

210 2171 268 2183 ..
383 2122 874 2183 <pa-fn·-
952 2127 1157 2165 -ae‘ffl
1243 2114 1351 2181 ss‘ff

208 2190 287 2234 ruris
312 2189 459 2235 canonici
483 2189 562 2233 sane
585 2190 650 2271 nou
674 2175 852 2273 Ἥρη-ψῃ
877 2169 933 2233 sed
964 2188 985 2231 a
1015 2166 1321 2232 commentatoribus
1343 2187 1389 2231 in·

201 2272 450 2359 tiruncu‘iuu
480 2270 776 2379 ad‘significandas
808 2290 904 2357 officii
941 2292 1055 2357 iudicis
1089 2291 1235 2355 diversas
1268 2294 1389 2374 partes.

208 2417 312 2482 Multo
336 2418 440 2481 minus
455 2418 488 2481 in
505 2418 575 2481 iure
593 2437 725 2482 romano
742 2421 897 2502 usurpata
913 2416 1045 2481 suerunt
1060 2415 1142 2479 haec
1158 2414 1316 2479 vocabula
1333 2414 1390 2499 (2).

208 2542 271 2607 Sed
295 2562 361 2605 non
386 2547 435 2605 est
457 2540 587 2606 difficile
610 2542 807 2627 investigare
831 2546 863 2605 et
886 2542 1065 2625 percipere,
1083 2558 1221 2623 quonam
1244 2540 1308 2603 alio
1331 2558 1390 2603 no·

212 2668 296 2730 mine
319 2667 520 2731 donarentur
536 2665 716 2733 huiusmodi
732 2684 869 2729 munera
886 2663 1054 2729 iudicialis.
1074 2701 1114 2711 —-
1134 2665 1213 2728 Nam
1230 2664 1275 2728 uti
1292 2663 1393 2749 expli·

210 2794 365 2873 cavimus,
383 2791 440 2857 sub
457 2792 689 2859 iurisdictione
706 2796 737 2855 et
760 2790 904 2875 imperio
929 2790 1153 2855 coadunabant.
1177 2792 1301 2855 romani
1325 2793 1393 2855 uni-

212 2936 340 2981 uersam
376 2920 566 3000 potestatem
600 2913 846 3001 gubernativam
882 2912 1044 2977 socialem.
1077 2913 1221 2977 Proinde
1252 2910 1392 2978 officium

212 3038 473 3108 rricrcenurium.
498 3039 678 3103 inserviens
701 3041 840 3123 partium
865 3036 1000 3111 actioni,
1017 3036 1058 3100 ad
1082 3035 1293 3101 dirimendam
1318 3058 1394 3101 con·

211 3166 419 3238 immistam,
444 3184 505 3229 nec
536 3184 599 3229 non
632 3184 670 3229 ea
700 3184 776 3250 pars
806 3161 906 3228 officii
929 3161 1051 3228 nobilis
1074 3162 1198 3227 directa
1220 3162 1262 3227 ad
1288 3164 1393 3230 inter·

304 3467 344 3535 (l)
364 3466 469 3520 Passim
489 3469 729 3529 commentatores,
743 3466 784 3518 uti
803 3465 897 3520 videre
918 3468 961 3519 est
979 3464 1052 3533 apud
1073 3464 1191 3533 Pirhing
1209 3469 1237 3518 et
1257 3463 1396 3517 Schmaiz·

216 3572 335 3638 grueber
352 3573 383 3623 ἐπ
400 3572 426 3623 tu.
446 3580 479 3628 t.;
499 3568 618 3625 officium
637 3571 731 3623 nobile
748 3570 854 3635 dicunt,
866 3569 936 3623 illud
949 3586 1010 3623 esse
1027 3569 1099 3639 qnod
1117 3586 1172 3639 per
1189 3587 1219 3623 se
1237 3580 1304 3637 stat‚·
1321 3586 1396 3623 mci·-

214 3678 368 3741 ccnum'unu
387 3693 402 3729 e
422 3680 527 3739 contre,
546 3674 703 3741 advertunt,
722 3676 802 3727 inniti
820 3676 924 3729 actioni
938 3676 1073 3744 partium.
1094 3674 1146 3729 Sed
1166 3674 1259 3728 verius
1277 3673 1396 3740 videtur,

218 3781 268 3837 hoc
288 3783 371 3837 inniti
389 3782 444 3836 iuri
464 3783 583 3853 partium
603 3784 712 3851 privato
731 3788 760 3837 et
779 3782 844 3836 hnic
863 3783 1013 3846 inservire;
1029 3782 1098 3836 illud
1118 3799 1184 3836 vero
1203 3781 1256 3836 iuri
1276 3786 1305 3836 et
1323 3783 1397 3835 bono

216 3889 318 3942 civium
338 3887 486 3942 communi.
506 3888 585 3942 iuvat
606 3886 680 3942 enim
699 3888 823 3958 apprime
849 3888 924 3943 inter
945 3902 975 3943 se
999 3888 1171 3957 distinguere
1197 3889 1335 3942 actionem
1355 3888 1396 3941 ci·

216 3995 292 4047 vium
307 3997 466 4064 priuatum
484 3998 514 4048 et
533 3994 670 4049 actionem
690 4010 864 4048 communem
883 4010 954 4065 quae
974 3998 1152 4063 promovetur
1173 3994 1347 4063 potissimum
1368 3995 1395 4048 vi

219 4099 296 4169 legis
317 4130 351 4141 -
372 4100 402 4153 in
421 4102 557 4169 conceptu
576 4099 688 4154 illorum
710 4100 895 4169 interpretum
920 4100 1004 4153 nimis
1027 4098 1136 4153 videtur
1162 4100 1272 4155 extendi
1299 4100 1399 4154 iudicis

216 4208 374 4271 arbitrium,
393 4209 423 4260 et
440 4206 556 4259 nimium
575 4209 680 4275 patere,
699 4204 772 4275 qnod
791 4208 833 4259 est
852 4204 976 4259 incivile.

307 4312 346 4382 (2)
366 4310 453 4366 Hodie
472 4312 501 4365 in
516 4313 576 4366 foro
593 4310 784 4365 ecclesiastico
797 4315 826 4365 et
839 4310 924 4376 civili,
944 4307 1033 4381 officio
1051 4313 1229 4366 mercenario
1249 4311 1398 4383 respondet

222 4417 324 4473 iocntio
338 4420 496 4491 procedere
513 4423 550 4475 ad
569 4420 729 4473 instantium
745 4421 849 4491 purtis‚·
862 4418 950 4490 officio
969 4419 1058 4474 nobili
1076 4419 1224 4488 procedere
1244 4436 1279 4474 ex
1296 4419 1397 4474 officio.
