3350 5117
341 237 408 304 386
867 257 951 304 nans
975 255 997 302 1.

341 381 539 467 probandum
555 388 612 454 est,
630 384 679 446 ius
702 402 881 456 commune,
899 385 1010 447 sinens
1025 383 1163 447 clericos
1182 381 1359 446 convenire
1372 379 1454 464 apud
1471 397 1514 443 so·

340 508 452 573 culane
475 508 616 573 tribunal
638 509 748 580 laicos
774 508 950 594 prohibere
974 529 1016 572 ne
1039 510 1091 573 isti
1114 527 1135 572 a
1157 509 1251 572 laicis
1274 507 1440 572 conventis
1463 525 1514 569 re·

340 633 583 697 conveniantur.

430 759 577 823 Iamveno
601 759 811 823 reconventio
840 758 953 823 clerici
976 757 1061 843 apud
1092 757 1215 823 iudices
1236 757 1338 822 laicos
1361 775 1437 821 sane
1461 754 1515 819 ad·

339 883 492 948 mittenda
519 903 582 947 non
612 891 659 946 est
683 884 714 946 in
739 884 844 948 causis
868 882 1114 956 &intimandnm
1139 886 1215 969 quia
1238 882 1337 948 iudex
1358 881 1462 944 laicus
1484 881 1515 944 in

337 1027 508 1091 peisonam
532 1007 643 1072 clerici
666 1007 755 1076 nulla
778 1007 902 1072 inuitur
925 1011 1093 1093 potestate,
1118 1027 1220 1092 quare
1243 1007 1436 1071 sententiam
1452 1005 1515 1068 cri·

337 1134 487 1198 minalem
511 1135 542 1199 in
567 1133 721 1199 clericum
745 1133 855 1199 dicere
879 1153 944 1198 non
968 1133 1072 1208 valet;
1096 1154 1167 1219 aug.
1184 1153 1260 1216 cap.
1276 1153 1346 1204 nn..
1370 1132 1421 1196 De
1436 1131 1514 1196 cler.

337 1256 470 1341 eoniup.
486 1256 524 1320 in
547 1255 658 1340 6011,
675 1255 718 1339 2).
737 1259 779 1320 nt
795 1256 878 1320 haec
904 1256 1071 1321 conclusio
1090 1275 1193 1338 aeque
1208 1252 1429 1340 pertrahenda
1452 1272 1514 1315 non

335 1380 440 1445 estad
463 1401 576 1446 causas
592 1356 713 1455 ciuiles,
731 1383 764 1447 in
781 1381 899 1465 quibus
915 1383 1076 1447 sententia
1091 1386 1125 1446 et
1140 1382 1290 1447 executio
1307 1400 1372 1443 non
1389 1381 1420 1443 in
1440 1397 1514 1463 per·

335 1525 414 1569 sona
425 1504 481 1570 sed
497 1507 529 1570 in
545 1505 635 1572 bouis
651 1507 762 1571 clerici
776 1507 904 1573 directe
917 1508 981 1570 vim
994 1527 1153 1572 exercere
1165 1512 1241 1572 nata
1252 1512 1311 1572 est.
1325 1542 1369 1556 -
1383 1506 1515 1572 (letem-

335 1633 409 1714 quin
424 1630 545 1696 nullibi
562 1633 594 1695 in
611 1633 681 1697 iuna
697 1633 864 1696 invenitus·
884 1638 1022 1713 cautum,
1040 1632 1178 1697 clericos
1193 1653 1258 1696 non
1275 1651 1346 1696 esse
1363 1649 1515 1696 reconve

334 1752 467 1819 niendos
492 1773 512 1816 a
538 1753 629 1820 laicis
660 1756 692 1819 in
720 1757 825 1820 causis
856 1755 1015 1821 civilibus.
1044 1755 1154 1831 Quare
1184 1753 1324 1841 possidet
1358 1753 1512 1839 generale

332 1882 534 1966 principium,
552 1901 666 1965 nempe
682 1862 828 1947 iudicem
846 1882 993 1948 actionis
1008 1901 1079 1948 esse
1094 1882 1243 1950 indicem
1258 1880 1468 1964 exceptionis
1482 1883 1512 1945 et

333 2006 612 2072 reconventionis.

422 2127 548 2192 Exinde
572 2128 745 2212 Fagnanus
768 2130 801 2192 in
826 2147 898 2212 cap.
919 2128 1027 2198 Quane
1041 2164 1059 2175 -
1075 2128 1125 2192 De
1141 2127 1216 2193 ord.
1233 2147 1304 2212 cop.
1321 2147 1380 2191 nn.
1401 2125 1511 2192 35-59

332 2259 422 2319 recte
446 2253 540 2320 docet
562 2254 699 2319 clericos
723 2255 756 2316 in
779 2254 928 2318 ciuilibus
952 2273 1045 2339 posse
1068 2253 1274 2318 reconvenini
1290 2251 1375 2336 apud
1391 2252 1510 2317 iudices

331 2377 440 2448 laicos,
463 2379 524 2442 nisi
541 2378 706 2442 contraria
729 2379 836 2464 vigeat
857 2378 1064 2461 particularis
1083 2375 1289 2442 consuetudo.
1308 2374 1371 2440 Sed
1387 2395 1452 2440 non
1467 2375 1510 2437 ui·

331 2503 425 2569 detur
455 2501 652 2568 sufficienter
675 2501 810 2588 probata
836 2505 999 2569 sententia
1029 2501 1329 2587 Schmalzgnueben
1354 2501 1405 2567 De
1428 2505 1508 2566 mut.

326 2633 394 2710 pet.
418 2649 451 2692 n.
470 2629 526 2703 67,
551 2630 710 2714 opinantis
727 2630 806 2692 iuris
831 2631 1009 2694 communis
1025 2630 1234 2696 intentionem
1257 2627 1434 2713 prohibere
1448 2647 1508 2712 quo

330 2751 434 2815 minus
465 2723 577 2815 clerici
608 2770 627 2812 a
658 2751 750 2816 laicis
781 2753 813 2816 in
847 2752 987 2816 seculari
1017 2751 1089 2816 foro
1118 2749 1507 2834 reconveniantu1·,quod

330 2880 427 2959 negat
449 2875 544 2938 etiam
570 2871 789 2955 Reiffenstuel‚
810 2874 869 2940 wDe
892 2881 975 2941 mut.
994 2881 1074 2957 pet,
1098 2896 1133 2940 n.
1156 2875 1209 2940 20
1230 2894 1298 2960 seq.

419 2997 513 3072 Hinc,
538 3018 598 3083 pno
621 3001 726 3083 praxi,
743 3003 904 3072 teneatur,
923 2999 1050 3071 laicum,
1075 3005 1144 3064 tuta
1166 2999 1365 3064 conscientia
1381 3004 1414 3063 et
1433 2999 1507 3082 quin

329 3123 426 3187 ullam
450 3123 489 3187 ab
507 3123 682 3191 Ordinanio
706 3125 785 3190 eccl.
802 3125 933 3189 veniam
957 3124 1149 3209 expostulet,
1166 3145 1260 3209 posse
1283 3101 1441 3190 clenicum
1461 3145 1507 3189 re·

328 3239 552 3314 convenirem
569 3269 667 3315 causa
682 3251 768 3316 ciuili
785 3250 869 3336 apud
887 3251 1024 3316 iudicem
1040 3251 1237 3328 secularem3
1262 3253 1337 3335 quia
1352 3253 1387 3316 in
1412 3252 1507 3319 dubio

327 3373 508 3458 prohibitae
531 3377 792 3442 reconventionis
807 3376 947 3462 possidet
971 3378 1020 3443 ius
1043 3397 1212 3442 commune
1235 3377 1448 3445 ordinarium.
1463 3417 1507 3427 —-

327 3496 415 3559 Ata
442 3495 699 3562 reconventione
729 3498 862 3582 proprie
893 3497 985 3562 dicta
1015 3497 1078 3561 rite
1100 3495 1316 3582 distinguatur
1347 3499 1506 3565 cumulus

326 3618 508 3700 actionum,
532 3621 637 3704 prouti
662 3620 908 3705 explicavimus.

1636 295 1638 404 i
