3350 5117
341 308 409 374 336
867 331 952 378 enas
976 331 998 377 1.

341 452 487 534 quamvis
509 450 563 516 hic
587 471 651 516 non
674 457 763 537 petat
785 472 848 518 nec
872 454 958 520 illius
982 454 1189 532 recordetur;
1205 459 1239 521 et
1260 455 1339 520 hinc
1361 456 1521 540 praescri·

340 572 420 641 bere
442 595 507 640 non
530 596 669 660 possum.
686 577 778 652 Quod
802 577 842 642 ad
859 580 932 644 iura
954 578 992 644 in
1013 598 1054 644 re
1077 579 1193 645 aliena
1215 598 1277 644 ren
1299 578 1397 644 alteri
1420 579 1453 644 in
1481 598 1521 644 re

341 701 453 766 nostra
467 706 663 785 comparata,
678 721 759 785 quae
778 703 856 785 pati
876 700 1028 767 debemus
1050 700 1091 766 ab
1122 701 1193 767 aliis
1229 702 1389 772 exerceri,
1418 700 1519 765 veluti

341 823 513 888 servitutes
540 826 677 890 rusticas
706 825 791 898 eice,
820 824 1088 899 calendionis,
1111 826 1144 890 vi
1168 844 1305 909 quarum
1328 824 1521 910 permittere

341 945 492 1014 debemus
509 949 541 1013 in
564 949 696 1034 praedio
720 951 841 1016 rustico
865 950 1005 1016 alterum
1021 951 1111 1015 hisce
1134 950 1258 1016 iuribus
1281 951 1344 1026 uli;
1368 969 1520 1016 necnon

341 1075 444 1160 quoad
461 1075 680 1162 obligationes
702 1094 762 1141 nos
785 1076 905 1160 aliquid
928 1080 1097 1163 praestare
1112 1075 1269 1150 iubentes,
1286 1076 1343 1142 sed
1358 1076 1399 1142 ad
1414 1081 1522 1162 postu·

341 1197 493 1262 lationem
515 1199 658 1272 alterius,
679 1199 782 1282 qualis
814 1207 863 1265 est
887 1199 1042 1285 obligatio
1065 1198 1211 1266 solvendi
1234 1200 1376 1286 legatum
1399 1201 1484 1285 quod
1499 1221 1521 1264 a

339 1319 497 1406 legatario
521 1323 643 1406 requiri
674 1321 785 1398 debet;
813 1323 875 1386 ista
898 1324 970 1387 iura
1001 1324 1109 1388 omnia
1137 1343 1198 1408 per
1228 1341 1294 1388 non
1325 1343 1417 1388 usum
1451 1324 1524 1388 eius

341 1445 433 1512 euius
464 1447 615 1519 interest,
643 1444 799 1512 adversus
830 1445 979 1511 eumdem
1007 1447 1265 1532 praescriptione
1299 1446 1521 1511 resolvuntur.

341 1572 433 1637 Unde
464 1573 573 1655 quiin
597 1573 650 1637 via
682 1571 926 1658 praescribendi
952 1577 1010 1643 est,
1024 1571 1193 1638 dummodo
1226 1571 1350 1637 obicem
1379 1591 1446 1636 non
1468 1591 1523 1657 po
1618 1555 1620 1559 ¹
1653 1554 1654 1577 ¹

340 1705 406 1780 nat,
431 1700 491 1766 scit
513 1720 548 1765 se
576 1701 696 1765 nemini
723 1674 880 1767 iniuriam
916 1699 1040 1765 inferre
1073 1701 1290 1786 permittendo
1321 1700 1407 1766 illius
1438 1701 1523 1766 iuris

341 1825 582 1891 extinctionem.
599 1859 643 1873 -
659 1825 709 1889 lta
731 1823 898 1890 commode
921 1822 1097 1889 resolvitur
1120 1824 1278 1906 quaestio:
1305 1829 1459 1890 «utrum
1481 1825 1520 1889 in

336 1946 607 2031 praescriptione
637 1946 821 2013 extinctiea
852 1947 1054 2032 requiratur
1076 1945 1166 2012 bona
1195 1947 1280 2032 fides
1303 1967 1341 2023 »;
1375 1949 1521 2031 quaestio

340 2091 418 2136 sane
441 2069 635 2144 difficillima,
653 2077 689 2137 ut
707 2072 852 2138 fatentur
876 2069 1177 2158 Schmalzgrueber,
1203 2071 1350 2157 Pirbing,
1377 2069 1520 2138 Reiffen-

340 2196 424 2261 stuel
445 2197 479 2261 in
503 2196 535 2260 h.
559 2203 593 2270 t.,
618 2196 674 2262 sed
697 2199 773 2282 ipsis
796 2195 961 2262 difficilior
984 2196 1023 2261 ob
1040 2197 1216 2282 repositum
1240 2202 1432 2282 conceptum
1446 2196 1478 2261 b.
1495 2197 1520 2260 f.

339 2318 374 2382 in
393 2321 618 2402 persuasore
640 2320 820 2406 possidendi
843 2341 919 2386 rene
941 2340 1012 2386 non
1035 2320 1185 2399 alienam
1209 2317 1265 2403 (1).

428 2441 503 2508 308.
531 2443 678 2526 Tempus
700 2443 797 2508 etiam
813 2443 995 2527 requiritur
1018 2441 1060 2506 ad
1082 2442 1333 2508 continuandam
1349 2443 1521 2528 possessio

339 2587 423 2640 nem,
448 2586 529 2651 quae
553 2589 614 2633 uec
636 2568 842 2650 interrumpi
864 2588 926 2632 nec
948 2567 1111 2651 suspendi
1136 2567 1242 2634 debet.
1268 2567 1351 2632 Heic
1378 2587 1452 2631 cum
1467 2565 1515 2630 lo-

340 2709 477 2774 quamur
503 2691 545 2756 de
568 2691 690 2756 iuribus
714 2696 747 2757 et
770 2691 1028 2778 obligationibus,
1053 2691 1259 2757 advertatur:

431 2814 462 2900 l)
488 2816 564 2879 lura
586 2816 689 2881 realia
712 2821 744 2881 et
766 2817 844 2881 hinc
868 2819 1013 2882 actiones
1046 2816 1152 2881 reales
1176 2819 1356 2900 sequuntur
1378 2834 1433 2879 res
1456 2815 1521 2898 qui·

340 2943 399 3008 bus
422 2945 603 3016 inhaerent,
628 2945 718 3027 quasi
746 2945 933 3009 accessoria
957 2950 990 3010 et
1013 2964 1052 3009 eo
1075 2949 1222 3030 tempore
1238 2941 1516 3028 praescribuntur,

341 3084 403 3148 quo
427 3065 506 3130 istae
529 3085 583 3130 res
606 3065 812 3151 principales,
831 3067 895 3130 nisi
919 3065 994 3148 quid
1019 3065 1158 3149 speciale
1181 3068 1310 3129 cautum
1331 3066 1374 3128 sit
1390 3065 1423 3127 in
1438 3064 1520 3142 iure,

342 3194 376 3253 ut
399 3188 518 3255 factum
543 3193 592 3254 est
614 3210 673 3274 pro
697 3191 823 3254 actione
847 3190 1095 3276 hypothecaria,
1109 3209 1192 3274 quae
1216 3194 1333 3254 contra
1355 3187 1522 3254 debitores

341 3317 472 3400 eiusque
496 3315 635 3382 heredes
658 3337 723 3380 non
746 3316 990 3401 praescribitur,
1007 3317 1067 3381 nisi
1087 3317 1181 3381 annis
1198 3316 1251 3388 40,
1270 3334 1313 3380 ex
1331 3316 1353 3380 l.
1370 3335 1451 3382 curn
1465 3334 1521 3380 no

342 3438 460 3504 tissinn
485 3439 519 3505 C.
545 3439 594 3505 De
613 3440 816 3523 praescript.
842 3439 893 3505 30
917 3440 1042 3505 cel-110
1065 3459 1249 3506 annornm.

430 3559 463 3645 2)
480 3562 634 3628 Actiones
649 3562 836 3646 personales
853 3582 910 3626 seu
926 3561 1138 3647 obligationes
1153 3562 1392 3646 extinguuntur
1408 3561 1453 3627 30
1468 3581 1522 3625 an-

341 3689 400 3762 nis,
413 3707 457 3752 ex
479 3689 500 3753 l.
514 3685 606 3754 Sient
621 3689 658 3753 in
672 3708 756 3754 rem.
773 3689 807 3755 C.
824 3688 874 3754 De
893 3707 1010 3771 praes.
1024 3687 1077 3754 30
1092 3689 1144 3754 vel
1159 3687 1209 3751 40
1223 3707 1292 3759 nn,
1308 3689 1402 3753 iuxta
1417 3685 1518 3751 Snrn-

341 3809 512 3876 inanum:
530 3828 674 3876 ‹omnes
693 3810 842 3876 actiones
863 3827 953 3895 quoe
971 3809 1099 3875 minori
1118 3813 1270 3892 ternpore
1286 3809 1362 3894 (hoc
1377 3809 1522 3874 maxime

341 3957 376 4002 se
400 3938 504 4002 refert
525 3936 566 4002 ad
590 3933 708 4019 reales)
731 3935 777 4022 (2)
800 3955 871 4002 non
895 3937 1069 4008 tolluntur,
1094 3933 1148 4000 30
1171 3935 1273 4000 annis
1296 3935 1465 4001 tolluntur
1487 3955 1520 3997 a.

430 4147 470 4220 (l)
489 4147 529 4202 Of.
550 4147 646 4201 Dunod
663 4147 710 4218 qui
731 4149 772 4202 De
789 4148 1016 4218 praescriptione
1029 4164 1098 4216 opus
1115 4147 1262 4202 adornavit
1274 4145 1522 4213 absolutissimum,

342 4259 371 4310 et
390 4255 429 4310 De
445 4253 521 4308 Luca
539 4255 581 4308 De
600 4257 667 4320 iud,
687 4255 720 4308 D.
740 4255 785 4308 21.

428 4361 466 4431 (2)
486 4361 529 4415 lta
552 4362 626 4416 actio
650 4362 706 4416 doli
730 4363 845 4418 biennio
869 4363 1121 4432 praesentabatur,
1140 4360 1214 4415 actio
1239 4359 1404 4415 iniuriarum
1430 4357 1522 4429 spatio

343 4487 423 4525 unius
442 4487 516 4525 anni.
