3350 5117
663 356 770 405 INDEX
796 356 916 405 Renum

355 625 374 686 5
393 621 418 674 8.
438 623 563 676 Danuui
582 623 675 692 operis
696 623 874 675 nuncicrtiune
894 631 920 675 et
939 621 974 674 dc
992 621 1094 673 damno
1112 622 1225 691 infecto.

199 797 260 852 237.
280 796 350 859 Quid
369 797 526 867 significet,
544 798 678 853 nunciare
697 814 799 854 norum
818 813 902 869 opus,
921 803 971 852 eut
988 814 1074 867 egere
1098 797 1132 852 de
1156 797 1257 851 damno

307 905 411 961 infecto
440 945 1211 961 ..................
1242 921 1309 976 pap.
1327 905 1381 958 273

201 1010 263 1064 238.
282 1009 344 1066 lure
357 1027 416 1064 een.
428 1013 558 1082 apposite
569 1011 693 1066 remedia
706 1010 876 1067 recensenda
889 1014 955 1065 suut
967 1011 1040 1064 inter
1059 1009 1184 1064 actiones
1195 1024 1258 1078 pos·

295 1117 448 1174 sssessorins
487 1155 1256 1173 ..................
1293 1115 1381 1172 »274

201 1221 261 1274 239.
282 1221 352 1282 Quid
370 1222 466 1277 veniat
484 1222 545 1278 iure
564 1240 623 1278 cen.
643 1223 755 1277 nomine
774 1223 838 1278 novi
858 1222 951 1292 operis
982 1260 1256 1274 .......
1294 1221 1383 1277 »275

202 1326 262 1380 240.
282 1325 402 1387 Quinam
420 1329 457 1382 sit
476 1327 591 1381 effectus
609 1326 798 1382 nunciationis
817 1327 882 1380 nori
900 1326 993 1396 operis
1026 1364 1255 1379 ......
1293 1341 1310 1382 a
1342 1327 1383 1381 ibi

202 1431 263 1484 241.
283 1430 353 1492 Quid
372 1432 533 1488 obtineatur
550 1436 613 1501 post
631 1431 829 1486 denunciatum
848 1431 979 1486 damnum
997 1432 1131 1487 infectum
1161 1471 1169 1484 .
1207 1471 1214 1484 .
1250 1470 1257 1483 .
1293 1430 1383 1487 »276

202 1539 263 1590 242.
283 1537 343 1600 Qua
362 1539 471 1593 ratione
490 1538 606 1608 proponi
626 1543 717 1608 potest
735 1537 879 1593 nunciatio
892 1576 1255 1593 .........
1293 1554 1311 1593 »
1343 1538 1383 1591 ibi

202 1643 263 1697 243.
284 1643 426 1705 Quomodo
443 1644 533 1699 averti
552 1645 639 1714 possit
657 1645 786 1699 damnum
805 1645 970 1714 iampridem
991 1644 1103 1699 illatum
1121 1646 1156 1699 ab
1175 1661 1259 1715 opere

310 1752 434 1821 perfecto
447 1791 1256 1807 ...................
1294 1752 1383 1808 »276

456 1917 475 1978 5
494 1911 519 1966 9.
540 1914 581 1968 De
600 1914 714 1968 cumulo
733 1916 875 1967 actionum
890 1914 1131 1983 possessoriarum

570 2029 596 2075 et
611 2021 778 2091 possessorii
797 2039 862 2075 cum
877 2023 1018 2091 petitorio.

203 2179 264 2232 244.
285 2178 344 2233 Nisi
364 2178 468 2250 aliquid
488 2180 590 2244 obstet,
609 2179 767 2234 admittitur
784 2179 914 2234 cumulus
934 2178 1053 2249 plurium
1066 2179 1208 2234 actionum
1230 2178 1259 2231 in

313 2285 481 2354 possessorio
500 2283 550 2366 vel
564 2285 723 2354 possessorii
743 2301 806 2338 cum
825 2284 958 2355 petitorio
985 2323 1214 2338 ......
1247 2301 1312 2353 pap.
1331 2283 1384 2336 277

208 2389 269 2444 245.
289 2391 376 2444 Actor
395 2389 574 2445 subordinate
592 2388 735 2444 cumulare
755 2393 848 2460 potest
868 2389 962 2460 plures
980 2391 1104 2446 actiones
1122 2407 1262 2460 possesso-

329 2497 399 2562 rias3
419 2497 526 2552 directe
544 2511 610 2552 vero
629 2497 767 2552 actionem
789 2497 949 2566 petitoriam
967 2513 1030 2550 cum
1049 2497 1217 2566 possessoris
1253 2537 1259 2550 .
1297 2495 1385 2553 »278

205 2606 265 2660 246.
286 2605 454 2660 Conceditur
473 2621 617 2676 regressus
636 2623 653 2658 a
671 2605 804 2674 petitorio
822 2603 857 2657 ed
876 2604 1073 2674 possessorium
1075 2643 1257 2658 .....
1295 2617 1313 2659 »
1346 2603 1385 2657 ibi

204 2716 265 2768 247.
286 2713 419 2768 cumulus
438 2715 470 2768 dt
488 2715 524 2768 ob
544 2714 583 2767 rei
603 2714 847 2768 reconventionem
867 2713 896 2765 in
914 2713 1082 2780 possessorio
1100 2716 1150 2766 aut
1168 2711 1196 2765 iu
1217 2728 1262 2780 pe·

312 2821 408 2874 titorio
451 2857 1260 2874 ...................
1298 2815 1387 2872 »279

204 2928 265 2982 248.
285 2927 345 2988 Quo
364 2927 461 2981 ordine
480 2943 534 2980 une
555 2925 693 2980 etaltera
712 2941 797 2978 cause
817 2924 1008 2993 cognoscenda
1026 2925 1064 2978 sit
1077 2963 1260 2976 .....
1298 2922 1386 2976 »279

720 3151 817 3206 curun
837 3151 870 3204 11.

231 3306 263 3340 D!
279 3305 425 3340 nenortteus
450 3305 564 3340 Pnoot'rts
583 3305 618 3340 AD
635 3305 714 3340 news
730 3304 776 3338 vet
792 3305 888 3338 nouos
907 3305 1093 3350 humerinos,
1108 3305 1157 3338 VEL
1172 3304 1249 3339 remus
1264 3302 1363 3343 ssQllQS

464 3402 499 3436 Al>
514 3401 679 3441 uouemere
696 3401 860 3436 REDUCENDOS
876 3401 923 3434 VEL
938 3401 1132 3436 RESCINDENDOS·

205 3557 267 3610 249.
286 3556 452 3613 Declaratur
471 3557 544 3611 ratio
562 3561 591 3612 et
609 3558 749 3612 obiectum
770 3557 870 3611 harum
891 3558 1031 3612 actionum
1034 3597 1218 3611 .....
1249 3575 1314 3629 pap.
1334 3559 1389 3612 282

205 3665 267 3718 256.
287 3663 451 3720 Declaratur
470 3669 571 3718 natura
590 3665 708 3719 actionis
728 3663 870 3719 nullitatis
898 3704 1260 3718 .........
1297 3682 1315 3721 »
1347 3666 1386 3720 ibi

206 3769 266 3825 251.
288 3770 395 3825 Dentur
414 3769 530 3840 regulae
545 3785 595 3839 pru
607 3769 777 3826 dimetiendo
795 3770 891 3825 valore
909 3776 1023 3826 actuum
1041 3772 1222 3841 iudicialium,
1234 3777 1264 3827 et

313 3871 378 3926 hinc
397 3873 580 3943 designentur
597 3889 678 3927 casus
702 3878 731 3928 et
757 3873 846 3940 modi,
865 3875 966 3945 quibus
984 3875 1171 3945 interponitur
1188 3876 1264 3930 ectio

314 3979 455 4035 nullitelis
497 4019 1262 4036 ..................
1300 4000 1317 4041 »
1335 3977 1389 4039 283

409 4145 427 4204 5
449 4139 471 4195 l.
490 4141 533 4196 De
550 4142 720 4196 alienatione
738 4145 815 4214 sactu
833 4157 919 4195 causo
936 4143 1064 4197 mutandi
1080 4144 1186 4197 iudicii.

205 4299 267 4354 252.
288 4297 455 4356 Prohibetur
474 4299 608 4356 alienatio
627 4304 686 4355 tum
703 4301 822 4356 actionis
835 4301 982 4368 iudicialis,
995 4305 1055 4357 tum
1069 4301 1110 4357 rei
1123 4301 1264 4372 litigiosae

313 4405 379 4460 dolo
395 4408 470 4461 fecte
491 4445 1214 4465 .................
1250 4427 1316 4478 pap.
1335 4407 1389 4464 286
