3350 5117
327 381 395 448 272
524 393 528 400 '
569 374 573 379 ”
866 403 949 450 runs
973 403 994 450 1.

414 525 491 592 236.
516 527 643 592 Exinde
665 525 755 592 locus
772 546 836 591 nou
854 532 903 591 est
919 527 1101 610 exceptioni
1117 543 1210 609 quam
1236 527 1353 612 passim
1376 529 1505 592 canoni-

326 650 395 710 stas
418 644 580 711 deducunt
602 665 645 710 ex
669 647 721 712 cit.
746 665 815 731 cap.
844 644 951 710 BonIl.
977 646 1071 711 VIII.

305 784 309 797 ’
415 770 478 838 Sed
501 772 556 836 alii
579 791 714 835 numero
737 770 849 856 plures
874 771 994 835 referri
1014 771 1119 836 solent
1133 769 1218 855 apud
1234 771 1429 855 interpretes
1445 790 1504 834 cx-

325 896 509 982 ceptiouum
540 914 650 972 casus:
676 896 722 960 ita
752 895 905 960 Corsetus
940 895 1024 980 apud
1059 892 1351 980 Scbmalzgrueber
1378 893 1424 958 tit.
1449 893 1505 974 12,

325 1020 380 1087 lib.
397 1022 444 1094 II,
461 1041 494 1086 n.
512 1020 564 1091 31.
589 1020 629 1085 ad
652 1022 886 1107 qulnquaginta
909 1022 1023 1089 refert.
1048 1022 1174 1087 Verum
1198 1041 1262 1086 non
1286 1026 1371 1095 suut,
1397 1041 1435 1086 re
1459 1022 1504 1086 in·

324 1146 432 1210 tImius
454 1151 634 1230 perspecta,
651 1164 745 1209 casus
762 1145 972 1229 exceptionis.
991 1143 1101 1209 Veluti
1117 1145 1144 1209 si
1160 1144 1230 1228 quis
1245 1142 1348 1209 libere
1365 1149 1397 1208 et
1412 1163 1506 1229 spon-

300 1343 306 1357 ,
324 1278 420 1338 tanee
442 1272 613 1336 renunciet
635 1271 698 1336 iuri
722 1269 943 1340 restitutionis,
961 1289 1003 1333 ex
1020 1287 1094 1352 cop.
1108 1268 1143 1342 2,
1160 1267 1210 1333 De
1224 1273 1303 1335 rest.
1320 1267 1454 1351 spoliat.
1471 1269 1509 1334 X

324 1399 485 1464 restitutio
510 1418 573 1461 non
597 1397 794 1476 conceditur,
808 1395 865 1461 sed
882 1401 959 1461 tunc
984 1415 1047 1460 nou
1071 1392 1107 1462 tlt
1131 1395 1264 1480 regulae
1280 1396 1429 1480 exceptio
1446 1393 1506 1458 sed

324 1523 439 1610 regula
460 1523 566 1589 Iocum
590 1523 723 1588 habere·
736 1543 802 1588 non
823 1527 939 1608 potest.
957 1523 1092 1608 Inquam
1109 1526 1216 1587 mmeu
1238 1521 1342 1588 iibere
1356 1526 1390 1586 et
1404 1541 1506 1604 spon-

325 1647 526 1732 tanee,qucd
550 1649 611 1713 nisi
634 1646 803 1714 evidenter
826 1648 857 1711 in
883 1645 1027 1730 probatis
1051 1647 1178 1716 existat,
1196 1647 1396 1712 contrarium
1412 1665 1505 1731 prae·

325 1774 470 1852 sumitur,
487 1795 506 1834 ‹
522 1772 604 1856 quio
627 1792 697 1838 non
720 1776 768 1838 est
791 1771 974 1837 verisimile
1005 1771 1097 1855 quod
1127 1775 1246 1854 sponte
1269 1769 1339 1837 iuri
1362 1789 1424 1836 suc
1446 1789 1505 1836 re-

298 1921 300 1924 *
323 1897 545 1967 nunciaverit,
562 1895 622 1980 qui
636 1897 845 1963 renuntiarit
860 1895 1026 1978 spoliatos
1042 1917 1072 1976 »,
1086 1896 1133 1960 uti
1148 1894 1287 1979 disponit
1302 1915 1377 1980 cop.
1393 1895 1420 1960 2
1436 1896 1503 1968 cit..

323 2041 424 2108 agens
446 2021 486 2086 de
509 2023 717 2088 restitutIone
739 2019 898 2090 iacienda,
924 2021 983 2084 etsi
1007 2019 1158 2103 spoliatus
1175 2021 1369 2086 restitutioni
1386 2039 1506 2085 renun-

323 2146 461 2212 ciaverit
484 2143 540 2229 (Ι).
565 2179 608 2193 -
633 2143 713 2207 Item
738 2141 777 2205 de
801 2140 924 2207 iuribus
948 2141 1244 2222 matrimonialibus,
1262 2141 1302 2206 de
1324 2142 1396 2208 aliis
1420 2143 1503 2208 iuri·

322 2266 382 2332 bus
402 2265 620 2351 spIrituatibus
636 2271 669 2330 et
685 2264 841 2330 similibus
857 2283 922 2328 nou
939 2261 974 2328 tit
989 2262 1159 2348 aliquando
1182 2264 1272 2329 Iocus
1297 2266 1504 2338 restitutioni,

324 2393 399 2476 quia
428 2393 621 2460 restitutioni
649 2391 762 2476 (quasi
791 2391 1013 2473 possessionis
1042 2388 1140 2476 iuris)
1166 2391 1287 2454 resistit
1318 2390 1367 2454 ius
1396 2391 1504 2474 potius

322 2535 374 2580 ex.
393 2535 444 2600 gr.
455 2514 650 2596 periculum
673 2513 820 2592 animae,
835 2511 1050 2592 scandalum,
1067 2511 1233 2576 murnum
1257 2509 1501 2594 irreparabile,

322 2637 420 2704 atiud
439 2637 692 2720 praeiudicium
716 2637 794 2703 boni
812 2635 943 2720 publici
965 2634 1121 2720 prorius·
1144 2634 1199 2700 sed
1223 2637 1306 2700 haec
1322 2639 1504 2702 communis

323 2768 372 2830 est
394 2764 509 2848 regula
532 2764 565 2827 in
589 2762 711 2826 iuribus
734 2781 769 2826 se
794 2759 1019 2848 colIIdentibus
1043 2759 1288 2845 perpendendis,
1303 2767 1337 2826 ut
1360 2763 1422 2826 iuri
1446 2764 1506 2826 mi·

321 2888 405 2957 nori,
423 2888 541 2952 ceteris
564 2886 704 2971 paribus,
729 2884 919 2970 praevaleat
943 2884 991 2946 ius
1016 2883 1136 2968 potins;
1161 2887 1194 2946 et
1217 2881 1313 2948 iudici
1329 2903 1409 2968 pree
1426 2885 1504 2951 iure

319 3008 464 3094 positivo
487 3012 537 3074 ius
559 3008 891 3074 naturate-diuinum
915 3005 1139 3092 applicandum
1168 3007 1217 3071 sit.
1243 3005 1414 3073 Caeterum
1447 3009 1496 3072 iu-

321 3135 416 3206 rium,
439 3135 613 3219 praecipue
643 3131 860 3218 personalium
893 3136 927 3196 et
955 3131 1178 3216 spiritualium.
1204 3129 1342 3197 babetur
1370 3131 1502 3216 impro-

317 3257 401 3340 prio
424 3259 581 3343 possessio
604 3277 661 3322 seu
684 3255 976 3341 quasi-possessio,
1002 3253 1085 3320 unde
1109 3256 1142 3319 Iu
1166 3254 1216 3320 hIs
1239 3256 1411 3322 Interdicta
1434 3277 1503 3323 uon

321 3382 443 3448 habent
465 3385 629 3450 directam
659 3382 717 3448 sed
747 3382 864 3447 utitem
896 3375 1152 3466 applicati0nem‚
1177 3401 1293 3466 nempe
1320 3402 1504 3468 congruen-

320 3510 387 3569 tem
417 3503 534 3569 horum
558 3505 674 3569 iurium
699 3523 727 3586 q.
752 3503 966 3586 possessioni.
992 3503 1035 3568 Et
1065 3503 1127 3569 hoc
1155 3523 1318 3587 nunquam
1346 3503 1503 3570 excidere

321 3625 416 3692 debet
440 3626 496 3711 (2).

410 3876 450 3946 (I)
463 3875 554 3937 Quare
567 3874 619 3929 boc
631 3879 715 3944 caput
731 3881 774 3930 est
787 3875 920 3930 solemnis
939 3876 1114 3930 confirmabo
1128 3874 1242 3945 regulae
1255 3889 1272 3929 s
1286 3875 1424 3946 spoliatus
1436 3886 1505 3932 ante

321 3985 414 4036 omitia
432 3983 620 4036 restituendus
640 3992 679 4036 est
692 4001 716 4037 r.
738 3981 903 4036 Decernitur
922 3983 996 4036 euim
1016 3982 1203 4036 restituendus
1215 3983 1243 4035 iu
1258 3983 1395 4038 beneficio
1413 3984 1502 4038 etiam

321 4089 369 4160 qui
387 4089 524 4144 beneficio
549 4060 723 4141 renunciavit
747 4088 892 4156 spoliatus,
912 4088 978 4158 quis
996 4103 1050 4141 nou
1071 4087 1158 4143 libere
1183 4089 1369 4157 praesumitur
1395 4105 1502 4142 renun-

320 4192 416 4246 ciasse.
436 4191 486 4244 Est
504 4190 648 4260 dispositIo
666 4189 812 4243 admodum
831 4190 1001 4244 attendenda
1020 4206 1070 4259 pro
1088 4191 1176 4260 praxi,
1196 4208 1245 4246 seu
1272 4191 1300 4244 iu
1325 4191 1503 4262 qiraestioni-

320 4297 373 4350 bus
390 4295 608 4350 redundationis
627 4295 717 4348 tactae
735 4297 786 4349 sub
803 4305 889 4348 nictu.

409 4404 449 4472 (2)
468 4402 508 4457 ct.
528 4403 653 4472 Ruggeri
672 4421 715 4472 op.
736 4407 817 4467 cies
841 4405 907 4456 750
924 4419 980 4474 seq.
1000 4403 1079 4458 docte
1098 4408 1127 4459 et
1144 4405 1276 4474 profunde
1290 4404 1504 4478 explicatque·

320 4509 401 4566 modo
414 4509 532 4564 Romani
548 4510 619 4563 mira
636 4510 742 4579 ingenii
763 4511 961 4580 perspicuitate
985 4511 1126 4566 ordinaria
1149 4512 1299 4566 interdicta
1323 4513 1433 4568 utiliter
1452 4530 1504 4582 sp,
