3350 5117
281 330 347 397 324
807 356 892 404 raas
916 355 939 401 r.

288 477 455 566 sessione?
477 474 587 544 Debet
601 477 751 566 distingui
774 480 862 547 inter
882 480 1012 548 dubium
1033 482 1118 566 quod
1140 483 1245 550 oritur
1264 483 1381 569 inipso
1396 503 1471 570 pos·

291 601 443 668 sessionis
462 601 596 668 exordio
620 607 652 668 et
681 603 810 669 dubium
833 609 949 686 ortum,
973 611 1127 671 currente
1149 608 1359 692 possessionis
1380 613 1467 675 tem-

286 749 377 815 pore.
402 731 481 797 Cum
505 729 568 796 hoc
592 731 732 798 secundo
756 731 852 797 dubio
874 735 945 816 quis
967 739 1114 820 coeptam
1136 737 1370 820 possessionem
1387 753 1494 801 con-1

290 855 426 921 tinuore
456 859 571 941 potest.
604 855 737 922 Interim
768 861 877 921 tamen
907 857 1082 943 diligenter
1106 859 1256 942 inquirat,
1280 879 1324 923 an
1347 877 1401 924 res
1423 860 1471 922 sit

283 997 364 1045 rere
388 980 504 1045 aliena.
529 979 600 1055 Qua
630 987 763 1067 peracta
793 981 905 1048 solerti
929 985 1183 1070 investigatione,
1201 983 1333 1050 dubium
1355 984 1465 1050 adhuc

286 1105 313 1169 si
337 1109 537 1192 perseveret,
570 1125 734 1190 possessor
765 1104 890 1170 cumb.
915 1107 937 1170 i.
961 1108 1167 1192 prosequitur
1188 1107 1362 1191 possidere,
1386 1108 1467 1190 quia

282 1227 355 1294 «irs
378 1227 490 1294 dubiis
512 1229 633 1294 melior
657 1234 705 1294 est
727 1229 873 1295 coactitio
892 1231 1145 1314 possidentes»,
1168 1231 1245 1296 item
1268 1250 1338 1316 arg.
1362 1251 1391 1298 c.
1406 1231 1466 1296 20

276 1355 308 1418 h.
333 1359 354 1420 t.
379 1353 414 1416 X
434 1359 467 1418 et
489 1373 560 1418 can.
581 1352 685 1440 Virqo
702 1373 793 1420 caus.
811 1352 869 1428 311,
894 1373 926 1438 q.
943 1355 974 1420 1.

368 1477 448 1544 Cum
472 1476 566 1542 dubio
583 1485 690 1543 autem
716 1479 872 1563 possessio
889 1479 1046 1546 inchoari
1069 1499 1136 1546 non
1151 1485 1264 1565 potest,
1278 1481 1352 1564 quia
1367 1483 1461 1566 priu-

278 1603 396 1686 cipium
419 1602 458 1667 in
487 1601 599 1668 dubiis
628 1603 822 1670 meliorest
851 1604 998 1671 conditio
1021 1605 1236 1686 possidentis,
1260 1610 1338 1671 tunc
1367 1605 1460 1671 favet

277 1725 332 1790 alii
355 1726 537 1812 possessori·
558 1731 671 1792 contra
693 1727 857 1791 volentem
879 1726 939 1792 sibi
962 1729 1196 1812 possessiouem
1219 1747 1387 1814 arrogare.

364 1850 441 1916 292.
469 1850 548 1942 Qum
572 1849 660 1916 botta
676 1851 760 1936 fides
776 1853 964 1933 requiratur
985 1855 1052 1915 toto
1067 1857 1213 1935 ternpore
1235 1853 1460 1936 possessionis,

277 1975 505 2072 inquirendum
529 1981 579 2042 est
602 1977 675 2061 quid
699 1977 902 2044 constituerit
928 1977 978 2042 ius
1000 1977 1170 2061 positivum
1186 1976 1288 2074 quoad
1302 1975 1384 2054 illos,
1401 1980 1457 2060 qui

272 2098 359 2162 inter
386 2117 421 2162 se
452 2097 629 2164 succedunt
652 2100 685 2163 in
708 2119 819 2164 rerum
843 2101 1095 2186 possessionem;
1119 2101 1164 2164 ita
1186 2071 1285 2164 heres
1301 2098 1460 2164 ‚succedit

272 2223 306 2286 in
329 2225 565 2306 possessionem
583 2243 694 2288 rerum
709 2227 853 2290 auctoris
875 2225 935 2297 sui,
951 2231 1077 2310 emptor
1099 2225 1133 2289 in
1155 2225 1388 2310 possessionem
1403 2227 1454 2288 rei

271 2351 409 2432 emptae,
428 2348 569 2412 clericus
593 2348 625 2410 in
641 2349 875 2432 possessionem
898 2347 1062 2424 beneficii;
1087 2353 1121 2413 et
1134 2349 1302 2432 quaeritur
1323 2368 1367 2412 an
1384 2369 1457 2414 suc—

270 2491 421 2538 cessores
444 2473 485 2537 ad
509 2472 729 2558 complendam
753 2475 1040 2559 praescriptionem
1064 2474 1187 2558 possint
1210 2472 1452 2539 invocarent.

269 2599 496 2679 antecessoris,
509 2598 562 2663 vel
586 2600 682 2662 etiam
705 2598 775 2662 eius
797 2597 882 2661 mala
905 2595 984 2662 fides
1000 2598 1047 2661 eis
1069 2603 1193 2662 noceat.
1211 2598 1266 2663 Ius
1280 2598 1454 2682 positivum

268 2739 351 2784 rom.
375 2740 396 2785 a
420 2721 492 2785 iure
516 2741 586 2786 can.
611 2725 812 2805 acceptatum
836 2722 964 2785 statuit:

361 2844 394 2928 l)
419 2843 631 2910 Successores
647 2844 846 2909 universales
870 2863 927 2908 seu
950 2842 1098 2924 heredes,
1123 2841 1264 2908 defuncti
1282 2843 1452 2909 iuridicant

267 2990 440 3055 personam
464 2972 648 3036 necessario
673 2989 801 3054 gerere,
815 2991 858 3034 ex
880 2990 953 3056 req.
971 2970 1018 3034 46
1032 2971 1099 3035 iar.
1117 2970 1155 3035 irc
1178 2971 1218 3035 6:
1244 2991 1263 3033 ‹
1279 2971 1316 3036 Is
1337 2972 1450 3056 quiin

266 3093 321 3159 ius
345 3093 494 3159 succedit
517 3093 658 3160 atterius
681 3112 719 3159 eo
743 3092 819 3158 iure
842 3112 909 3177 quo
933 3092 990 3158 itte
1012 3093 1063 3156 uti
1085 3091 1181 3158 debet
1204 3113 1234 3166 s,
1258 3098 1293 3158 et
1313 3093 1392 3159 hinc
1416 3095 1450 3158 iu

265 3239 302 3284 se
316 3220 361 3283 ita
376 3220 568 3286 continuare
582 3219 817 3304 possessionem
834 3219 1050 3284 antecessoris
1073 3223 1106 3283 et
1124 3220 1193 3283 eius
1215 3238 1397 3304 personam,
1412 3227 1450 3288 ut

265 3346 335 3408 eius
359 3343 389 3408 b.
402 3343 425 3407 f.
451 3345 556 3428 prosit
570 3344 759 3423 successori,
773 3341 942 3407 dummodo
958 3340 1013 3406 hic
1036 3361 1101 3445 non
1124 3342 1215 3408 sitin
1236 3361 1278 3406 m.
1303 3341 1338 3418 i.;
1354 3362 1452 3408 secus

265 3468 393 3534 deesset
414 3469 445 3534 b.
469 3468 492 3534 f.
518 3470 550 3532 in
574 3473 641 3532 toto
664 3469 818 3552 temporis
842 3467 981 3532 decursu
1004 3469 1189 3533 necessaria
1218 3467 1260 3532 ad
1282 3471 1450 3552 praescri-

264 3591 414 3658 bendum.
431 3629 477 3639 -
493 3589 621 3658 Exinde
637 3613 677 3656 m.
695 3589 773 3656 fides
790 3592 1008 3656 antecessoris
1023 3595 1128 3663 nocet,
1146 3592 1206 3656 etsi
1222 3611 1393 3657 successor
1407 3593 1451 3657 sit

263 3720 297 3783 in
320 3718 352 3784 b.
369 3719 392 3784 f.
410 3755 454 3769 -
471 3719 625 3789 Adverte,
644 3737 702 3782 nos
726 3717 779 3782 hic
795 3717 883 3800 loqui
908 3716 948 3782 de
970 3716 1097 3782 herede
1110 3717 1326 3800 immediato;
1347 3717 1452 3782 heres

263 3843 350 3906 euim
374 3841 544 3908 medietas
568 3860 625 3906 seu
648 3840 745 3904 heres
769 3838 900 3905 heredis
915 3843 1020 3924 potest
1042 3858 1112 3904 rem
1134 3838 1360 3922 praescribere
1375 3837 1444 3904 nt.

263 3985 445 4051 possessam
468 3983 488 4028 a
511 3985 570 4030 suo
593 3969 736 4038 auctore,
761 3965 814 4048 qui
838 3963 868 4028 b.
893 3963 916 4028 f.
941 3962 1107 4049 possidens
1129 3982 1194 4028 non
1224 3966 1354 4048 poterat
1375 3963 1448 4049 ipse

261 4109 322 4155 usu
346 4107 465 4174 capere
488 4088 528 4152 ob
551 4108 594 4152 m.
611 4087 634 4152 i.
658 4090 706 4152 sui
730 4088 902 4152 testatoris,

373 4213 409 4297 2)
426 4213 638 4280 Successores
656 4212 898 4296 particulares,
913 4213 1014 4277 veluti
1026 4212 1227 4298 singularum
1243 4233 1354 4280 rerum
1378 4232 1446 4278 em·

262 4345 383 4424 ptores,
396 4341 514 4425 quippe
538 4339 680 4423 quinon
704 4341 823 4422 gerunt
852 4338 1066 4404 antecessoris
1092 4355 1273 4423 personam,
1297 4343 1444 4423 possunt,

261 4483 305 4528 ex
329 4460 485 4527 beneficio
500 4461 592 4548 legis,
617 4459 682 4525 frui
707 4460 893 4526 accessione
909 4461 1117 4546 possessionis
1131 4463 1301 4526 anteactae
1322 4461 1358 4526 in
1372 4458 1403 4527 b.
1415 4459 1442 4524 f.
