3350 5117
316 305 382 378 310
853 324 935 378 rans
959 325 981 376 1.

315 461 459 550 possunt,
475 455 578 557 quoad
601 460 692 521 actus
708 457 777 521 sive
794 458 865 520 lure
880 456 988 520 divino
1003 457 1075 523 sive
1094 455 1210 524 eccles.
1226 476 1292 522 non
1307 454 1491 522 rescindihi-

315 578 373 650 les,
387 577 497 661 quales
514 580 589 641 sunt
611 575 787 642 uinculum
801 577 1053 643 matrimoniale
1076 584 1109 642 et
1119 576 1290 660 professio
1313 577 1491 662 reliqioso;

316 706 355 769 de
379 706 448 770 istis
471 704 657 789 proceditur
679 705 898 770 tantummodo
921 703 961 770 ad
986 703 1213 770 declarandam
1236 703 1425 771 nullitatem.

394 811 491 894 Iud.
516 830 549 892 in
579 827 665 894 Sess.
689 829 748 903 25,
777 829 823 895 De
849 831 1013 915 reputor,
1039 848 1114 913 cup.
1131 831 1182 901 19.
1207 829 1258 896 De
1275 830 1492 914 professione

316 955 485 1041 retr'qiosu,
516 957 634 1034 statuit,
663 955 857 1040 allegantem
889 975 1017 1022 causam
1049 957 1158 1021 nullae
1191 956 1399 1041 professionis
1424 977 1491 1020 non

316 1079 429 1162 audIri,
449 1081 547 1146 «nisi
564 1082 657 1147 iutra
673 1082 946 1166 quinquennium
962 1089 1093 1148 tantum
1117 1102 1140 1147 a
1155 1083 1211 1149 die
1221 1083 1448 1166 professionis
1460 1106 1491 1146 a.

317 1203 457 1270 Attentis
480 1203 659 1269 Tridentini
680 1203 799 1286 verbis,
817 1205 905 1272 actio
927 1205 1094 1272 nullitotis
1116 1204 1238 1270 admitti
1260 1225 1324 1269 non
1348 1203 1492 1273 deberet,

317 1326 424 1411 elapso
448 1326 674 1409 quinquennio,
696 1327 769 1410 quia
793 1325 975 1394 decretoria
998 1327 1061 1392 hoc
1084 1332 1210 1413 tempus
1243 1347 1307 1393 nou
1329 1327 1412 1391 utile
1435 1327 1493 1391 sed

317 1453 514 1518 continuum
538 1453 697 1524 statuitur,
730 1471 789 1517 seu
820 1453 903 1537 quod
928 1457 1032 1518 currit
1054 1456 1150 1518 etiam
1175 1452 1325 1537 impedito
1348 1453 1494 1537 legitima

313 1579 356 1644 de
380 1599 485 1644 causa.
511 1579 559 1644 Re
590 1577 716 1663 quidem
748 1599 828 1644 vera
860 1581 958 1665 Greg.
984 1580 1067 1646 XIII
1092 1580 1138 1643 ita
1174 1580 1298 1643 servari
1331 1580 1491 1662 praescri-

317 1705 388 1788 psit,
411 1703 542 1768 decreto
565 1703 589 1768 5
612 1703 730 1768 martii
753 1703 854 1776 1598,
872 1706 961 1769 cuius
984 1709 1147 1789 postrema
1171 1702 1272 1768 verba
1295 1703 1376 1767 haec
1399 1689 1491 1768 sunt:

318 1844 337 1886 ‹
362 1843 466 1890 ...eo
491 1795 733 1908 (qulnquenniol
757 1826 871 1907 elapso
895 1843 965 1890 uon
988 1842 1058 1890 esse
1081 1823 1280 1897 audiendos,
1293 1824 1424 1889 mmetu
1440 1826 1494 1888 al-

317 1951 469 2035 leqareut
491 1948 560 2012 uim
583 1953 615 2014 et
637 1953 764 2014 metum
787 1968 923 2032 semper
945 1950 1089 2015 durasse
1105 1937 1136 2013 »ζ
1163 1950 1281 2014 Postea
1303 1954 1410 2013 tamen
1426 1951 1495 2014 ino-

197 2065 202 2076 ’
316 2075 395 2141 levit
417 2076 611 2141 consuetudo
634 2073 821 2140 admittendi
845 2079 960 2140 contra
983 2076 1106 2162 lapsum
1130 2077 1336 2159 quinquennii
1360 2077 1493 2141 restitu-

316 2204 437 2266 tionem'
450 2201 483 2264 in
501 2201 661 2284 iutegrnm
679 2198 917 2265 concedendam
936 2202 1130 2284 privativae
1145 2199 1265 2266 Sancta
1280 2199 1379 2275 Sede;
1396 2221 1493 2283 quam

317 2326 443 2409 praxim
467 2323 572 2387 innuli
595 2327 628 2388 et
651 2320 820 2387 confirmat
844 2322 962 2388 Bened.
976 2323 1061 2388 XIV
1077 2324 1109 2386 in
1134 2323 1229 2388 Bulla
1243 2321 1282 2388 st
1303 2324 1422 2389 datam
1438 2324 1494 2388 lm-

317 2445 478 2516 minibus,
503 2444 692 2517 decernens,
717 2449 752 2509 nt
775 2445 884 2530 petitio
909 2444 1046 2511 Sanctae
1070 2444 1144 2510 Sedi
1167 2445 1291 2510 disecta
1306 2446 1494 2511 remittatur

317 2567 480 2635 ordinario
504 2570 567 2634 loci
591 2576 624 2635 et
647 2569 811 2655 Superiori
838 2569 993 2654 Regulari
1024 2572 1163 2636 oratoris
1195 2571 1429 2636 restitutmnem
1458 2572 1493 2634 iu

316 2695 477 2780 integrum
502 2694 648 2779 petentis,
667 2699 701 2758 ut
721 2698 856 2790 uterque
879 2694 1044 2778 praelatus
1071 2693 1110 2758 de
1134 2694 1196 2758 hac
1220 2695 1373 2761 instantia
1395 2691 1494 2758 conli-

316 2821 380 2884 ciat
402 2839 586 2905 processum
612 2839 651 2882 ea
674 2817 833 2891 methodo,
859 2838 941 2902 quae
964 2818 1135 2885 adhibetur
1159 2820 1192 2882 in
1221 2839 1372 2904 processu
1400 2817 1494 2883 nulli-

315 2943 389 3008 tatis
413 2943 621 3029 professionis
645 2943 825 3028 religiosae.
851 2944 930 3009 Dein
955 2963 1124 3029 processus
1146 2948 1220 3009 acta
1242 2943 1283 3008 ad
1306 2945 1491 3029 Congrege-

315 3071 434 3134 tionem
459 3069 527 3133 EE.
552 3073 585 3134 et
608 3069 678 3133 RR.
704 3087 785 3152 quae
808 3067 904 3133 hodie
927 3067 967 3134 de
994 3068 1084 3134 hisce
1109 3071 1212 3134 causis
1235 3071 1409 3155 cognoscit,
1434 3089 1488 3133 re-

316 3193 491 3272 mittantur,
509 3195 541 3256 et
556 3190 667 3256 eadem
684 3191 833 3256 methodo
850 3193 965 3256 lterum
985 3191 1215 3258 instaurandus
1237 3197 1287 3257 est
1309 3211 1491 3277 processus,

315 3318 369 3399 qui
400 3313 603 3381 concluditur
636 3314 843 3381 concedendo
874 3316 927 3380 vel
950 3314 1098 3401 negando
1127 3317 1360 3383 restitutionem
1384 3318 1417 3380 in
1440 3319 1491 3381 in-

314 3447 441 3526 tegrum
465 3439 621 3506 adversus
645 3440 767 3525 lapsum
792 3440 1010 3525 quinquennii.
1034 3475 1078 3488 -
1104 3441 1244 3505 Proinde
1274 3441 1433 3505 restitutio
1457 3441 1491 3503 in

314 3569 476 3652 integrum
507 3565 601 3631 datur
633 3565 734 3630 solum
765 3572 881 3631 contra
908 3566 1032 3651 lapsum
1055 3569 1220 3652 temporis,
1240 3585 1305 3630 non
1336 3566 1492 3632 adversus

315 3691 546 3777 professionem
570 3693 764 3779 religiosam,
782 3711 864 3776 quae
888 3693 977 3757 nulla
999 3691 1215 3758 demonstrari
1231 3691 1335 3767 debet,
1352 3695 1398 3758 uti
1422 3713 1492 3778 pas-

314 3817 373 3879 sim
396 3813 570 3881 advertunt
592 3816 790 3881 canonistas.

404 3941 556 4006 Attamen
579 3960 621 4004 ne
651 3942 684 4005 in
713 3941 774 4006 hac
805 3961 843 4006 re
874 3940 929 4006 liat
959 3942 1191 4026 aequivocatio,
1214 3941 1404 4007 advertatur
1428 3940 1492 4006 dici

315 4080 416 4144 posse,
442 4060 580 4145 aliquem
597 4062 721 4126 restitui
745 4063 778 4126 in
796 4062 957 4147 integrum
981 4067 1097 4127 contra
1115 4062 1347 4147 professIonem
1364 4063 1492 4149 religio

313 4203 390 4257 sam,
416 4184 490 4268 quia
521 4183 560 4248 ob
590 4187 738 4250 emissam
770 4186 1012 4271 professionem,
1037 4189 1098 4252 etsi
1120 4185 1303 4268 Invalidam,
1328 4186 1492 4271 regularis

313 4308 477 4395 professus
504 4308 577 4394 lege
600 4309 688 4375 Trid.
713 4312 733 4375 l.
759 4331 786 4376 e.
812 4309 973 4396 obligatur
1003 4310 1043 4375 ad
1075 4314 1182 4376 omnia
1209 4312 1371 4377 servanda
1402 4331 1443 4376 ac
1466 4313 1493 4377 si

312 4433 469 4518 professi0
493 4433 600 4498 valirla
622 4436 673 4516 sit,
697 4433 800 4500 donec
824 4433 965 4499 invalida
988 4455 1052 4499 non
1075 4435 1279 4512 declaretur,
1295 4456 1378 4521 qnae
1394 4438 1423 4502 si
1439 4437 1494 4502 de
