3350 5117
506 339 550 386 οε
575 339 712 388 runicus
737 339 1001 387 nccnnsrnsrrcrs
1277 320 1346 387 339

161 463 310 528 nonnulli
333 469 501 529 autumant
530 464 573 530 ibi
596 462 741 548 partibus
772 460 844 529 fleri
871 468 1090 548 praeceptum,
1111 482 1154 528 ne
1175 463 1267 529 litem
1291 463 1342 528 in·
1451 502 1454 505 -

161 589 312 654 choatam
335 590 486 674 prosequi
510 594 541 653 et
557 589 733 654 terminare
756 582 917 668 differant,
931 593 965 654 et
987 586 1062 652 inde
1084 589 1200 673 perimi
1224 588 1344 653 instan-

159 713 291 784 tiamsi
306 711 427 776 biennii
441 715 497 777 aut
512 711 643 777 triennii
660 711 771 794 spatie,
786 712 976 797 respective,
994 711 1260 796 interrumpatur.
1275 712 1342 778 Alii

162 857 244 901 vero
260 838 442 922 opinantur,
459 835 561 901 verba
576 837 657 922 legis
680 836 798 920 alloqui
815 834 938 902 iudices
953 845 987 903 et
1006 857 1061 902 eos
1077 836 1189 902 iubere
1205 841 1241 904 ut
1256 839 1345 902 intra

162 971 317 1030 statutum
333 969 458 1050 tempus
474 962 637 1028 iudiciales
654 963 822 1028 instantias
836 962 1015 1030 absolvant.
1030 964 1072 1028 Et
1088 963 1171 1028 haec
1183 963 1344 1048 iuterpre-

163 1091 244 1156 tatio
268 1092 318 1154 est
338 1088 437 1174 longe
466 1088 586 1169 verior,
606 1088 762 1172 siquidem
785 1087 867 1174 legis
894 1093 1066 1155 contextus
1097 1089 1182 1154 hanc
1213 1093 1345 1173 postre-

165 1233 251 1280 mam
275 1213 467 1279 sententiam
491 1211 610 1277 diserte
627 1211 788 1296 exprimit.
806 1247 851 1257 -
868 1211 958 1276 Unde
973 1216 1061 1296 patet
1076 1232 1275 1299 magnopere
1290 1215 1349 1279 dis-

167 1340 259 1402 ierre
282 1339 417 1403 actionis
440 1337 727 1422 praescriptionem
751 1335 790 1399 ab
815 1336 987 1401 instantiae
1014 1339 1243 1423 peremptione.
1270 1360 1348 1424 quo-

166 1483 306 1548 cumque
336 1461 430 1528 modo
461 1458 630 1531 Iustiniani
662 1461 852 1528 constitutio
883 1461 1092 1546 intelligatur.
1117 1464 1155 1527 In
1188 1464 1351 1530 instantiis

168 1589 254 1650 enim
286 1583 480 1671 perimendis
510 1603 574 1648 uon
604 1583 781 1652 attenditur
803 1581 832 1647 b.
858 1583 891 1656 f.
913 1602 994 1666 quae
1025 1589 1074 1650 est
1101 1584 1346 1651 fundamentum

171 1710 442 1796 praescriptionis
460 1706 516 1773 sed
532 1728 552 1772 a
575 1709 645 1772 iure
669 1708 804 1793 positivo
819 1709 1037 1791 praesumitur
1052 1709 1117 1774 litis
1133 1713 1346 1785 renunciatio,

168 1835 197 1898 si
219 1835 277 1898 lex
300 1834 344 1898 ita
368 1831 576 1916 concipiatur,
600 1837 635 1896 ut
658 1831 835 1915 praecipiat
858 1833 1026 1900 instantias
1049 1833 1161 1899 haberi
1189 1833 1345 1918 desertas,

171 1981 244 2024 cnm
267 1959 431 2044 litigantes
455 1962 544 2022 certo
568 1962 712 2041 tempore
738 1955 867 2021 easdem
889 1959 1040 2047 prosequi
1064 1961 1289 2026 intermittant.
1318 1961 1352 2028 Si

171 2090 280 2150 autem
309 2085 366 2148 lex
396 2103 456 2169 per
483 2083 753 2166 peremptorium
782 2084 958 2148 terminum
989 2083 1112 2150 actibus
1150 2085 1356 2152 iudicialibus

176 2210 392 2287 constitutum,
418 2207 562 2271 intendat
585 2205 705 2271 iudices
728 2206 925 2290 compellere
956 2207 997 2272 ad
1019 2208 1094 2273 lites
1125 2208 1265 2276 celerius
1288 2218 1354 2277 ter-

175 2333 352 2404 minandas,
376 2339 454 2396 tunc
477 2329 615 2394 habetur
637 2330 719 2415 legis
743 2332 861 2394 iussum
884 2351 904 2394 a
928 2330 1082 2397 iudicibus
1098 2353 1141 2397 ex
1156 2333 1265 2417 officio
1289 2355 1352 2402 uo·

174 2456 232 2524 biti
263 2455 435 2540 diligenter
465 2451 719 2538 adimplendum
744 2453 800 2518 sed
831 2454 966 2519 instituti
992 2455 1277 2537 praescriptionis
1313 2477 1356 2521 ne

176 2579 348 2664 vestigium
372 2576 498 2660 quidem
522 2575 669 2640 habetur.

266 2702 343 2766 311.
368 2701 422 2766 lus
446 2719 516 2765 can.
540 2699 603 2763 hac
627 2699 659 2763 in
683 2705 819 2784 parte-a
842 2698 929 2763 civili
954 2699 1173 2765 Romanorum
1197 2702 1270 2766 iure
1294 2701 1357 2766 dis·

175 2829 270 2893 sidet.
295 2826 457 2910 Siquidem
480 2827 512 2889 in
537 2843 610 2908 cap.
634 2825 696 2906 20,
720 2825 770 2890 De
793 2824 875 2897 iud..
892 2826 927 2888 X
948 2823 1004 2910 (ll,
1023 2826 1061 2907 Ι),
1084 2825 1272 2893 decernitur
1292 2849 1358 2894 non

175 2949 398 3018 observandos
427 2969 497 3014 esse
520 2950 676 3015 terminos
706 2949 931 3012 instantiarum
959 2953 1194 3035 peremptorios
1216 2971 1237 3016 a
1261 2954 1359 3018 lusti-

180 3077 276 3140 niano
300 3078 434 3140 statutos
458 3073 491 3136 in
514 3073 587 3158 lege
610 3071 886 3154 Proponendum.
912 3072 1007 3137 Ratio
1031 3075 1190 3159 repetitur
1206 3095 1250 3139 ex
1265 3075 1359 3140 frau-

177 3198 271 3263 dibus
295 3201 328 3262 et
352 3195 614 3268 cavillationibus,
636 3193 749 3278 quibus
771 3193 912 3260 faciliter
943 3195 1181 3282 prorogabatur
1207 3199 1361 3264 instantia

271 3389 312 3460 (l)
330 3389 391 3443 lure
410 3403 478 3441 rom.
497 3392 562 3442 ante
587 3386 678 3456 legem
704 3387 900 3442 iustiniaueem
919 3416 933 3428 ·
953 3389 1169 3460 Properuudum
1188 3418 1201 3430 -
1221 3389 1363 3445 habentur

178 3501 351 3553 coristitutae
370 3497 574 3567 peremptiones
593 3496 797 3549 instantiarum.
825 3495 896 3549 Nam
917 3496 1020 3550 iudicia
1038 3513 1055 3550 a
1073 3497 1285 3566 magistratibus
1304 3499 1364 3567 agi-

183 3612 242 3659 tata
262 3608 342 3660 extra
360 3603 464 3658 Urbem
478 3601 709 3671 intelligebantur
723 3605 874 3672 perempta,
887 3602 997 3671 quando
1015 3603 1101 3670 ipsius
1120 3603 1302 3672 magistratus
1317 3622 1364 3658 ex·

183 3712 294 3780 pirabat
313 3709 464 3762 auctoritas
489 3725 537 3762 seu
562 3709 728 3778 imperium
748 3708 788 3760 ait
812 3707 898 3761 Gaius
925 3708 975 3775 IV,
994 3713 1012 3772 5
1033 3709 1092 3760 105
1099 3728 1108 3761 :
1133 3727 1149 3760 ‹
1169 3711 1234 3778 quia
1255 3712 1365 3764 tenedus

182 3817 279 3870 anteiit
298 3815 470 3882 (instantiae)
491 3816 623 3884 quamdiu
642 3816 665 3867 is
685 3816 731 3884 qui
750 3832 781 3867 ea
797 3818 943 3884 praecepit
962 3816 1113 3884 imperium
1130 3817 1239 3870 iubebit
1257 3832 1283 3871 u.
1300 3815 1367 3870 Alia

182 3924 288 3978 iudicia
315 3923 419 3976 Romae
444 3923 551 3992 agitata
576 3923 650 3977 inter
674 3923 748 3976 cives
775 3938 902 3975 romanos
927 3922 1090 3977 dicebantur
1107 3925 1213 3977 iudicia
1240 3919 1381 3993 lepita'mu'

182 4029 292 4099 (cetera
310 4027 384 4082 enim
402 4028 634 4097 nuncupabantur
652 4025 769 4098 itiperio
784 4027 962 4097 conductitia)
976 4031 1005 4081 et
1025 4045 1074 4097 per
1092 4029 1183 4098 legem
1203 4029 1309 4083 Iuliam
1323 4034 1366 4082 iu-

185 4137 334 4191 diciariam
353 4135 560 4204 perimebantur
578 4133 657 4204 lapsu
676 4134 771 4190 decem
790 4139 819 4189 et
838 4141 903 4190 octo
921 4137 1071 4204 mensium3
1091 4139 1132 4191 ait
1152 4140 1200 4192 teu
1218 4140 1268 4205 23,
1280 4143 1310 4210 ff.
1326 4140 1367 4192 De

185 4245 258 4297 iud:
276 4257 295 4298 ‹
312 4263 330 4298 a
350 4245 413 4316 lupe
431 4241 508 4298 Iulia
530 4245 565 4298 lis
583 4261 655 4298 aurio
675 4255 700 4297 et
713 4260 765 4298 seu
778 4245 921 4298 mensibus
939 4245 1062 4298 moritur
1080 4263 1104 4300 ›-
1125 4244 1156 4298 ln
1174 4245 1284 4299 iudiciis
1298 4245 1369 4314 legi-

120 4335 125 4348 ’
185 4353 263 4405 timis
281 4349 470 4420 perimebatur
488 4354 558 4407 actio
578 4357 607 4406 et
626 4355 763 4404 tristanda.
783 4379 815 4392 -
835 4351 938 4405 Postea
957 4351 984 4404 in
1004 4352 1215 4409 desuetudinem
1236 4355 1371 4410 abierunt

188 4457 315 4526 tepitima
333 4457 437 4510 iudicia
449 4460 478 4509 et
497 4456 590 4508 omnia
608 4455 760 4508 factasunt
779 4455 898 4524 imperio
913 4457 1080 4510 coutinentia
1099 4460 1128 4511 et
1143 4458 1207 4527 quia
1222 4459 1372 4527 magistra-
