3350 5117
510 395 553 440 nn
578 393 716 443 moscus
741 395 1005 444 nccnasmsmms
1282 379 1348 444 305

169 515 216 580 ad
237 515 495 584 indemnitatem
502 537 516 601 ‚·
539 525 711 606 praeterea
737 520 866 587 minori
895 525 1095 608 competeret
1125 525 1158 588 in
1185 526 1345 609 integrum

169 645 338 716 restitutio,
364 665 427 728 qua
450 645 481 708 in
506 645 675 730 pristinum
702 651 819 713 statum
844 667 900 713 res
918 646 1056 730 penitus
1081 649 1279 715 restituitur.
1304 686 1347 700 -

172 769 239 833 lam
255 789 335 833 vero
357 767 477 852 favore
493 771 667 837 minorum
692 776 818 836 cautum
836 770 906 840 fuit.
932 772 1007 857 ipsis
1032 777 1216 857 competere
1240 793 1347 839 reme·

170 893 256 959 dium
280 895 608 963 eerraordinanum.
634 899 659 960 si
684 897 928 964 exordinatio
953 899 1055 984 magis
1083 901 1236 984 exiguum
1267 900 1347 967 obti-

170 1025 286 1084 nerent
311 1021 576 1096 emolumentum;
602 1021 685 1086 unde
709 1023 902 1107 principium
926 1021 971 1088 ita
994 1026 1187 1090 enunciatnr
1210 1046 1270 1111 pro
1293 1029 1349 1093 mi·

170 1143 315 1210 noribus:
345 1165 363 1207 a
379 1143 525 1211 Habenti
540 1147 729 1212 remedium
746 1147 966 1214 ordinarium
980 1157 1115 1217 nonest
1131 1149 1348 1218 tribuendum

169 1269 499 1339 extraordinarium.
524 1271 591 1336 nisi
627 1271 689 1337 boc
722 1273 764 1336 sit
794 1273 961 1360 pinguius
984 1294 1016 1350 »;
1040 1273 1082 1340 cf.
1118 1293 1192 1358 cop.
1222 1275 1275 1348 12,
1300 1276 1349 1342 De

169 1392 336 1475 rescript,
363 1389 396 1453 X
416 1389 455 1476 (Ι,
479 1392 513 1476 3)
537 1398 569 1457 et
592 1413 666 1476 cap.
692 1394 710 1457 1
733 1395 762 1458 b.
790 1400 808 1460 t.
833 1395 872 1459 in
895 1395 919 1460 6
941 1393 979 1478 (Ι,
993 1395 1060 1480 21).
1086 1397 1220 1480 lnquam
1246 1433 1263 1446 ·
1283 1417 1348 1482 pro

170 1513 361 1582 minoribus
386 1551 403 1563 -
428 1535 502 1580 nam
527 1536 586 1602 pro
610 1515 792 1596 maioribus,
813 1537 855 1582 ne
883 1519 978 1582 nimis
1007 1517 1147 1583 faciliter
1178 1525 1269 1584 actus
1297 1540 1348 1584 re·

171 1639 408 1712 scinderentur,
427 1654 505 1726 quos
528 1663 546 1706 e
570 1648 685 1707 contra
708 1641 839 1727 expedit
861 1642 1067 1728 reipublicae,
1086 1640 1198 1708 firmos
1213 1655 1245 1710 ot
1262 1651 1350 1710 ratos

171 1764 295 1832 habero
319 1772 471 1849 quantum
503 1765 573 1832 fieri
605 1772 718 1852 potest,
743 1788 807 1832 non
831 1769 919 1854 viget
948 1769 1032 1834 haec
1063 1771 1293 1854 praescriptio,
1317 1778 1349 1835 at

171 1893 315 1959 remedio
339 1895 444 1960 minus
467 1897 576 1980 pingui
600 1895 657 1960 sed
681 1895 846 1960 ordinario
869 1915 934 1959 uon
961 1895 1147 1981 praefertur
1171 1897 1348 1962 extraordi-

172 2023 300 2085 narium
324 2021 427 2104 magis
450 2021 579 2106 pingue.

263 2148 338 2213 272.
366 2150 444 2214 lure
468 2167 602 2214 romano
619 2169 677 2234 pro
702 2153 839 2232 utroque
856 2168 937 2213 sexu
961 2149 1102 2213 minores
1125 2148 1288 2215 habentur
1304 2170 1346 2234 qu

172 2275 217 2340 25
241 2294 361 2340 annum
386 2273 527 2339 nondum
550 2275 784 2359 compleverint
807 2271 864 2356 (l).
891 2273 966 2337 lure
988 2275 1084 2338 etiam
1108 2293 1222 2337 canon.
1247 2271 1350 2357 quoad

173 2401 304 2485 negotia
333 2397 564 2464 Ecclesiastica
594 2399 638 2462 ita
662 2401 868 2482 computatur
896 2397 1012 2463 minor
1034 2402 1136 2462 oetas.
1166 2432 1210 2445 -
1238 2393 1349 2469 Quoad

171 2523 310 2608 negotio
332 2541 413 2588 vero
437 2521 549 2587 civitio
569 2523 752 2584 retinentur
775 2519 997 2585 distinctiones
1019 2522 1133 2585 aetatis
1158 2519 1310 2584 iuridicas
1332 2539 1352 2582 a

172 2648 262 2712 civili
286 2649 358 2711 iure
381 2645 565 2732 adoptatas;
590 2645 631 2709 cl.
657 2643 880 2712 Prooemium
902 2646 925 2728 5
948 2643 983 2710 3.

265 2775 308 2838 At
330 2773 401 2837 iuro
418 2772 533 2838 eccles.
559 2771 724 2838 Ecclesiae
748 2777 780 2836 et
802 2772 886 2837 aliae
908 2770 1064 2836 iuridicao
1088 2790 1246 2856 personae
1265 2792 1350 2837 com-

173 2903 333 2986 parantur
349 2898 412 2963 hoc
436 2899 530 2964 etiam
548 2899 579 2962 in
604 2900 733 2983 negotio
749 2897 948 2964 minoribus.
972 2896 1114 2962 Proinde
1137 2898 1296 2963 restitutio
1320 2899 1351 2961 in

174 3029 338 3112 integrum
359 3027 423 3110 peti
447 3029 550 3109 potest
573 3045 632 3110 pro
657 3024 812 3089 Ecclesiis
826 3025 963 3107 aliisque
977 3023 1058 3088 locis
1073 3023 1142 3108 piis,
1160 3022 1352 3088 clericorum

174 3151 334 3236 collegiis,
360 3153 578 3230 monasteriis,
604 3149 907 3236 congregationibus
942 3150 1118 3236 religiosis,
1144 3148 1353 3235 hospitalibus

174 3277 367 3340 auctoritate
395 3273 544 3358 Episcopi
576 3274 703 3338 erectis.
729 3273 807 3338 Nam
839 3274 901 3338 hae
928 3292 1087 3361 personae
1122 3273 1261 3338 morales
1295 3274 1353 3339 sub

266 3469 305 3537 (l)
326 3467 364 3521 De
384 3466 463 3519 modo
482 3465 657 3534 computandi
678 3467 814 3540 minorum
835 3468 957 3520 aetatem
976 3465 1045 3520 hoec
1065 3465 1149 3522 habet
1169 3467 1353 3522 Reiffenstuel

175 3581 200 3630 b.
222 3587 238 3628 t.
251 3593 278 3629 n.
293 3574 336 3628 24:
352 3571 527 3628 «Caeterum
547 3571 702 3626 huiusmodi
721 3577 814 3626 minor
831 3583 909 3627 cetos
922 3589 970 3627 seu
985 3578 1093 3642 tempus
1106 3574 1141 3626 25
1155 3589 1289 3627 annorum
1308 3580 1350 3628 est

176 3683 348 3754 inspicienda
361 3684 394 3737 de
413 3687 552 3737 momento
572 3685 600 3737 in
620 3685 789 3736 momentum
808 3697 841 3734 ac
859 3680 918 3734 dies
931 3679 1083 3734 bissextilis
1095 3696 1158 3734 cum
1178 3680 1353 3748 praecedenti

175 3795 356 3860 computatur
375 3805 425 3859 pro
439 3805 507 3852 uno;
527 3789 650 3859 adeoque
663 3789 786 3856 graviter
805 3786 898 3841 laesus
920 3785 1020 3840 ultima
1038 3787 1082 3842 die
1095 3787 1131 3840 25
1148 3787 1214 3841 anni
1233 3788 1353 3842 nondum

175 3897 208 3951 do
219 3900 360 3952 momento
370 3898 397 3950 in
410 3901 578 3952 momentum
590 3895 736 3964 completa,
745 3899 835 3965 potest
846 3900 941 3964 petere
951 3895 1156 3949 restitutionem
1167 3895 1196 3947 in
1204 3895 1354 3964 integrum,

177 4017 241 4062 sext.
262 4009 333 4062 ebir.
355 4009 373 4060 l.
393 4009 422 4060 3.
442 4007 567 4077 Denique
582 4007 668 4060 Divus
687 4010 704 4070 ἓ
724 4008 862 4060 minorem
873 4007 902 4077 ff.
918 4005 958 4058 De
976 4005 1074 4058 maior.
1090 4002 1231 4074 Siquidem
1250 4003 1279 4056 in
1298 4019 1355 4056 ma·

176 4119 248 4176 teria
266 4117 362 4171 odiose
381 4116 483 4188 (qualis
502 4119 545 4170 est
564 4132 618 4170 non
632 4115 750 4184 amplius
769 4113 891 4184 gaudere
909 4113 1045 4169 beneficio
1064 4113 1249 4167 restitutionis
1261 4111 1291 4164 in
1310 4113 1354 4166 in-

178 4223 301 4292 tegrum)
320 4220 379 4275 dies
397 4237 414 4274 a
433 4222 494 4276 iure
514 4222 662 4292 requisitus
681 4221 764 4275 debet
782 4234 842 4275 osse
861 4218 1015 4288 completus
1036 4217 1069 4272 de
1089 4221 1229 4272 momento
1247 4219 1275 4270 in
1294 4233 1355 4270 mo-

178 4331 318 4394 montum3
338 4328 465 4399 quamvis
482 4328 510 4381 in
531 4327 648 4381 materia
666 4326 814 4382 favorabili
833 4341 912 4381 secus
937 4325 978 4392 ot,
998 4328 1098 4395 utputa
1117 4325 1145 4378 in
1165 4341 1220 4394 qua
1238 4325 1297 4378 dies
1315 4325 1356 4377 in·

178 4437 279 4492 choata
298 4435 417 4490 habetur
437 4452 486 4506 pro
505 4435 652 4505 completa,
672 4441 752 4504 prout
771 4452 833 4487 cum
859 4434 1040 4488 communiori
1060 4437 1139 4488 notat
1159 4433 1307 4502 Fagnanus
1327 4437 1353 4484 in

180 4565 202 4600 c·
222 4547 260 4599 od
278 4554 402 4600 nosram
421 4561 448 4596 n.
467 4545 512 4609 31,
535 4545 574 4597 lle
593 4545 684 4612 repul.
705 4559 729 4594 e.

327 4633 388 4688 Suc.
408 4631 494 4702 Lapa.
912 4631 917 4643 '
1179 4629 1215 4682 20
