3350 5117
520 308 564 353 un
587 306 727 355 rumoris
751 308 1016 355 accunsmsrrors
1290 290 1356 357 559

177 432 249 516 ipse
270 430 462 517 purgaverit
488 450 578 495 suam
608 431 853 503 contumaciam,
878 450 936 497 seu
966 430 1153 516 probaverit
1180 432 1356 517 legitimum

178 556 449 642 impedimentum,
466 576 528 640 quo
551 556 696 641 probato,
714 556 944 622 rescinduntur
959 557 1072 623 iudicis
1088 558 1219 624 decreta
1234 560 1267 623 in
1284 578 1356 622 eum

177 684 261 760 lata;
279 686 321 749 cl.
338 689 443 767 caput
457 684 512 764 18,
527 684 578 748 Da
592 689 674 749 sent.
688 690 719 749 et
733 704 773 750 re
788 684 871 755 iud..
884 684 918 747 X
931 684 987 769 (ll,
1001 684 1057 771 27)
1072 691 1104 750 et
1121 684 1225 750 Gloss.
1239 687 1270 748 in
1283 684 1314 749 lv.
1328 705 1355 751 c.

268 808 302 893 3)
327 807 378 874 Ob
394 807 568 893 specialem
591 796 814 872 contumaciae
829 806 982 871 malitiam
1007 812 1172 892 etgraves
1189 826 1308 892 poenas
1323 808 1356 871 iu

179 951 251 996 eam
282 904 404 997 edictas
434 934 483 997 ius
510 952 583 997 cau.
614 934 733 1003 statuit,
764 933 901 997 iudicem
933 953 998 997 non
1029 932 1148 999 debere
1178 932 1357 1019 procedere

183 1061 297 1123 contra
313 1061 528 1127 contumaces.
542 1058 603 1122 nisi
620 1056 727 1123 tribus
739 1057 953 1125 citationibus
968 1065 1024 1125 aut
1038 1078 1110 1123 una
1121 1058 1357 1141 peremptorio

179 1182 288 1245 trinae
311 1181 526 1265 aequivalenti
549 1182 654 1248 vocati
671 1182 744 1247 siut.
762 1183 898 1255 Verum,
923 1204 983 1268 per
1006 1202 1041 1248 se
1063 1188 1160 1269 patet,
1177 1183 1260 1265 quod
1276 1182 1357 1247 haec

181 1307 342 1371 citationis
372 1307 557 1377 necessitas,
582 1308 688 1370 trinae
711 1308 765 1371 vel
789 1308 882 1371 unius
907 1308 1143 1393 peremptoriae
1174 1326 1238 1369 non
1263 1313 1359 1391 urget

182 1431 338 1497 adversus
361 1437 515 1512 actorem,
539 1453 609 1517 arg.
623 1452 699 1515 cap.
723 1434 742 1496 1
765 1432 795 1497 h.
821 1439 841 1497 t.
867 1433 904 1498 io
928 1432 951 1497 6
974 1432 1029 1517 (ΙΙ,
1048 1432 1091 1518 6),
1116 1434 1232 1517 quippe
1255 1438 1356 1513 actor,

182 1574 363 1641 provocans
386 1556 436 1619 rei
459 1555 724 1638 comparitionem
740 1557 773 1619 in
789 1555 950 1627 iudicium,
970 1575 1034 1620 non
1057 1555 1121 1620 alia
1136 1574 1292 1640 expressa
1309 1556 1358 1618 in·

181 1680 270 1766 diget
293 1681 477 1761 monitione,
494 1686 529 1746 ut
548 1682 615 1766 ipse
639 1684 722 1745 stato
744 1686 891 1765 tempore
908 1686 1110 1767 compareat;
1135 1701 1236 1766 quare
1252 1681 1359 1745 evadit

182 1813 365 1875 contumax,
390 1806 416 1869 si
440 1802 504 1869 non
528 1810 714 1891 compareat
736 1808 768 1869 in
793 1806 933 1871 termino
958 1807 1016 1891 ipsi
1043 1826 1098 1871 reo
1123 1808 1294 1871 constituto
1318 1807 1358 1871 ad

183 1934 308 1993 certum
331 1927 440 1993 iudicii
462 1934 570 1993 actum
587 1928 779 2014 ponendum.
804 1930 851 1995 cf.
870 1928 1160 2015 Schmalzgrueber
1176 1931 1208 1994 lt.
1227 1936 1245 1995 l.
1263 1951 1295 1995 a.
1318 1928 1358 1993 41

182 2058 216 2120 et
238 2054 361 2125 Devoti‚
386 2056 467 2119 last.
495 2075 582 2135 cova,
607 2055 661 2121 lib.
690 2054 724 2125 3.
750 2056 796 2120 tit.
822 2056 853 2129 6,
878 2057 900 2137 S
922 2056 956 2120 2.

271 2181 316 2244 At
337 2180 486 2244 nonnulli
509 2181 584 2246 llll..
602 2182 648 2244 uti
664 2177 830 2245 Reiffeust.
850 2181 881 2245 h.
900 2186 918 2245 t.
936 2202 969 2245 a.
996 2182 1037 2247 81
1060 2188 1093 2247 et
1116 2182 1156 2246 cl.
1175 2182 1264 2246 Santi
1289 2182 1319 2247 h.
1336 2186 1359 2246 t.

182 2319 216 2363 η.
232 2300 264 2379 7,
277 2304 427 2363 asserunt
441 2306 585 2365 actorem
601 2320 665 2364 nou
678 2305 919 2385 comparentem
931 2302 964 2366 in
976 2304 1114 2369 termino
1127 2303 1286 2367 citationis
1302 2322 1360 2368 reo

183 2429 359 2498 intimatae,
375 2426 482 2491 adhuc
499 2428 591 2492 citari
612 2427 731 2493 debere
753 2449 814 2513 per
836 2432 956 2493 trinam
980 2435 1035 2495 aut
1058 2450 1154 2495 unam
1178 2436 1358 2515 perempto·
1410 2447 1413 2453 ·

184 2550 266 2613 riam
291 2550 485 2614 citationem.
511 2550 596 2613 Huic
624 2551 803 2614 sententiae
827 2570 901 2633 cop.
927 2552 943 2614 1
968 2551 999 2615 h.
1017 2556 1039 2615 t.
1063 2552 1101 2616 in
1128 2551 1230 2636 601,
1256 2552 1288 2635 6)
1312 2558 1361 2619 est

182 2678 314 2741 omnino
341 2677 542 2750 contrarius;
570 2672 741 2762 suffragari
769 2678 898 2743 videtur
921 2678 972 2743 his
997 2679 1185 2744 Doctoribus
1212 2680 1362 2763 coput3

185 2798 215 2863 lt.
240 2804 260 2865 t.
285 2800 320 2863 X
341 2797 397 2883 (ΙΙ,
426 2799 488 2885 14),
513 2801 633 2883 inquo
661 2802 811 2865 statuitur
837 2806 981 2865 actorem
1004 2801 1167 2867 citandum
1191 2822 1271 2877 esse,
1296 2823 1361 2867 non

183 2943 277 2987 secus
296 2942 338 2987 oc
352 2940 461 2987 reum.
480 2922 523 2987 At
538 2922 635 2987 facile
659 2923 874 2989 conciliantur
897 2924 980 2989 haec
1003 2926 1108 3009 capita
1124 2926 1209 2990 inter
1224 2946 1276 3000 se;
1301 2946 1362 2991 nec

184 3014 249 3112 non
265 3050 444 3114 sententiae
461 3048 525 3115 DD.
538 3083 581 3097 -
598 3050 678 3113 Nam
694 3051 726 3113 in
743 3068 817 3132 cop.
831 3051 849 3112 1
866 3050 896 3113 h.
912 3056 931 3114 t.
944 3052 982 3115 in
998 3052 1029 3121 6.
1043 3052 1204 3124 statuitur,
1218 3058 1362 3118 actorem

185 3170 326 3234 evadere
348 3174 572 3235 contumacem
596 3169 635 3235 ob
652 3172 918 3256 comparitionem
942 3192 1007 3237 non
1031 3173 1149 3239 factam
1167 3177 1199 3239 in
1221 3178 1361 3241 termino

186 3294 346 3359 citationis
373 3292 432 3373 rei,
457 3294 533 3375 quin
557 3294 624 3357 ulla
646 3295 792 3379 specialis
816 3296 920 3362 actori
945 3296 1031 3360 sacta
1046 3298 1088 3361 sit
1110 3299 1236 3374 citati0;
1261 3300 1305 3364 ita
1328 3305 1363 3364 ut

185 3424 297 3503 postea
310 3438 376 3482 non
391 3416 549 3491 audiatur,
568 3418 628 3483 nisi
652 3439 737 3483 nova
752 3420 839 3487 facta
860 3424 907 3485 rei
924 3424 1084 3495 citatione,
1103 3444 1160 3486 reo
1177 3424 1292 3488 refusis
1309 3426 1364 3489 im-

185 3545 302 3629 pensis,
321 3549 353 3608 et
367 3545 521 3629 praestita
537 3546 685 3610 cautione
709 3546 748 3609 de
772 3546 868 3611 iudici
893 3548 1044 3613 sistendo.
1063 3548 1171 3623 Quare
1188 3548 1241 3612 hic
1257 3551 1364 3633 agitur

184 3667 226 3731 de
250 3670 318 3753 ipso
340 3669 457 3734 iudicio
480 3668 673 3749 inchoando,
691 3667 730 3732 ad
754 3669 838 3752 quod
854 3673 922 3754 ipse
945 3677 1036 3736 actor
1059 3692 1151 3736 reum
1169 3674 1306 3737 iusserat
1322 3673 1364 3736 ci·

185 3794 267 3868 tari3
284 3799 317 3857 et
332 3799 412 3859 tunc
427 3793 546 3859 citandi
571 3796 673 3880 ipsum
689 3799 833 3859 actorem
852 3796 941 3860 nulla
956 3797 1051 3881 plane
1067 3796 1159 3861 adest
1177 3799 1362 3862 necessitas.

187 3916 239 3979 Ex
255 3916 391 3980 adverso
408 3918 441 3980 in
458 3936 485 3981 c.
502 3914 574 3981 312.
592 3922 612 3980 t.
631 3919 773 3999 quaestio
789 3923 837 3982 est
854 3918 893 3982 de
909 3919 981 3983 aliis
996 3919 1120 3984 actibus
1137 3920 1362 3993 iudicialibus,

185 4040 287 4105 veluti
302 4039 343 4105 de
365 4042 495 4107 testium
519 4044 721 4127 receptione;
746 4062 840 4125 quam
858 4044 1014 4129 cumipse
1037 4063 1117 4109 reus
1142 4044 1362 4129 postulaverit,
1456 4087 1461 4095 ·

186 4168 284 4229 octor
299 4163 446 4228 citandus
461 4169 510 4229 est
524 4163 564 4228 ad
577 4166 705 4229 testium
717 4164 972 4252 cognoscendam
986 4165 1237 4251 productionem,
1252 4186 1362 4251 quare,

186 4307 252 4351 non
274 4286 356 4352 datis
382 4288 534 4373 congruis
556 4290 742 4355 citationum
766 4290 915 4371 decretis
936 4292 1054 4355 actoris
1075 4290 1275 4355 contumacia
1298 4311 1363 4355 non

187 4415 400 4479 constituitur.
