3350 5117
856 330 940 377 PARS
964 329 987 376 1.

457 571 479 652 g
503 570 533 634 3.
558 571 608 637 De
630 572 844 638 iudicialium
866 574 1112 640 instantiarum
1130 574 1379 658 peremptione.

331 766 546 824 summarium.
566 797 599 808 —
618 767 679 821 309.
699 769 839 838 Distingui
859 769 943 824 debet
961 769 1079 823 actionis
1093 771 1280 841 praescriptio
1299 771 1334 824 ab
1350 767 1508 824 'instantiae

414 879 619 948 peremptione.
632 903 669 916 -
681 874 742 930 310.
763 875 871 946 Reapse
891 875 935 929 ius
953 891 1020 929 rom.
1040 876 1186 930 constituit
1205 876 1329 930 actiones
1347 873 1510 930 criminales

421 986 539 1048 biennio,
559 983 655 1038 civiles
674 986 794 1038 triennio
815 984 922 1052 perimi.
946 1012 984 1024 —
1001 983 1062 1038 311.
1081 986 1119 1037 At
1137 983 1181 1038 ius
1199 1000 1260 1037 can.
1279 982 1351 1036 banc
1371 983 1509 1052 praescri·

420 1092 543 1162 ptionem
563 1092 730 1162 reprobavit.
751 1121 784 1132 —
803 1091 866 1145 312.
886 1091 958 1145 Hinc
981 1090 1116 1160 disparuit
1129 1092 1189 1144 iure
1208 1107 1268 1144 can.
1288 1089 1410 1160 speciale
1430 1089 1512 1142 insti·

420 1201 512 1254 tutum
533 1197 764 1267 praescriptionis
783 1197 982 1250 instantiarum
999 1206 1029 1251 et
1050 1197 1201 1251 instantiae
1219 1195 1448 1269 praescribuntur
1465 1211 1511 1249 or·

419 1305 526 1360 dinario
539 1311 663 1375 ternpore
681 1305 716 1359 30
730 1321 865 1360 antrorum
879 1311 928 1359 aut
946 1305 1118 1374 perimuntur
1131 1320 1262 1375 expresso
1274 1303 1374 1358 iudicis
1386 1304 1510 1359 decreto.

418 1440 455 1454 —
467 1411 527 1466 313.
548 1411 739 1466 'tridentinum
753 1411 910 1465 Concilium
924 1413 1032 1466 directe
1049 1412 1171 1465 occurrit
1189 1411 1349 1467 necessitati
1364 1410 1430 1465 lites
1449 1411 1511 1465 red-

419 1517 499 1572 dendi
520 1516 791 1572 celeriores-314.
812 1517 911 1570 Praxis
929 1519 1047 1572 sorensis
1065 1517 1122 1572 alia
1140 1517 1312 1587 comparavit
1331 1514 1512 1572 remedia.-

418 1620 479 1676 315.
495 1621 532 1675 De
546 1623 735 1692 peremptione
749 1623 901 1676 instantiae
919 1623 1170 1693 appellationis·
1183 1621 1244 1675 316.
1265 1621 1303 1674 De
1317 1622 1511 1691 peremptione

418 1729 570 1783 instantiae
590 1729 716 1800 perlitis
736 1730 986 1784 renunciationem.

419 1945 494 2010 309.
520 1947 698 2012 Praeterea
721 1965 740 2010 a
762 1947 958 2012 tractatione
982 1946 1021 2011 de
1052 1947 1306 2032 praescriptione
1334 1947 1454 2012 iurium
1477 1951 1511 2012 et

330 2069 490 2134 actionum
514 2069 652 2154 disiungi
675 2089 739 2133 nnn
764 2069 861 2134 debet
884 2071 1028 2153 quaestio
1045 2067 1085 2133 de
1103 2068 1196 2133 moda
1220 2074 1253 2133 et
1276 2075 1432 2154 tempore,
1446 2089 1523 2153 quo·

329 2194 594 2282 praescribantur
616 2215 674 2260 seu
693 2195 918 2278 perimantur
935 2195 1105 2259 instantiae
1120 2193 1295 2260 iudiciales.
1321 2194 1454 2258 Revera
1468 2192 1509 2258 ab

331 2321 470 2394 actione,
495 2325 530 2386 ut
544 2321 606 2384 iam
622 2320 767 2394 vidimus,
786 2321 1007 2385 essentialiter
1030 2318 1254 2405 distinguenda
1269 2324 1319 2385 est
1333 2319 1506 2390 instantia,

331 2445 447 2530 quippe
468 2445 551 2510 haec
574 2443 734 2530 significat
748 2446 887 2510 actionis
905 2445 1097 2510 exercitium
1120 2446 1153 2509 in
1176 2463 1331 2530 processu
1355 2443 1507 2509 iudiciali.

331 2569 439 2642 Quare
461 2588 503 2633 ne
527 2567 686 2654 profunda
709 2565 766 2632 fiat
789 2569 946 2649 conlusio,
963 2574 999 2634 ut
1014 2573 1104 2634 recte
1120 2569 1224 2635 innuit
1240 2571 1336 2634 etiam
1357 2570 1405 2634 De
1421 2569 1510 2635 Luca

330 2693 380 2760 De
395 2693 464 2759 iud.
478 2692 518 2757 D.
530 2693 583 2770 et,
597 2715 630 2758 n.
646 2694 677 2768 9,
692 2697 887 2759 secernatur
902 2695 1038 2759 actionis
1051 2695 1263 2780 praescriptio
1278 2692 1319 2758 ab
1335 2695 1507 2758 instantiae

330 2819 584 2904 praescriptione
601 2837 657 2882 seu
669 2819 915 2901 peremptione.
936 2817 1013 2882 Nam
1038 2818 1092 2882 hic
1115 2819 1284 2902 quaeritur
1298 2837 1340 2884 an
1356 2816 1510 2883 instantia

331 2941 496 3016 iudicialis,
511 2949 601 3006 certo
624 2947 770 3028 tempore
794 2943 980 3028 interrupta
1002 2963 1059 3007 seu
1081 2963 1102 3006 a
1124 2962 1183 3007 sua
1209 2943 1439 3027 prosecutione
1462 2963 1509 3006 su·

331 3078 455 3154 spensa,
471 3068 523 3132 vel
546 3070 615 3153 ipso
639 3069 709 3132 iure
731 3068 783 3132 vel
800 3067 843 3132 ad
866 3067 969 3152 partis
992 3067 1178 3152 petitionem
1196 3071 1379 3150 perempta
1394 3065 1509 3130 haberi

331 3194 455 3276 debeat,
479 3194 559 3259 adeo
583 3194 706 3260 scilicet
730 3199 764 3260 ut
786 3195 924 3280 amplius
946 3195 1062 3280 agitari
1086 3214 1152 3257 non
1174 3195 1291 3278 possit;
1315 3194 1463 3278 quamvis
1477 3195 1510 3258 in

330 3341 389 3388 sua
411 3321 442 3386 vi
462 3325 651 3406 perseveret
666 3319 768 3402 actio;
791 3321 843 3385 cui
860 3319 994 3405 proinde
1017 3319 1153 3385 ulterius
1177 3317 1396 3403 experiendae
1426 3337 1511 3384 nova

330 3446 482 3512 instantia
506 3446 689 3509 instaurare
712 3447 868 3528 oporteat.

420 3571 495 3635 310.
521 3571 715 3635 iustinianus
731 3569 774 3634 de
797 3569 987 3635 actionibus
1010 3570 1129 3650 statuit,
1145 3573 1218 3655 post
1240 3569 1328 3634 litem
1346 3575 1510 3646 contesta-

330 3701 405 3769 tam,
429 3694 488 3780 lias
511 3713 576 3758 non
599 3692 776 3778 praescribi
800 3693 864 3758 nisi
889 3695 933 3758 40
955 3695 1062 3769 aunis;
1087 3694 1129 3759 de
1151 3693 1322 3760 instantiis
1341 3701 1454 3760 autem
1477 3696 1510 3758 in

330 3817 452 3882 celebri
475 3817 547 3902 lege
562 3816 839 3897 Properantlum,
864 3813 943 3881 Cael.
959 3816 1010 3881 De
1035 3816 1115 3889 iuti..
1134 3817 1250 3883 edixit:
1279 3817 1511 3900 ‹Properan-
1603 3905 1607 3910 .

331 3943 414 4008 dura
437 3941 533 4007 nobis
556 3961 675 4006 oerum
698 3948 811 4007 estne
834 3942 908 4008 lites
938 3944 1026 4027 fiant
1045 3943 1255 4009 immortates
1278 3949 1309 4008 et
1331 3944 1422 4009 ailae
1446 3944 1509 4010 lto·

330 4066 462 4129 minum
478 4065 618 4130 modurn
635 4065 810 4145 corradant,
823 4085 930 4148 quum
944 4066 1139 4131 airuinales
1153 4067 1291 4149 quidem
1303 4085 1429 4132 causas
1439 4067 1510 4132 iam

330 4193 449 4254 nostra
465 4187 522 4253 lea
537 4187 670 4255 biennio
688 4189 894 4255 conclusit».
909 4191 989 4255 Dein
1012 4189 1148 4277 (civiles)
1169 4190 1269 4254 edixit
1291 4209 1395 4257 <non
1418 4192 1510 4256 ultra

332 4309 468 4374 triennii
491 4315 597 4376 metas
609 4316 688 4393 post
710 4311 800 4376 litem
818 4317 1038 4378 contestatam
1055 4331 1125 4378 esse
1135 4313 1393 4396 protrahendus
1410 4317 1506 4378 etc..)

331 4431 376 4496 At
398 4430 552 4496 Doctores
575 4433 660 4496 hano
690 4431 795 4518 legem
821 4435 1073 4518 interpretantes
1100 4455 1164 4497 non
1193 4435 1410 4510 conveniunt3
1437 4435 1509 4519 quia
