3350 5117
512 348 554 394 oe
579 347 718 395 romeus
742 347 1008 397 aconusmsrrcrs
1304 334 1343 399 61

169 484 212 531 ex
229 464 322 531 dictis
337 468 380 533 de
396 469 631 541 transactione.
645 488 729 556 pop.
744 469 802 535 to.
821 468 854 535 Si
870 470 971 535 laesio
987 480 1035 537 est
1051 474 1274 564 en01·missima
1289 472 1345 559 (1).
1395 531 1398 536 .

168 594 315 695 {Qus
337 612 410 658 cum
428 596 588 659 communi
611 597 772 661 sententia
794 593 924 661 laudum
945 597 1094 671 rescindi,
1111 616 1176 662 uon
1200 618 1293 664 secus
1307 618 1346 663 ae

167 696 428 791 transactioiieim
438 718 477 783 ob
490 690 713 805 pravissimam
725 722 911 789 laesionem.
919 724 966 789 Gi.
976 723 1175 809 Schmalzgr.
1187 725 1217 789 b.
1226 730 1247 791 t.
1257 723 1344 809 5311.

193 868 223 913 ct
259 846 313 911 34.
338 846 388 913 De
414 844 602 916 Cessatione
621 849 799 932 potcstatis
821 850 1042 917 arbitrorum.
1057 850 1163 915 Haec
1186 856 1300 925 cesam,

260 970 291 1055 l)
314 972 561 1071 morte-'arbitri
585 973 638 1037 vel
662 974 797 1039 alicuius
821 994 864 1039 ex
895 975 984 1059 ipsis,
1007 976 1035 1039 si
1065 974 1100 1039 in
1122 975 1235 1059 piures
1257 995 1346 1041 com·

167 1094 358 1177 promissum
389 1094 439 1166 sit.
471 1094 531 1158 nisi
562 1096 775 1161 contrarium
806 1100 946 1163 cautum
969 1097 1010 1161 sit
1040 1098 1073 1160 in
1105 1098 1346 1181 compromisso,

168 1216 211 1282 cf.
235 1236 309 1299 cap.
334 1217 392 1289 te,
417 1217 468 1285 De
495 1217 556 1301 Off.
581 1219 687 1304 delep.
712 1218 745 1281 X
766 1220 804 1305 (i,
829 1220 898 1305 29),
923 1220 975 1284 vel
1005 1220 1067 1283 uisi
1092 1220 1123 1283 in
1147 1218 1345 1305 dignitatem,

167 1341 219 1406 vel
249 1360 421 1427 personam
445 1342 600 1407 moralem
623 1345 888 1429 compromissum
911 1346 962 1409 sit.
986 1344 1198 1431 Extinguitur
1220 1364 1347 1429 quoque

169 1463 352 1529 mandatum
376 1464 545 1530 arbitrium
568 1465 607 1530 ab
625 1466 844 1551 impotentiam
857 1466 1026 1549 phisicam
1042 1471 1098 1531 aut
1121 1469 1286 1533 moralem
1302 1486 1345 1531 ex

168 1594 263 1674 parte
285 1588 410 1671 arbitri,
434 1590 475 1656 ad
498 1611 589 1656 suum
613 1588 753 1657 officium
777 1590 982 1677 explendum.

258 1714 291 1800 2)
316 1715 554 1821 desset-morte
577 1719 866 1805 compromittentis
889 1718 942 1783 rel
966 1717 1102 1783 alicuius
1126 1736 1169 1781 ex
1191 1716 1268 1801 ipsis
1283 1716 1345 1780 uisi

167 1861 323 1927 expresse
337 1847 466 1907 cautum
483 1845 532 1915 sit,
549 1848 754 1911 contractum
778 1845 997 1929 compromissi
1014 1843 1055 1907 ab
1071 1822 1265 1909 haeredibus
1280 1860 1346 1907 ser·

167 1964 309 2029 vandum
333 1984 421 2041 esse;
445 1984 520 2052 erp.
544 1968 695 2049 cap.10,
721 1968 752 2031 b.
778 1973 798 2032 t.
823 1966 880 2052 (2).

167 2248 191 2282 c.
211 2229 240 2294 8,
259 2246 287 2281 n.
308 2231 411 2295 5),
431 2238 555 2295 testatur,
575 2232 711 2284 moderna
727 2230 813 2299 pram
835 2229 1074 2300 compromissarii
1099 2230 1224 2295 lamium,
1244 2231 1269 2281 si
1287 2230 1341 2281 ini-

168 2352 255 2404 quum
273 2346 418 2406 appareat,
431 2347 458 2391 et
475 2354 507 2393 eo
522 2354 594 2408 pora
613 2339 765 2392 enormiter
778 2338 857 2391 laesa
874 2337 912 2390 sit
930 2336 996 2390 boni
1014 2337 1076 2400 viri,
1090 2337 1107 2389 i.
1121 2354 1144 2391 e.
1158 2336 1290 2391 ordinarii
1303 2337 1346 2393 iu-

166 2442 236 2497 dicis
256 2444 374 2497 arbitrio
391 2442 426 2497 ad
445 2444 615 2515 aequitatem
634 2448 663 2499 et
682 2444 821 2498 iustitiam
835 2443 928 2497 reduci
947 2442 1038 2497 solere
1051 2461 1075 2497 ».
1090 2443 1188 2497 Devoti
1201 2442 1262 2509 (Ias
1278 2444 1343 2500 Can.

165 2550 192 2602 b
212 2560 228 2602 t.
249 2554 268 2613 5
288 2550 336 2617 11)
355 2548 425 2604 baec
443 2548 542 2605 babet:
562 2568 577 2603 ‹
597 2550 717 2611 Quodsi
737 2554 799 2619 post
817 2549 912 2604 decem
930 2548 989 2603 dies
1013 2548 1084 2603 baec
1105 2547 1229 2603 reductio
1248 2554 1345 2619 postu·

76 2711 81 2721 ,
165 2655 250 2721 latur,
269 2660 399 2710 naturam
418 2655 507 2710 induit
524 2658 742 2727 resurrrectionis,
762 2670 853 2725 neque
879 2655 993 2709 interim
1017 2654 1111 2720 efficit,
1131 2659 1163 2709 ut
1186 2658 1345 2711 sententiae

166 2762 258 2817 exitus
276 2760 435 2817 retardetur
448 2780 472 2814 r.
485 2760 561 2823 Quae
581 2760 673 2830 praxis
692 2760 834 2828 redigendi
856 2758 891 2813 ad
909 2760 1056 2813 arbitrium
1069 2761 1135 2814 boni
1146 2761 1210 2826 viri,
1223 2762 1345 2815 arbitria

164 2867 344 2935 bomolopata
363 2866 415 2920 etsi
435 2880 490 2921 non
508 2866 597 2919 subsit
615 2865 702 2921 laesio
722 2866 925 2930 enormissima,
941 2864 1052 2919 videtur
1070 2865 1164 2933 potius
1183 2866 1257 2919 viam
1276 2882 1344 2935 apo-

165 2975 221 3029 rire
239 2974 373 3028 abusibus
396 2990 479 3044 quam
504 2974 640 3027 iustitiam
664 2973 745 3027 tueri.
765 2972 857 3033 Quare
877 2972 906 3026 in
926 2972 995 3026 locis
1013 2972 1061 3026 ubi
1086 2972 1214 3043 legitime
1233 2974 1344 3028 nonsit

165 3082 338 3151 praescripta
355 3078 512 3135 huiusmodi
531 3080 707 3146 consuetudo,
721 3096 788 3134 sane
807 3095 862 3133 uon
880 3079 992 3134 videtur
1004 3080 1191 3147 admittenda;
1209 3081 1245 3135 ob
1259 3096 1344 3149 argu·

165 3194 260 3243 menta
285 3188 434 3257 explicata,
448 3206 514 3258 pay.
534 3180 585 3242 40'.
609 3186 740 3257 Exceptis
764 3187 874 3241 casibus
898 3187 1000 3258 quibus
1024 3191 1166 3255 competat
1192 3187 1344 3243 remedium

166 3295 418 3349 extraordinarium
435 3295 618 3351 restitutionis
636 3295 666 3347 in
684 3296 835 3364 inteprum.

253 3400 295 3470 (1)
314 3401 367 3453 Ast
384 3399 479 3454 sedulo
497 3400 667 3467 advertatur,
686 3400 841 3454 sententias
859 3398 984 3469 prolatas
1002 3415 1019 3451 a
1037 3399 1176 3452 iudicibus
1195 3398 1344 3454 ordinariis

165 3507 240 3561 circa
257 3505 377 3559 arbitria
395 3507 643 3577 compromissaria,
661 3506 706 3563 vel
726 3506 883 3562 reducenda
901 3506 935 3559 ad
954 3506 1126 3577 aequitatem
1140 3504 1185 3561 vel
1203 3506 1283 3561 nulla
1294 3507 1344 3563 de-

164 3614 305 3677 claranda,
317 3611 363 3666 vel
382 3613 569 3680 rescindenda,
582 3614 730 3667 admittere
748 3610 966 3683 appellationem
979 3612 1013 3665 ad
1029 3611 1150 3667 iudicem
1164 3613 1341 3681 superiorem.

164 3722 236 3776 Nam
254 3722 512 3792 compromittentes
529 3720 564 3775 ad
583 3720 701 3775 iudicem
723 3720 895 3774 ordinarium
922 3722 1113 3788 provocantes,
1134 3720 1189 3773 iam
1215 3719 1344 3774 deferunt

165 3828 309 3898 negotium
323 3828 511 3897 compromissi
525 3826 559 3881 ad
573 3826 676 3897 proprii
690 3826 1027 3893 iudicisiurisdictionem,
1039 3825 1184 3879 cuiusuim
1195 3826 1344 3894 aigradus,

165 3934 289 4005 proinde,
307 3935 427 4003 experiri
451 3938 575 4003 possunt,
599 3952 660 4003 ary.
681 3952 740 4004 cap.
761 3934 800 3998 11,
819 3936 845 3987 h.
865 3944 892 4001 a,
913 3938 941 3987 et
963 3934 997 3986 cf.
1017 3930 1136 4001 Pirbiug
1165 3935 1191 3985 h.
1211 3942 1229 3985 t.
1248 3952 1276 3987 n.
1297 3934 1343 3998 81,-

166 4037 335 4107 Sahmalzgr.
353 4040 378 4092 b.
397 4048 415 4091 t.
434 4042 452 4103 ἓ
471 4036 514 4091 34
531 4054 595 4109 seq„
616 4038 713 4093 Devoti
732 4040 758 4092 b.
779 4046 796 4091 t.
815 4054 843 4089 a.
863 4038 908 4090 14.

255 4144 294 4211 (2)
314 4142 422 4213 Reapse
436 4142 464 4197 in
478 4144 675 4212 compromisso
688 4146 816 4199 censetur
829 4142 921 4197 electa
934 4144 1073 4197 industria
1083 4160 1223 4214 personae
1235 4144 1344 4209 arbitri,

167 4254 311 4320 perspecta
331 4251 573 4320 compromittenti‚·
592 4252 781 4321 quamobrem,
794 4250 914 4304 mutatio
933 4267 1066 4319 personae
1088 4250 1146 4304 sire
1165 4250 1264 4303 arbitri
1284 4249 1343 4302 sive

168 4358 417 4426 compromittentis
436 4358 620 4425 praesumitur
638 4356 758 4410 mutatio
777 4356 969 4411 substantialis
993 4356 1024 4410 in
1047 4356 1291 4423 contractandae
1310 4359 1349 4410 ut

168 4466 323 4528 evanescat,
343 4462 395 4515 nisi
415 4461 585 4515 contrarium
604 4465 745 4517 caveatur.
