3350 5117
523 316 567 363 aa
592 316 728 365 runicus
752 316 1017 365 nccnnsmsrrcrs
1295 300 1359 363 107

270 438 396 503 Verum
420 460 463 505 ex
486 439 644 507 hodierna
667 442 833 506 Ecclesiae
865 440 1032 526 disciplina
1061 440 1145 505 baec
1176 440 1289 525 regula
1316 443 1360 505 ri·

178 560 275 626 debir
297 560 439 629 deficere
462 584 526 629 non
549 570 674 631 tantum
699 566 733 629 in
756 564 913 630 iudicibus
939 564 980 629 ab
1004 565 1162 649 Episcopo
1191 563 1357 649 delegatis,

178 689 234 773 qui
262 696 396 775 possunt
426 691 502 777 eligi
533 712 597 757 non
627 693 766 758 servatis
794 692 900 757 Bonis.
924 692 1009 758 Vlll
1033 691 1358 777 praescriptionibus3

178 815 237 881 sed
259 818 401 882 maxime
423 819 456 883 in
480 818 615 883 Vicario
639 819 788 904 Episcopi
810 818 974 899 Generali,
991 820 1081 883 cuius
1101 816 1242 883 officium
1265 817 1360 883 bene

178 936 253 1005 licio
277 960 341 1004 non
365 946 415 1007 est
437 941 607 1007 adnexum.

270 1064 333 1131 Sed
367 1066 401 1130 io
437 1067 632 1153 propositum
661 1067 744 1133 haec
767 1064 968 1132 advertenda
993 1071 1078 1131 sunt.
1108 1068 1281 1133 —Rarus
1312 1072 1361 1133 est

178 1207 275 1253 casus
291 1208 409 1254 causae
430 1189 588 1255 iudicialis
611 1190 651 1255 ab
675 1192 835 1277 Episcopo
856 1190 1066 1257 demandatae
1089 1191 1184 1257 iudici
1201 1190 1358 1277 delegato.
1453 1176 1459 1187 ⁸

177 1316 371 1397 praesertim
396 1316 422 1378 si
446 1334 543 1381 causa
570 1322 620 1381 est
642 1316 777 1382 alicuius
800 1318 985 1401 gravitatis;
1005 1316 1082 1381 binc
1097 1318 1215 1382 mirum
1231 1322 1361 1381 nonest

178 1438 265 1521 quod
280 1440 331 1505 ius
347 1460 516 1506 commune
527 1462 591 1505 non
608 1440 745 1508 ediderit
759 1442 940 1526 peculiares
956 1442 1237 1528 praescriptiones,
1254 1444 1361 1527 prouti

179 1560 302 1626 factum
339 1568 387 1628 est
421 1564 454 1627 in
490 1563 609 1629 iudices
643 1584 663 1628 a
697 1564 728 1631 S.
761 1562 845 1630 Sede
879 1563 1044 1649 delegatos
1078 1563 1135 1651 (l).
1169 1566 1247 1631 Nam
1282 1566 1362 1629 anti-

182 1686 290 1768 quitus
316 1687 349 1750 in
377 1688 523 1753 Dioecesi
549 1694 621 1754 erat
648 1688 923 1763 Archidiaconus‚
949 1688 1047 1753 iudex
1078 1688 1261 1754 ordinarius
1289 1690 1361 1776 Epi·

179 1832 280 1897 scopo
303 1813 452 1887 inferior,
473 1816 525 1899 qui
549 1814 636 1881 hunc
659 1814 831 1881 adiuvabat
854 1818 888 1881 in
912 1817 1051 1881 iustitiae
1074 1815 1359 1881 administratione.

179 1937 433 2003 Archidiaconis
448 1944 673 2004 successerant
688 1940 814 2004 Vicarii
830 1938 1017 2007 Generales.
1035 1958 1171 2023 quarum
1186 1939 1361 2004 auctoritas

179 2059 340 2127 beneficio
371 2082 435 2126 non
468 2068 516 2127 est
546 2061 686 2137 adnexa,
711 2062 767 2128 sed
791 2068 841 2127 est
867 2061 979 2127 eadem
1002 2062 1152 2148 Episcopi
1182 2062 1361 2127 iurisdictio

180 2206 281 2253 unum
305 2186 453 2271 idemque
477 2187 667 2254 auditorium
692 2189 884 2273 Episcopale
907 2189 1113 2260 constituens,
1130 2186 1210 2252 adeo
1233 2193 1269 2253 ut
1288 2188 1361 2271 Epi·

180 2332 299 2397 scopus
330 2331 435 2395 neque
466 2314 633 2397 corrigere
664 2331 768 2396 neque
799 2318 926 2379 mutare
947 2312 1046 2396 possit
1070 2314 1119 2376 sui
1142 2312 1269 2375 Vicarii
1291 2331 1362 2375 sen·

178 2436 326 2499 tentiam.
352 2434 439 2500 Hinc
462 2437 640 2522 Episcopus
663 2438 748 2502 tueri
770 2434 866 2501 debet
886 2434 1026 2501 liberum
1050 2436 1242 2501 exercitium
1270 2437 1360 2500 iuris-

181 2558 333 2623 dictionis
357 2559 512 2625 iudicialis
535 2562 568 2624 in
592 2582 649 2627 suo
671 2562 814 2641 Vicario,
832 2581 928 2644 quum
953 2564 1163 2643 utrorumque
1186 2560 1298 2624 eadem
1321 2560 1363 2623 sit

181 2682 371 2757 iurisdictio,
386 2683 532 2769 idemque
548 2685 699 2751 tribunal.
717 2686 877 2771 Episcopo
892 2692 999 2751 autem
1015 2687 1175 2773 integrum
1193 2692 1241 2750 est
1256 2706 1362 2769 quam-

182 2806 259 2873 libet
286 2828 417 2874 causam
441 2810 499 2874 sibi
525 2830 695 2876 reservare
724 2810 971 2885 diiudicandam;
995 2815 1029 2877 at
1049 2812 1240 2875 sententiam
1264 2830 1284 2872 a
1307 2810 1362 2874 Vi·
1400 2827 1403 2834 ·

181 2938 273 3001 cario
296 2937 379 3002 Gen.
405 2936 645 3021 pronunciatam
678 2936 864 3021 corrigere.
889 2941 1013 3000 mutare
1044 2954 1108 2999 non
1138 2934 1232 3013 licet,
1257 2952 1362 3016 quam-

181 3062 302 3127 tumvis
320 3062 349 3126 ei
365 3060 541 3146 displiceat.
557 3094 603 3108 -
619 3059 742 3125 Verum
758 3060 911 3125 Vicarius
928 3062 1007 3126 Gen.
1024 3064 1131 3146 potest
1146 3078 1166 3122 a
1181 3078 1239 3122 suo
1255 3054 1363 3121 officio
1379 3104 1389 3130 .

183 3182 358 3259 dimoveri;
383 3183 590 3267 quamobrem
617 3184 794 3269 Episcopus
817 3183 908 3249 valet
929 3182 1190 3248 animadvertere
1213 3182 1246 3245 in
1270 3200 1362 3245 suum

181 3308 355 3380 Vicarium
379 3306 420 3371 ob
441 3307 559 3372 editam
582 3309 773 3375 sententiam
797 3306 856 3373 sibi
879 3326 945 3371 non
967 3311 1133 3392 acceptam
1156 3310 1189 3370 et
1216 3304 1289 3369 dein
1318 3303 1363 3367 fa·

183 3432 280 3496 cilem
305 3436 502 3517 praetexere
525 3452 654 3498 causam
677 3434 839 3518 legitimae
863 3432 1060 3497 remotionis.
1079 3440 1086 3452 ’
1130 3446 1134 3455 “
1189 3446 1193 3456 ·

188 3702 217 3752 et
236 3714 316 3751 suam
337 3696 500 3763 Ecclesiam,
518 3698 640 3767 itemque
657 3698 731 3751 inter
749 3695 900 3766 parocbum
919 3702 947 3750 et
966 3693 1120 3749 Ecclesiam
1138 3694 1242 3747 dictum
1261 3700 1305 3749 est
1323 3695 1364 3745 in-

187 3799 330 3855 tercedere
349 3800 498 3870 spirituale
517 3801 683 3870 coniugium.
702 3827 739 3842 -
756 3798 866 3853 Erectis
884 3815 950 3853 vero
968 3798 1120 3865 beneficiis,
1132 3796 1224 3851 officia
1235 3796 1364 3850 devincta

185 3905 299 3959 fuerunt
319 3904 378 3958 suis
396 3903 557 3959 titularibus
575 3904 687 3959 vinculo
705 3906 792 3959 ferme
810 3903 1006 3959 indissolubili.

275 4012 317 4081 (1)
338 4011 426 4065 Hodie
445 4012 473 4065 in
493 4011 584 4066 Curiis
602 4010 779 4067 Dioecesanis
797 4028 857 4066 mos
877 4012 964 4081 viget,
984 4009 1066 4080 plane
1087 4008 1247 4073 laudandus,
1266 4024 1364 4062 causas

184 4118 330 4187 graviores
348 4118 531 4173 demandandi
550 4118 718 4189 definiendas
738 4119 863 4188 pluribus
881 4118 1018 4171 iudicibus
1039 4118 1068 4170 in
1081 4115 1239 4185 collegium,
1253 4112 1364 4183 singula

184 4230 254 4295 rice,
266 4227 421 4297 delegatis3
440 4226 479 4281 uti
499 4225 594 4281 videre
607 4230 651 4280 eet
663 4226 690 4279 in
710 4226 801 4281 causis
819 4224 1072 4279 matrimonialibus
1087 4224 1159 4293 apud
1173 4223 1271 4276 Curias
1283 4222 1365 4277 Dioe-

185 4350 302 4390 cesanas
320 4334 452 4399 delinitis,
470 4350 542 4403 quae
563 4331 740 4403 appellantur
758 4334 792 4386 ad
817 4332 844 4387 S.
864 4332 893 4385 C.
912 4332 1017 4386 Concil.
1037 4360 1051 4373 ·
1070 4333 1105 4385 cl.
1124 4330 1235 4385 Ferrari
1255 4347 1298 4401 op.
1317 4332 1362 4384 cit.

182 4440 343 4495 1.cn.n0t.
371 4440 398 4493 6.
