3350 5117
538 282 581 330 nn
606 282 744 331 marcus
769 282 1033 330 nccnnsmsrrcrs
1305 263 1369 326 447

282 405 359 471 424.
383 406 508 471 Verum
534 406 601 489 ipsa
617 404 821 489 experientia
836 401 955 484 docuit,
967 403 1135 486 aliquoties
1151 400 1372 488 derogandum

192 550 264 596 esse
288 531 389 616 rigori
413 530 502 603 iuris,
521 528 649 613 quanrlo
672 548 787 614 nempe
810 528 877 593 litis
892 528 1082 593 contestatio
1098 524 1170 591 fieri
1195 545 1259 590 non
1274 526 1373 610 possit

192 658 226 719 et
248 650 377 719 aliunde
401 652 578 718 necessitas
601 657 718 737 urgeat
740 650 936 737 procedendi
960 649 1189 714 adulteriora.
1214 648 1301 713 Hinc
1324 667 1373 713 re
1430 653 1432 658 '

193 776 289 862 gulae
320 776 484 863 generalis
517 775 550 839 in
585 794 660 857 cap.
685 776 709 841 5
734 775 765 840 h.
792 780 812 840 t.
836 774 872 839 X
891 776 996 861 prima
1019 776 1106 839 facta
1140 779 1189 838 est
1223 773 1372 858 exceptio

193 902 309 989 quoad
333 902 464 967 testium
480 901 716 985 receptionem,
733 900 798 967 hoc
811 900 953 967 decreto:
974 901 1167 976 «Quoniam
1183 902 1373 984 frequenter
1413 882 1416 886 ¹

193 1030 227 1095 in
251 1030 381 1095 dubium
406 1033 578 1095 revocatur
600 1049 621 1093 a
644 1028 752 1094 moltis
775 1048 816 1093 an
839 1030 898 1093 lite
922 1048 986 1093 non
1009 1029 1189 1095 contestata
1204 1032 1301 1093 testes
1324 1047 1373 1091 re

193 1156 258 1240 cipi
280 1153 420 1227 valeant,
437 1155 629 1219 auctoritate
652 1154 871 1239 praesentium
889 1152 1038 1219 duximus
1061 1151 1302 1224 declarandum,
1319 1170 1371 1215 re-

193 1263 353 1363 gulariter
376 1298 490 1342 verum
513 1296 584 1342 esse
608 1276 692 1360 quod
715 1276 771 1341 lite
794 1295 861 1339 non
884 1280 1064 1340 contestata
1094 1295 1159 1339 non
1183 1274 1294 1340 estad
1318 1294 1373 1337 re-

195 1403 374 1488 ceptionem
405 1402 532 1467 testium
560 1401 808 1488 procedendum.
835 1400 903 1476 lt'isi
924 1400 1014 1483 sorte
1036 1402 1079 1467 de
1102 1405 1210 1467 nrorte
1241 1401 1373 1465 testium

195 1527 354 1593 timeatur
376 1528 428 1593 vet
451 1526 603 1592 absentia
625 1526 801 1606 diuturna,
814 1524 852 1590 in
875 1524 999 1610 quibus
1025 1524 1158 1591 candus
1239 1524 1292 1608 (ne
1316 1544 1373 1588 ve·

195 1652 275 1715 ritas
289 1651 470 1716 occultetur
484 1656 517 1716 et
531 1651 730 1736 probationis
747 1652 840 1737 copia
856 1650 997 1715 fortuitis
1010 1647 1136 1715 casibus
1152 1647 1373 1733 subtrahatur)

194 1795 291 1843 senes
313 1782 346 1843 et
366 1776 609 1843 valetudinarii
632 1782 663 1842 et
686 1776 746 1841 atii
763 1782 860 1843 testes
883 1775 1067 1860 (dequibus
1090 1794 1133 1839 ex
1156 1774 1264 1856 aliqua
1280 1774 1374 1836 ratio-

195 1898 295 1964 nabili
324 1919 423 1965 caasa
451 1898 605 1983 timetur),
629 1901 726 1966 etiam
759 1900 814 1964 lite
847 1919 911 1963 non
943 1903 1132 1971 contestata,
1157 1902 1231 1961 sunt
1260 1895 1372 1982 procul

195 2020 290 2087 dubio
313 2021 511 2104 admittendi,
535 2043 593 2088 seu
616 2042 693 2108 pars
716 2028 877 2087 conventa
900 2023 942 2086 sit
965 2026 1149 2102 contumax,
1173 2041 1230 2085 seu
1253 2020 1295 2086 sit
1316 2018 1374 2084 ab·

195 2165 270 2210 sens
293 2144 414 2230 absque
443 2145 566 2211 malitia
587 2151 621 2211 et
644 2146 811 2210 conveniri
844 2165 910 2210 non
933 2146 1033 2230 possit
1056 2165 1086 2209 u.
1111 2144 1174 2211 Sed
1196 2142 1374 2209 cavendum

195 2276 268 2335 erat
291 2289 333 2336 ne
355 2270 537 2335 huiusmodi
553 2270 680 2335 testium
698 2271 901 2355 receptiones
916 2267 1034 2334 fierent
1056 2268 1097 2332 ad
1121 2267 1296 2332 eludendas
1318 2266 1374 2331 ad-

195 2398 333 2463 versarii
357 2398 517 2482 legitimas
540 2396 763 2481 exceptiones;
780 2395 865 2479 quod
882 2396 1089 2459 Innocentius
1106 2394 1156 2459 lll
1173 2394 1205 2457 in
1225 2394 1288 2458 lroc
1303 2413 1373 2478 cap.

195 2524 345 2603 advertit,
369 2523 475 2587 aiens:
495 2540 572 2585 ‹ne
585 2519 676 2602 sorte
699 2522 761 2587 hoc
781 2524 946 2603 procuret
958 2518 1048 2604 (pars
1062 2523 1162 2582 testes
1182 2515 1374 2602 producens)

195 2648 234 2713 r'n
254 2647 428 2730 fraudere,
452 2652 490 2712 nt
508 2665 671 2729 processu
696 2646 858 2728 temporis
889 2644 1104 2726 exceptiones
1135 2642 1304 2728 tepitr'nrae
1326 2642 1374 2707 ad

194 2770 430 2852 repellendum
447 2775 550 2851 testes,
567 2770 619 2835 uel
635 2770 724 2834 altae
739 2770 853 2835 locum
869 2766 992 2831 labne
1007 2765 1222 2848 nonpossint
1233 2784 1374 2848 r;quare

197 2891 281 2957 haec
304 2891 391 2957 iubet
420 2892 583 2963 Pontifex,
613 2910 737 2976 nempe:
765 2890 834 2956 ‹sr'
864 2894 960 2955 actor
988 2907 1059 2954 non
1090 2888 1282 2954 conuenerit
1312 2887 1374 2951 ad-

197 3016 392 3081 uersarium
414 3016 507 3081 intra
523 3034 663 3086 annum,
682 3032 726 3079 ca
745 3032 812 3097 quo
837 3012 1018 3079 conuenire
1029 3012 1158 3093 poterit
1178 3012 1230 3077 ael
1253 3012 1376 3077 sattern

196 3139 423 3222 receptionem
454 3138 649 3205 huirmnrodi
679 3138 813 3204 testium
843 3156 913 3203 non
944 3135 1202 3201 denunciaverit
1231 3135 1298 3207 illi,
1322 3140 1374 3199 at-

198 3264 389 3331 testationes
411 3266 459 3331 sic
480 3270 635 3349 receptae
657 3284 728 3331 non
751 3261 941 3330 caleant...
961 3283 978 3324 ›
998 3260 1053 3346 (1).

287 3386 363 3453 425.
389 3388 427 3452 ln
450 3389 512 3469 §5
535 3388 641 3454 eiusd.
659 3408 744 3471 cap,
762 3388 837 3451 item
856 3384 971 3469 quoad
992 3384 1123 3449 testium
1138 3382 1374 3465 receptionem,

199 3514 261 3585 hoc
278 3512 423 3579 decernit
439 3516 638 3599 generaliter
654 3513 824 3579 Pontifex:
852 3532 869 3574 ‹
887 3512 968 3577 Sunt
990 3516 1023 3575 et
1045 3512 1100 3575 alii
1119 3531 1213 3575 casus
1228 3510 1376 3576 similiter

196 3638 354 3723 speciales
378 3638 411 3701 in
435 3636 547 3722 quibus
570 3637 691 3721 absque
716 3636 782 3700 litis
806 3637 1039 3700 contestatione
1069 3632 1213 3719 legitime
1243 3640 1375 3717 possunt

197 3766 297 3827 testes
320 3760 453 3845 produci
469 3778 499 3835 »3
516 3764 548 3824 et
570 3761 709 3823 maxime
741 3758 854 3823 alludit
878 3758 1032 3823 Pontifex
1057 3756 1098 3820 ad
1122 3776 1235 3822 causas
1266 3758 1375 3823 crimi-

198 3890 298 3963 nales,
323 3906 401 3971 quas
431 3889 590 3952 instaurat
622 3887 717 3951 iudex
749 3886 954 3972 procedendo
977 3904 1022 3949 em
1045 3884 1154 3968 officio
1177 3882 1218 3946 ad
1241 3884 1373 3966 inquisi-

199 4014 319 4078 tionem
343 4014 375 4077 in
399 4014 507 4077 testes.

286 4188 325 4261 (l)
345 4186 406 4242 lure
425 4188 526 4243 merito
545 4189 638 4241 Abbas
657 4192 687 4241 in
708 4191 759 4243 hae
784 4198 866 4257 caput
891 4187 1011 4241 advertit
1037 4184 1108 4238 hanc
1135 4183 1293 4259 nullitatem
1321 4200 1374 4236 non

197 4312 258 4350 esse
276 4297 440 4362 absolutam,
456 4295 502 4350 sed
516 4296 665 4350 relatiuam
685 4311 732 4349 seu
752 4294 906 4363 urgendum
919 4311 935 4346 a
949 4305 1036 4363 parte,
1053 4294 1133 4347 cuius
1147 4294 1277 4357 interest;
1297 4309 1376 4347 sectis

197 4405 328 4455 censetor·
346 4402 481 4456 exercitia
500 4400 581 4455 huius
600 4401 718 4455 actionis
737 4402 931 4455 renunciatum
951 4401 1044 4454 fuisse.
