3350 5117
496 368 540 414 nn
564 364 704 414 runicus
728 361 994 411 necunsrssrrors
1039 413 1042 422 ,
1268 340 1336 406 659

160 497 259 562 bitum
281 493 440 560 sententia
463 487 704 562 confirmatum
728 492 762 552 et
784 486 891 566 iudex,
915 503 959 550 en
982 484 1127 570 legitima
1142 502 1250 558 causa,
1268 484 1332 548 hoc

158 600 284 705 tempus
306 623 436 682 arctare
466 612 520 680 vei
541 611 739 699 protrahere
761 610 857 674 valet.
883 608 931 674 Gt.
956 626 1031 692 cup.
1055 607 1097 672 15
1125 605 1176 673 De
1197 611 1281 672 seat.
1305 611 1338 673 et

161 765 199 812 re
219 744 291 810 tuot.
315 741 356 808 X.

250 871 295 934 At
316 870 350 932 in
373 863 561 932 actiomtue
582 861 734 929 rectatus
763 860 903 926 edictum
934 861 1012 934 fuit,
1037 862 1138 946 ipsam
1165 878 1235 924 rem
1259 878 1339 923 con·

163 1003 342 1061 traversam
365 991 483 1063 statim,
507 1007 566 1053 seu
587 956 611 1052 a
638 991 800 1052 momento
830 1005 894 1070 quo
923 1003 980 1052 res
1009 983 1161 1050 iudicatu
1187 981 1338 1064 habetur,

163 1116 351 1185 tradendam
374 1135 445 1181 esse
467 1113 593 1180 victori.
620 1113 700 1178 Nam
723 1113 757 1177 in
779 1109 968 1178 acuoatous
995 1109 1146 1176 reatibus
1168 1111 1276 1196 agitur
1300 1107 1340 1174 de

163 1218 375 1310 adiudicanda
396 1240 500 1306 actori
523 1257 577 1304 res
599 1257 619 1302 a
642 1257 700 1302 reo
715 1235 822 1302 adhuc
838 1253 1002 1322 possessa;
1019 1235 1104 1301 unde
1128 1235 1343 1303 condemnato

167 1387 233 1448 reo,
252 1364 307 1431 hic
329 1383 395 1428 non
418 1360 555 1447 amplius
584 1365 634 1426 est
662 1359 824 1446 legitimus
854 1376 1030 1444 possessor,
1054 1356 1111 1424 sed
1142 1359 1174 1423 in
1198 1363 1343 1425 actorem

167 1491 323 1578 possessio
346 1489 395 1551 rei
418 1490 648 1551 controversae
671 1483 900 1549 transferenda
923 1489 982 1548 est.
1007 1483 1035 1548 E
1059 1483 1222 1548 contra'in
1239 1483 1340 1550 actio·

167 1614 265 1681 uittas
275 1607 524 1696 perconctatus,
537 1608 610 1693 quia
626 1625 701 1672 reus
717 1606 835 1671 exinde
852 1606 1083 1672 condemnatus
1099 1613 1149 1673 est
1163 1607 1204 1673 ad
1220 1607 1340 1692 aliquid

166 1738 314 1819 dandum,
338 1733 530 1815 faciendum,
554 1731 792 1819 praestandum,
809 1751 948 1816 aequum
971 1751 1038 1797 non
1062 1737 1110 1798 est
1133 1732 1281 1798 eumdem
1305 1735 1349 1800 ad

168 1883 237 1930 rem
259 1859 487 1948 praestandam
508 1855 658 1924 mobilem
681 1857 733 1921 vel
759 1858 939 1942 pecuniam,
963 1875 1059 1942 quam
1084 1858 1196 1924 forsan
1222 1863 1258 1924 in
1290 1879 1349 1924 sua

169 1989 369 2076 possessione
392 1983 580 2058 nonhabet,
597 1984 808 2050 incontinenti
824 1981 967 2068 adigere,
982 1984 1058 2066 quia
1077 2003 1169 2050 reum
1184 2003 1202 2048 ‹
1218 1983 1348 2050 debere
1441 1968 1445 1977 ’

169 2111 282 2179 statim
303 2108 433 2176 soluere
456 2126 534 2174 cum
556 2105 672 2192 otique
696 2111 961 2189 temperamento
987 2109 1148 2192 temporis
1175 2107 1350 2192 accipien-

169 2237 255 2302 dum
269 2239 339 2317 est,·
353 2252 416 2299 uec
431 2232 520 2298 euim
536 2250 614 2296 cum
629 2249 726 2298 succo
750 2231 849 2297 adire
871 2230 967 2298 debet
990 2251 1008 2296 a
1035 2252 1150 2319 nempe
1173 2231 1344 2308 iudicium

171 2359 217 2422 ita
243 2356 386 2440 loquitur
412 2359 520 2420 textus
542 2355 564 2420 t.
588 2351 669 2432 106,
692 2354 728 2437 ff.
752 2353 804 2419 De
826 2353 1069 2421 solutionibus:
1086 2355 1127 2420 cf.
1145 2374 1221 2438 cap.
1239 2355 1282 2420 16
1299 2354 1350 2419 De

169 2482 227 2565 off.
252 2481 358 2566 dctep.
383 2477 418 2544 X
438 2476 477 2563 (1,
501 2475 570 2562 29).

261 2603 295 2689 2)
320 2603 426 2677 Quum
439 2602 545 2667 victus
566 2595 702 2666 actione
712 2603 781 2666 sive
795 2602 974 2684 personati
989 2605 1058 2668 sive
1073 2601 1170 2676 reati,
1190 2600 1355 2666 detrectat

173 2747 243 2792 rem
267 2727 300 2790 in
322 2738 427 2810 quam·
441 2723 672 2790 condemnatus
695 2724 756 2790 fuit
778 2725 939 2810 praebere
961 2733 1018 2794 aut
1036 2727 1175 2800 solvere,
1201 2727 1255 2791 vel
1278 2746 1356 2792 sen·

172 2851 295 2916 tentiae
318 2849 544 2915 executionem
566 2847 744 2934 impediunt
765 2849 838 2914 eius
862 2849 1040 2915 creditores
1063 2856 1119 2916 aut
1141 2849 1195 2915 alii
1219 2870 1356 2934 quorum

172 2975 319 3045 interest,
343 2969 583 3057 procedendum
605 2970 719 3037 estad
742 2976 887 3036 coactam
911 2973 1147 3038 executionem.

265 3095 424 3161 Executio
447 3094 628 3160 sententiae
650 3095 684 3158 in
707 3088 822 3159 debitis
841 3093 1083 3178 personatibus
1107 3114 1145 3159 eo
1169 3093 1283 3160 ordine
1308 3094 1360 3158 fa-

173 3219 293 3287 cienda
314 3224 364 3285 est
385 3224 421 3285 ut
442 3238 505 3304 quo
530 3220 635 3284 minus
660 3216 731 3284 fleri
754 3219 872 3305 possit,
896 3239 955 3285 reo
978 3225 1153 3294 noceatur,
1178 3238 1235 3284 seu
1264 3223 1361 3283 antea

173 3343 406 3411 distrahendas
436 3351 512 3410 sunt
540 3345 616 3410 iliae
640 3365 693 3410 res
716 3365 798 3429 quae
822 3347 927 3411 miuus
954 3345 1078 3414 directe
1107 3346 1288 3412 inserviunt
1311 3345 1362 3408 in-

175 3468 321 3533 dustriae
344 3472 377 3532 et
399 3467 498 3534 victui
521 3468 587 3542 rei;
611 3473 644 3534 et
667 3467 729 3532 hoc
752 3466 866 3533 suadet
897 3469 966 3554 ipsa
998 3471 1081 3534 ratio
1112 3467 1291 3540 naturalis,
1317 3467 1363 3531 uti

176 3593 363 3678 explicatur
385 3592 419 3656 in
442 3591 534 3660 titulo
558 3591 608 3657 De
629 3591 909 3676 sequestratione.

270 3717 308 3782 Iu
331 3715 481 3783 reatibus
502 3722 610 3782 autem
641 3718 704 3782 iam
728 3724 778 3784 est
800 3723 892 3784 certa
918 3737 972 3784 res
995 3737 1077 3802 quae
1099 3719 1171 3783 dari
1197 3718 1303 3792 debet,
1327 3723 1362 3784 et

177 3840 259 3904 hinc
280 3839 361 3904 nulli
385 3839 535 3905 electioni
557 3844 613 3906 aut
635 3840 827 3925 praelationi
850 3841 941 3906 circa
968 3839 1132 3906 obiectum
1158 3843 1360 3907 executionis

178 3965 272 4029 iocus
296 3970 354 4029 est.

272 4089 348 4154 691.
373 4089 436 4156 Sed
465 4095 579 4155 coacta
607 4092 755 4156 executio
786 4090 950 4156 obtinetur
981 4110 1040 4175 per
1063 4090 1184 4157 media.
1199 4085 1368 4165 coactiva;

179 4212 365 4279 huiusmodi
387 4219 461 4279 sunt
483 4215 628 4299 pignora,
650 4214 931 4297 sequestrationes
954 4213 1154 4282 venditiones
1178 4213 1237 4279 sub
1260 4213 1365 4284 hasta.

178 4337 357 4402 divisiones
379 4342 412 4402 et
434 4339 479 4402 ita
502 4356 609 4423 porro.
627 4372 671 4387 ·-
689 4336 862 4404 Brachium
887 4338 1056 4404 saeculare
1080 4338 1165 4424 apud
1196 4358 1263 4412 nos,
1289 4340 1365 4410 item

180 4465 222 4529 in
252 4463 359 4531 Gallia
389 4463 494 4540 adhuc
524 4463 648 4530 obtinet
678 4463 775 4529 index
804 4464 923 4541 eccles.
948 4467 980 4529 in
1013 4464 1215 4550 exequendis
1239 4469 1371 4532 senten-
