3350 5117
408 270 473 334 488
680 296 684 308 ·
933 286 1016 332 esus
1042 287 1064 332 1.

406 405 552 472 ficientes
574 406 797 492 probationes;
821 426 895 471 nam
926 425 967 472 ne
998 408 1121 472 crimen
1151 409 1337 492 impunitum
1364 409 1517 494 eradatptu·

407 535 479 596 sent
500 531 648 597 adhiberi
671 533 768 597 etiam
791 537 891 596 testes
914 531 1000 597 laici.
1027 533 1126 596 Nemo
1156 553 1223 596 nou
1252 533 1342 614 uidet,
1363 534 1416 598 hoc
1433 536 1518 620 pericu

407 657 473 722 lum
496 657 686 742 suspicionis
710 661 743 721 et
765 655 889 721 fraudis
912 675 1007 741 posse
1029 658 1152 742 augeri,
1176 658 1279 722 minui
1302 663 1353 722 aut
1372 657 1519 722 minimehn-

406 784 476 850 beri
488 784 714 870 molosorum,
728 803 953 868 personarum,
968 787 1149 868 temporum
1163 787 1195 848 et
1207 785 1381 868 praecipue,
1392 801 1519 847 caummn

405 909 604 976 diuersitate.

496 1033 572 1097 472.
597 1033 649 1097 Ex
672 1033 829 1118 principio
853 1051 952 1117 supra
976 1034 1089 1117 posito,
1104 1051 1207 1098 nemo
1232 1033 1320 1098 lestis
1334 1033 1367 1097 in
1380 1051 1463 1097 cursu
1472 1049 1520 1115 pm·

405 1159 497 1241 prin,
522 1160 670 1223 exoritur
696 1157 839 1242 quaestio
862 1177 904 1220 au
930 1157 1076 1243 praelati,
1101 1161 1248 1222 rectores
1270 1157 1430 1222 Ecclesiae.
1449 1156 1518 1218 derio
1576 1165 1577 1168 ’

407 1281 587 1350 beneficiati
611 1286 733 1369 possint
755 1304 826 1348 esse
851 1288 950 1348 testes
974 1283 1008 1347 in
1031 1286 1136 1348 causis
1165 1303 1243 1347 suae
1272 1282 1423 1348 Ecclesiae
1443 1282 1480 1345 uel
1495 1285 1521 1344 su

407 1405 564 1471 beneficii.
591 1407 675 1470 Huic
702 1405 880 1491 quaest-loni
909 1405 1068 1470 satisfacit
1097 1425 1171 1490 cap.
1196 1406 1249 1478 12,
1275 1403 1306 1469 h.
1331 1411 1349 1470 t.
1372 1406 1408 1476 X,
1428 1405 1520 1470 edicens
1576 1487 1577 1490 Ἴ

409 1553 426 1592 s
453 1533 523 1595 Non
545 1531 646 1595 lateat
669 1529 873 1615 prudentiam
897 1535 1039 1594 vestram
1063 1531 1145 1614 quod
1168 1530 1283 1596 clerici
1304 1551 1366 1595 non
1387 1535 1447 1594 sunt
1464 1549 1477 1592 a
1492 1529 1521 1590 ie·

407 1657 508 1722 rendo
531 1659 712 1723 testimonio
735 1677 833 1743 super
859 1659 990 1741 negotio
1014 1657 1179 1722 Ecclesiae
1203 1677 1282 1722 suae
1313 1653 1465 1742 repellendi
1484 1653 1521 1716 n'si

407 1781 478 1847 ulia
506 1780 721 1847 rationabilis
751 1801 857 1847 causa
887 1780 1047 1846 subsit».
1081 1782 1252 1846 Postrema
1283 1779 1379 1844 verba
1408 1779 1521 1844 contiuo

406 1904 630 1988 exceptionem
653 1903 735 1989 legis
757 1903 921 1990 generalis
945 1905 1160 1989 permittentis
1187 1903 1327 1970 clericos
1349 1905 1381 1966 in
1400 1903 1442 1966 his
1459 1901 1522 1962 canes

406 2036 506 2096 testes
521 2051 602 2096 esse.
620 2032 714 2095 Ratio
730 2029 899 2096 decIdendi
917 2035 975 2100 est,
990 2031 1064 2114 quia
1079 2032 1150 2094 iura
1166 2031 1335 2095 Ecclesiae
1346 2049 1404 2093 non
1414 2031 1471 2094 suut
1482 2027 1523 2088 im

406 2153 538 2237 propria
562 2151 766 2230 clericorum,
787 2151 844 2215 sed
872 2156 1019 2236 spectant
1049 2151 1090 2216 ad
1113 2153 1357 2217 universitatem
1378 2171 1426 2216 seu
1444 2147 1473 2212 ed
1491 2166 1523 2209 ens

406 2275 539 2347 morale,
566 2277 617 2340 cui
640 2275 700 2360 ipsi
724 2279 879 2360 praesunt
901 2275 954 2339 vel
980 2275 1031 2339 cui
1055 2281 1129 2338 sunt
1151 2273 1282 2339 addicti.
1309 2275 1477 2358 Principium
1492 2287 1524 2352 gs·

406 2401 520 2465 nerale
551 2403 584 2465 in
615 2402 677 2467 lroc
708 2403 904 2486 propositum
936 2401 1000 2466 iam
1028 2401 1194 2486 eleganter
1224 2401 1412 2466 enunciatnr
1437 2399 1462 2461 in
1484 2397 1525 2476 lep

405 2527 518 2598 Fiunt.
534 2527 557 2609 ἓ
582 2529 607 2607 1,
627 2527 722 2596 stnd
737 2526 980 2611 msiusmcmpue
995 2526 1224 2592 univcrsitatis
1248 2528 1394 2593 norisius:
1409 2545 1423 2586 ‹
1437 2520 1465 2586 di
1475 2515 1525 2604 pull

405 2652 619 2718 uitiemsilnli
642 2651 785 2724 debetur,
803 2672 869 2717 nou
893 2653 1029 2738 siugulis
1044 2651 1188 2724 debetur,
1206 2672 1269 2718 uec
1294 2651 1376 2736 quod
1390 2646 1525 2714 universim

406 2775 509 2856 debet,
533 2776 649 2860 singuli
682 2775 798 2839 debent
821 2797 853 2838 s.
876 2774 937 2842 Sed
962 2777 1090 2860 quinem
1114 2780 1188 2840 sunt
1203 2796 1310 2848 casus,
1327 2776 1359 2838 in
1381 2763 1523 2858 quibusnliu

405 2901 619 2968 rationabilis
642 2921 748 2966 eausa
777 2899 895 2966 subsit?
928 2901 1047 2966 Plures
1078 2923 1148 2967 esse
1170 2907 1306 2986 possent
1336 2903 1417 2964 iuxta
1442 2891 1525 2978 regule

406 3045 505 3111 supra
528 3030 749 3090 enumeratas:
777 3025 822 3089 ita
845 3026 870 3089 si
896 3025 1037 3090 clericus
1067 3026 1099 3088 in
1130 3044 1227 3089 cause
1252 3027 1322 3109 ipse
1345 3026 1383 3088 sit
1406 3026 1479 3086 actor
1495 3013 1525 3076 ul

401 3149 684 3232 procurationum
708 3147 908 3212 commodum
932 3149 1071 3233 attingat
1094 3149 1220 3214 directe
1236 3150 1401 3228 clericum,
1416 3141 1526 3209 ludium

405 3272 597 3351 Ecclesiam,
616 3271 720 3354 prouti
745 3269 771 3333 si
795 3273 951 3354 ageretur
967 3269 1006 3333 de
1030 3269 1188 3337 fructibus
1205 3289 1271 3334 nnn
1290 3270 1428 3354 capitulo,
1439 3263 1480 3329 sed
1490 3261 1526 3323 siu·

406 3395 489 3480 gulis
512 3394 674 3458 canonicis
698 3392 935 3464 distribuendis,
953 3396 1030 3456 tunc
1051 3393 1082 3457 in
1107 3393 1292 3458 huiusmodi
1316 3412 1406 3459 cansa
1426 3387 1525 3453 clericus

405 3540 467 3604 qua
489 3521 589 3594 testis,
614 3537 678 3582 non
701 3517 891 3582 admittitur.

494 3643 568 3707 473.
594 3643 635 3708 Ut
660 3644 721 3706 rite
745 3642 946 3727 intelligatur
970 3643 1018 3708 vis
1040 3643 1173 3707 istarum
1198 3641 1436 3710 escensionem,
1455 3633 1526 3698 adrer-

403 3771 491 3833 tatur
514 3786 535 3830 a
557 3768 628 3831 iure
651 3767 786 3852 positivo
808 3786 892 3839 can„
917 3766 976 3831 has
999 3787 1063 3831 non
1088 3772 1209 3831 tantum
1227 3769 1365 3851 proponi
1388 3763 1437 3828 sub
1454 3758 1525 3841 foro*

405 3889 641 3963 iezlrnbilitntis,
674 3890 730 3953 sed
761 3893 866 3975 potius
907 3889 964 3956 sub
993 3891 1109 3975 semim
1139 3892 1355 3974 suspicionis.
1385 3923 1423 3938 -
1443 3886 1525 3951 Contur-

405 4016 489 4078 rium
527 4018 670 4099 systema
708 4019 819 4077 tenent
858 4015 968 4099 plures
1010 4015 1135 4079 codices
1177 4013 1340 4094 hodierni,
1369 4013 1414 4096 qui
1449 4002 1524 4092 penul

404 4138 575 4202 nonnullas
609 4139 781 4204 absolutas
815 4139 1043 4205 imitabililales
1076 4137 1131 4203 sed
1168 4158 1372 4224 perpaucas;
1404 4143 1431 4202 et
1457 4128 1525 4210 eispl-

404 4263 511 4329 ciom's
534 4284 625 4328 casus
646 4254 832 4348 relinquunt
855 4263 1099 4350 perpendendos
1118 4263 1255 4329 arbitrio
1274 4266 1385 4331 iudicis
1407 4267 1434 4328 et
1452 4259 1525 4322 inum

404 4387 468 4450 tiae
499 4392 653 4472 partium:
684 4391 727 4453 ita
756 4410 792 4454 se
822 4388 920 4454 habet
952 4391 1003 4454 cit.
1029 4389 1098 4455 cod.
1130 4389 1228 4476 Greg.
1259 4393 1354 4460 XVI,
1378 4411 1404 4454 a.
1430 4407 1453 4449 a.
1472 4374 1523 4442 ded·
