3350 5117
526 352 570 401 nn
594 352 733 401 rumcus
756 353 1020 402 nccnnsmsrrcrs
1298 337 1365 403 ran

178 476 267 541 mins
289 475 430 541 scrutari
445 478 603 547 naturam,
617 474 692 557 quin
708 480 816 539 tamen
841 475 1062 561 ingrediamur
1077 476 1264 543 innumeras
1279 496 1364 563 pene

178 600 424 663 controversias
446 596 509 662 hac
533 596 573 661 de
596 618 634 663 re
656 602 760 663 motas
776 596 831 683 (l).

275 724 350 789 166.
376 723 408 789 Si
431 723 574 789 actiones
589 728 665 788 sunt
681 722 841 790 obiectum
856 722 975 797 iudicii,
987 727 1132 809 sequitur
1148 725 1259 790 forsan
1276 724 1363 809 quod

177 844 272 917 aaut
296 870 362 915 non
385 849 600 936 distinguatur
622 848 662 914 ab
685 850 759 933 ipso
786 849 863 915 iure
889 846 1130 917 controuerso?
1153 852 1196 916 Et
1222 852 1286 916 hoc
1308 855 1361 916 est

183 972 379 1059 negandum,
402 976 468 1037 tum
492 990 534 1037 ex
559 973 627 1056 ipso
650 977 809 1057 conceptu
833 973 1058 1047 actionis,tnm
1075 974 1215 1039 maxime
1238 992 1281 1039 ex
1303 994 1365 1039 usu

178 1099 321 1165 actionis
344 1099 378 1163 in
402 1100 472 1163 iure
495 1098 640 1182 positivo.
658 1098 787 1171 Revera
810 1099 894 1179 actio
907 1118 1031 1191 Quo,
1048 1098 1119 1163 iure
1135 1104 1273 1165 naturae
1289 1118 1365 1165 con·

182 1222 339 1289 siderata.
355 1218 610 1305 independenter
632 1240 651 1283 a
673 1240 874 1304 quocumque
896 1221 968 1285 iure
990 1225 1201 1287 controverso
1224 1223 1258 1287 in
1281 1220 1365 1287 iudi·

184 1345 273 1409 cium
296 1341 444 1423 adducto,
469 1348 517 1407 est
547 1344 596 1408 ius
625 1341 771 1425 omnihus
797 1343 924 1433 ,iuribus
954 1346 1098 1435 anterius
1122 1348 1155 1409 et
1176 1344 1365 1417 inhaerens,

181 1476 234 1535 est
256 1468 312 1533 ius
341 1467 549 1550 defendendi
573 1470 721 1553 propriu
751 1469 830 1533 iura
839 1489 854 1552 ,·
884 1489 947 1553 quo
973 1490 1069 1536 sensu
1092 1491 1173 1537 vera
1196 1478 1246 1537 est
1268 1472 1365 1538 iusti-

185 1596 276 1660 niani
307 1590 452 1661 deflnitio
481 1595 515 1657 in
547 1595 628 1659 lust.
661 1594 732 1661 Lib.
756 1596 789 1675 d,
820 1594 882 1660 Tit.
907 1596 943 1660 6.·
968 1616 986 1658 c
1011 1596 1107 1663 Actio
1133 1604 1253 1682 *autem
1280 1597 1367 1662 nitet

180 1718 286 1784 atiud
310 1723 357 1784 est
380 1736 486 1802 quam
507 1718 561 1785 ius
581 1716 809 1803 persequendi
831 1718 955 1785 iudicio
972 1720 1064 1803 quod
1086 1721 1150 1785 siti
1173 1720 1314 1787 debetur
1329 1744 1362 1787 ›.

187 1847 239 1910 Ita
263 1842 429 1909 intellecta
452 1842 533 1907 haec
557 1839 698 1907 definitio
722 1862 786 1905 non
810 1843 946 1927 amplius
962 1847 1012 1909 est
1033 1844 1173 1909 obnoxia
1190 1846 1367 1931 reprehen-

180 1970 331 2037 sionibus
363 1970 482 2036 Guiacii
512 1968 713 2053 aliorumque
744 1973 1041 2053 commentatorum,
1062 1973 1117 2055 qui
1148 1971 1292 2036 eamdem
1321 1972 1367 2036 uti

185 2092 414 2179 imperfectam
437 2089 621 2157 habuerunt
645 2090 683 2156 ob
703 2092 893 2156 vocabulum
917 2093 1065 2165 debetur,
1079 2094 1161 2178 quod
1185 2094 1366 2158 videturse

188 2216 320 2281 reterre
342 2218 465 2281 tantum
488 2212 528 2277 ad
551 2213 623 2278 iura
646 2216 677 2277 in
703 2232 874 2299 personam
890 2235 947 2279 seu
963 2213 1003 2279 ad
1027 2216 1260 2301 praestationes
1276 2234 1297 2278 a
1311 2214 1370 2277 de·

185 2340 294 2405 bitore
319 2338 471 2404 creditori
497 2338 647 2421 debitas‚·
670 2358 732 2401 non
762 2337 802 2403 ad
827 2340 898 2402 iura
925 2338 1027 2403 realia
1049 2358 1105 2405 seu
1136 2338 1177 2403 ad
1208 2358 1261 2403 res
1285 2357 1370 2422 quae

188 2470 324 2531 nostrae
348 2464 410 2529 iam
433 2468 507 2529 sunt
529 2463 684 2528 adversus
708 2483 829 2528 omnes.
854 2499 897 2512 -
921 2462 984 2528 Sed
1014 2483 1032 2527 a
1063 2470 1177 2531 contra
1201 2465 1370 2548 proprium

183 2596 239 2655 est
262 2589 408 2659 actionis.
434 2608 504 2653 esse
527 2588 602 2671 quid
626 2588 811 2673 generalius
839 2593 872 2653 et
894 2590 1042 2672 superius
1061 2608 1262 2673 quocumque
1285 2590 1370 2670 iure,

189 2714 237 2779 uti
261 2714 311 2777 ius
326 2712 520 2777 detensionis
536 2712 719 2805 distinctum
735 2732 755 2777 a
771 2712 926 2797 peculiari
942 2712 1013 2778 iure
1029 2712 1241 2777 defendendo·
1259 2711 1370 2786 Quare

185 2858 257 2903 non
281 2838 457 2922 improprie
472 2834 600 2909 dicitur,
618 2838 671 2901 ius
690 2838 919 2922 persequendi
935 2838 1027 2923 quod
1042 2832 1105 2904 sibi
1128 2837 1278 2912 debetur,
1296 2837 1373 2920 quia

185 2960 261 3023 sive
284 2976 519 3043 persequamur
535 2978 604 3021 rem
621 2959 682 3021 iam
707 2964 849 3025 nostram
865 2960 918 3023 vel
934 2959 1054 3045 aliquid
1079 2966 1262 3044 repetamus
1278 2957 1372 3023 nobis

185 3082 233 3145 ab
256 3081 321 3145 alio
343 3080 571 3165 praestandum
595 3082 626 3144 vi
650 3080 870 3167 obligationis;
895 3103 954 3169 per
984 3085 1144 3148 actionem
1175 3080 1372 3147 intendimus

187 3212 247 3271 aut
271 3204 448 3270 efficaciter
471 3225 531 3291 per
553 3208 776 3271 auctoritatem
797 3208 988 3287 iudicialem,
1009 3222 1159 3292 repetere
1174 3205 1257 3289 quod
1278 3206 1373 3271 nobis

187 3331 343 3405 debetur,
368 3338 423 3395 aut
445 3330 622 3395 defendere
642 3331 674 3396 id
697 3332 781 3415 quod
805 3331 896 3396 nobis
919 3332 1038 3398 debent
1061 3332 1126 3401 alii,
1144 3334 1189 3396 uti
1213 3335 1371 3402 nostrum,

190 3472 434 3539 recognoscere
457 3457 489 3517 et
512 3454 670 3518 revereri.
694 3486 739 3501 -
762 3455 854 3520 Unde
877 3456 911 3518 in
934 3455 955 3519 i.
980 3454 1047 3521 178
1069 3456 1091 3537 g
1114 3453 1148 3536 3,
1166 3457 1201 3539 ff.
1216 3455 1265 3519 De
1280 3451 1372 3519 verb.

193 3550 311 3663 siparis.
347 3576 551 3643 declaratur:
587 3576 701 3641 «Hoc
738 3577 874 3643 verbum
913 3598 1038 3644 nnaenr
1075 3599 1202 3643 omnem
1242 3578 1374 3641 omnino

188 3703 355 3766 actionem
379 3700 657 3786 comprehendere
680 3700 807 3766 videtur
832 3724 862 3766 ».
887 3704 932 3768 At
954 3702 1143 3788 iampridem
1175 3702 1215 3766 ad
1246 3720 1375 3765 omnem

188 3821 406 3887 auferendam
433 3822 626 3888 dubietatem
658 3824 803 3889 nonnulli
833 3821 1028 3889 definierunt
1061 3826 1241 3889 actionem:
1272 3844 1291 3883 c
1315 3822 1376 3886 Ius

126 3973 130 3983 ·
181 3942 422 4029 persequendi
451 3944 489 4008 in
519 3944 645 4011 iudicio
676 3945 767 4030 quod
797 3944 893 4038 nobis
924 3943 1063 4010 debetur
1097 3949 1157 4011 aut
1191 3943 1285 4029 quod
1314 3961 1372 4007 ne-

186 4074 305 4133 strum
329 4073 379 4134 est
402 4090 432 4133 r.

286 4348 326 4421 (Ι)
346 4348 405 4403 Hac
424 4349 457 4405 de
477 4366 506 4405 re
529 4356 642 4420 possunt
665 4351 796 4404 conferri:
816 4350 1062 4416 Arndts·Seratini‚
1083 4351 1218 4404 Pandettc
1242 4349 1329 4414 §963
1348 4352 1378 4401 ct

190 4453 231 4509 cl.
251 4455 391 4527 Ruggeri,
412 4457 454 4509 De
476 4456 694 4526 Obliqctionibus
714 4485 727 4497 -
748 4458 885 4511 Proelect.
904 4461 942 4511 ad
962 4456 1126 4521 Pandemos,
1146 4474 1204 4526 cap.
1227 4457 1251 4511 l.
