3350 5117
553 296 597 342 un
620 295 761 344 mmcns
783 295 1049 344 nccnnsmsrrcrs
1323 275 1391 342 299

204 434 281 480 can.
305 414 449 497 obnoxii,
473 422 586 504 utputa
607 417 798 503 baptismum
821 416 880 482 sub
912 417 1006 503 gravi
1029 424 1062 482 et
1084 417 1201 482 iniusto
1228 421 1315 481 metu
1338 413 1391 480 ad·

205 543 436 618 ministratum.
469 546 544 610 item
571 545 659 610 sacri
683 544 816 612 Ordinis
839 543 979 624 collatio,
999 544 1052 628 qui
1082 549 1174 608 actus
1196 541 1294 606 velidi
1317 548 1392 608 sunt

206 685 271 731 nec
293 667 420 733 irritari
451 669 578 744 valent;
602 669 802 734 solummodo
835 669 863 734 si
894 686 957 752 qua
978 685 1020 734 ex
1044 667 1188 752 pertesi
1213 665 1334 731 subsint
1357 666 1391 728 in

206 789 275 854 suis
298 786 474 864 effectibus.
499 791 532 857 hi
557 791 678 856 resolvi
695 795 838 877 possunt,
853 789 953 856 veluti
981 789 1014 852 in
1038 788 1069 854 S.
1086 787 1299 856 Ordinatione
1315 787 1416 864 obli-¹

207 916 356 1000 gationes
379 936 422 980 ex
445 916 517 981 iure
539 917 675 1001 positivo
699 916 894 983 derivantes.

299 1039 376 1104 266.
403 1039 556 1144 Quaestio
579 1039 665 1105 haud
688 1039 795 1120 facilis
818 1039 874 1104 sed
898 1041 1007 1124 magni
1031 1039 1182 1125 ponderis
1205 1045 1263 1119 cst,
1283 1044 1391 1104 utrum

205 1170 302 1230 ectus
324 1167 397 1230 iure
419 1166 556 1250 positivo
579 1166 705 1232 validus
728 1167 785 1231 sed
809 1166 1035 1248 rescindibilis,
1059 1168 1087 1232 si
1109 1167 1287 1232 accesserit
1309 1166 1391 1230 iura·

206 1297 363 1372 mentum,
388 1292 505 1360 evadat
527 1295 657 1359 omnino
680 1291 792 1357 firmus
817 1299 849 1358 et
874 1292 1106 1358 irrevocabilis.
1132 1293 1210 1360 Cum
1234 1293 1346 1378 primis

304 1413 335 1500 l)
358 1415 559 1489 advertetur,
576 1418 804 1498 iuramentum,
821 1417 880 1482 etsi
897 1419 1087 1504 gravissimo
1108 1423 1194 1482 metu
1217 1421 1391 1496 extortum,

208 1537 352 1603 validum
376 1559 458 1620 esse,
471 1540 585 1607 saltem
609 1542 701 1605 iuxta
724 1542 888 1606 veriorem
912 1541 1103 1606 sententiam
1127 1561 1169 1604 ex
1193 1559 1268 1623 cap.
1293 1539 1325 1612 8,
1342 1539 1392 1604 De

208 1665 356 1730 iuretur.
379 1667 415 1730 X
437 1667 495 1748 (Il,
518 1667 574 1754 24)
598 1671 632 1732 et
653 1689 681 1734 c.
707 1655 742 1750 3,
768 1666 822 1732 De
845 1668 887 1732 iis
910 1667 970 1752 qui
992 1667 1025 1732 oi
1048 1673 1136 1748 met,
1159 1667 1194 1731 X
1200 1687 1214 1748 ,·

301 1789 336 1874 2)
359 1791 392 1854 in
425 1791 606 1858 iuramento
635 1793 845 1878 promissorio
875 1791 955 1857 duas
985 1793 1144 1856 contineri
1181 1791 1391 1876 obligationes

212 1931 351 1996 prorsus
365 1912 549 1990 distinctam
572 1935 669 1980 unam
694 1933 774 2000 erga
796 1915 1038 2001 promissorium
1054 1912 1157 1996 quoad
1175 1931 1243 1976 rem
1260 1913 1391 1997 promis·

213 2054 304 2111 sam;
330 2035 468 2101 alteram
490 2055 572 2125 erga
594 2038 694 2103 Deum
719 2035 823 2121 quoad
848 2037 1068 2121 promissionis
1090 2033 1391 2120 adimplementum;

212 2160 322 2243 prima
345 2178 388 2224 ex
410 2161 539 2227 iustitia
562 2161 690 2228 derivat
712 2167 745 2226 et
767 2169 816 2226 est
834 2160 1041 2244 principalis
1047 2180 1061 2243 ,·
1085 2158 1226 2224 secunda
1249 2179 1291 2222 ex
1308 2157 1392 2223 Reli-

211 2286 320 2370 gione,
333 2304 415 2369 quae
430 2291 480 2350 est
502 2287 702 2361 accessoria,
719 2287 804 2352 unde
819 2287 970 2372 provenit
991 2285 1161 2370 vulgatum
1178 2285 1389 2369 principium:

210 2407 447 2474 iuramentum
471 2414 648 2494 tamquam
675 2409 901 2476 accessorium
923 2409 1077 2493 sequitur
1099 2414 1262 2474 naturam
1286 2413 1390 2482 actus,

207 2551 271 2597 seu
289 2533 495 2616 principale.
520 2527 563 2598 ex'
584 2553 655 2620 rep.
680 2534 738 2606 42,
764 2532 817 2598 De
839 2553 911 2620 reg.
935 2533 1023 2598 iuris
1046 2533 1090 2614 6,·

302 2657 336 2741 3)
359 2655 495 2742 proinde
514 2663 605 2722 certe
621 2678 686 2722 non
704 2664 800 2744 urget
815 2658 985 2722 iuramenti
1003 2657 1164 2743 obligatio,
1181 2658 1206 2722 si
1224 2658 1393 2742 promissio

209 2779 402 2864 principalis
417 2779 459 2844 sit
474 2781 545 2844 iure
568 2781 709 2845 naturali
725 2780 824 2853 nulla.
842 2753 928 2864 quia,
939 2780 1060 2860 illicita,
1077 2799 1151 2844 nam
1175 2775 1392 2844 iuramentum

211 2922 279 2967 non
303 2907 353 2966 est
375 2902 539 2966 vinculum
555 2903 744 2986 iniquitatis,
766 2922 808 2967 ex
832 2901 972 2976 c.1,De
994 2901 1136 2966 iuretur.
1153 2901 1190 2966 in
1214 2900 1307 2984 (illl,
1328 2901 1391 2990 ll),

210 3028 266 3093 vel
289 3028 332 3092 sit
354 3028 486 3092 maioris
509 3027 584 3093 boni
600 3029 804 3113 impeditiva;
828 3029 913 3093 Deus
933 3029 1017 3092 enim
1040 3027 1125 3093 banc
1148 3029 1392 3112 promissionem

210 3171 279 3215 non
302 3156 467 3235 acceptat;
499 3151 542 3216 cf.
566 3151 637 3216 Diu.
666 3153 778 3217 Thom.
802 3151 838 3227 2,
862 3151 897 3224 2,
923 3152 979 3226 89,
1006 3153 1037 3216 7.
1070 3152 1102 3218 Si
1133 3171 1213 3216 vero
1241 3151 1393 3236 obligatio

209 3454 293 3504 nctus
311 3449 416 3519 positos
435 3450 486 3503 sub
504 3454 582 3506 metu
600 3450 653 3506 etsi
672 3450 752 3519 gravi
765 3453 795 3504 et
812 3449 916 3504 iniusto
934 3449 1107 3504 voluntarios
1125 3449 1253 3516 existere,
1266 3450 1394 3520 quemvis

209 3559 367 3612 sonandam
387 3558 463 3628 quid,
480 3573 530 3612 sen
548 3558 641 3612 minus
659 3557 772 3612 liberos.
792 3557 879 3628 Atqui
905 3574 940 3612 ex
958 3557 1128 3611 matrimonii
1147 3563 1247 3611 natiue
1268 3573 1323 3610 non
1343 3573 1393 3626 po-

209 3667 268 3718 test
287 3664 387 3727 evinci,
407 3661 564 3718 huiusmodi
582 3667 756 3718 contractum
777 3680 837 3718 esse
857 3661 940 3717 huius
959 3663 1079 3733 generis,
1098 3668 1130 3718 ut
1148 3663 1208 3717 iure
1227 3668 1343 3717 naturae
1356 3664 1393 3716 sit

211 3769 320 3834 irritus,
338 3768 363 3822 si
381 3785 445 3822 cum
463 3772 539 3822 metu
565 3768 644 3838 gravi
662 3768 785 3832 incatur3
811 3768 984 3822 solummodo
1008 3768 1147 3822 evincitur
1173 3785 1233 3823 esse
1252 3770 1393 3824 conforme

210 3875 273 3930 eins
291 3875 405 3941 rationi,
416 3874 472 3928 imo
490 3891 561 3943 pene
580 3875 776 3941 necessarium,
790 3875 938 3930 subvenire
955 3891 1003 3944 per
1021 3876 1065 3928 ius
1083 3875 1232 3944 positivum
1251 3876 1395 3930 matrimo-

208 3983 266 4036 niis
285 3983 337 4036 sub
355 3981 409 4036 hoc
427 3986 504 4036 metu
523 3981 614 4048 initie;
641 3981 693 4036 hoc
720 3982 801 4038 docet
826 3982 856 4036 D.
877 3982 998 4036 Thomas
1022 3985 1115 4054 suppl.
1139 4001 1163 4054 q.
1184 3985 1237 4050 47,
1256 4004 1280 4040 a.
1300 3987 1336 4051 3,-
1358 3987 1393 4038 cf.

209 4087 246 4144 cl.
266 4088 399 4158 (lesperri
418 4088 458 4156 II,
478 4089 531 4142 811
549 4106 587 4159 sq.
608 4092 637 4144 et
656 4089 905 4156 Arndts-Serefini,
923 4089 969 4144 Ad
988 4089 1143 4145 Pondectas
1160 4092 1187 4144 b.
1207 4101 1226 4144 t.
1245 4095 1263 4156 ἓ
1285 4092 1329 4158 61,
1346 4091 1392 4145 ubi

209 4193 333 4248 intentio
351 4194 420 4247 iuris
439 4193 545 4247 romani
565 4198 641 4249 recte
659 4194 809 4264 exponitur
826 4193 915 4250 relate
935 4195 969 4248 ad
987 4200 1079 4250 metus
1097 4195 1249 4249 efficaciam
1267 4195 1296 4250 in
1315 4199 1395 4250 ectus

210 4303 264 4354 sub
283 4316 317 4356 eo
335 4301 449 4370 positos.
474 4299 520 4354 lus
539 4315 599 4354 cen.
619 4299 742 4355 instituit
767 4301 995 4371 impedimentum
1020 4301 1161 4368 dirimens,
1181 4319 1243 4372 ary.
1264 4305 1307 4357 cit.
1328 4321 1350 4356 c.
1370 4319 1392 4356 c.

211 4409 262 4476 14,
281 4410 320 4462 15
338 4419 365 4464 ct
381 4410 433 4474 28,
453 4411 495 4464 Dc
512 4425 614 4480 spons,
634 4410 671 4464 X.
