3350 5117
306 310 371 377 102
829 333 914 381 raas
938 332 960 379 r.

304 456 386 519 tinet
417 454 514 520 iudex
545 455 728 521 ordInarius
756 456 789 520 in
818 456 981 532 Ecclesia;
1005 457 1047 521 cI.
1073 477 1147 540 cap.
1171 460 1190 522 1
1212 458 1265 524 Dc
1288 464 1369 525 sent.
1393 466 1424 525 et
1445 478 1489 526 re

304 578 375 643 iud.
399 578 436 645 in
459 581 484 644 6
506 580 564 662 (ΙΙ,
590 581 656 661 14).

397 706 450 770 81.
477 706 559 770 Item
581 706 762 771 consultum
783 707 844 773 Iuit
860 714 895 773 ut
910 707 1007 773 iudex
1024 708 1189 795 delegatus
1205 710 1332 794 aliquod
1349 710 1490 777 haberet

23 798 96 905 stae·
112 852 125 902 t
141 802 284 938 ,irc-'yth
308 827 500 895 beneficium
520 830 573 896 vel
596 831 678 899 alios
702 808 837 905 redilus,
851 832 936 898 unde
959 836 1223 901 sustentationem
1248 840 1412 921 repeteret
1433 855 1487 900 ne

186 951 202 1053 ζ’,
215 954 291 1056 &pp
304 955 479 1019 cessariam
507 954 564 1037 (I).
592 956 671 1019 Nam
700 956 733 1019 in
761 975 836 1039 cop.
866 958 918 1022 cit.
942 958 979 1020 II
1001 956 1056 1024 De
1077 960 1250 1042 rescriptis
1276 959 1314 1024 in
1337 959 1361 1024 6
1385 961 1424 1041 (I,
1449 960 1487 1043 2)

51 1172 57 1201 Ι
100 1160 105 1195 ²
139 1108 142 1118 ·
175 1059 256 1165 ,L
307 1078 494 1145 Bonifaeius
511 1080 595 1145 VIII
619 1079 767 1165 designat
789 1083 918 1164 quinam
942 1084 1065 1168 possint
1090 1102 1160 1149 esse
1188 1084 1308 1151 iudices
1335 1085 1484 1172 delegati,

306 1202 347 1268 ad
371 1204 596 1269 executionem
620 1206 852 1291 rescriptorum
876 1208 1014 1271 iustitiae
1042 1228 1061 1271 a
1084 1208 1115 1273 S.
1140 1208 1222 1275 Sede
1246 1210 1486 1295 expeditorum.

205 1347 209 1354 ·
308 1328 365 1395 Isti
389 1334 465 1395 sunt
489 1329 610 1403 clerIci,
636 1329 791 1415 dignitate
814 1332 961 1415 praediti,
986 1336 1042 1398 aut
1063 1339 1270 1416 personatum
1294 1334 1486 1417 obtinentes,

308 1472 367 1519 seu
391 1455 539 1519 canonici
563 1454 721 1521 ecclesiae
744 1454 950 1521 cathedralis.
968 1491 1009 1502 -
1027 1456 1106 1520 Dein
1131 1457 1280 1523 Clemens
1302 1459 1335 1522 V
1354 1455 1489 1541 (cap2

306 1574 361 1642 De
383 1576 537 1659 rescript.
555 1575 593 1662 (l,
611 1576 645 1657 2)
666 1578 702 1643 irc
720 1577 837 1665 thm.)
854 1580 949 1643 aliam
972 1578 1093 1643 addidit
1114 1581 1412 1666 praescriptionem,
1433 1580 1486 1646 de

305 1718 459 1771 cernens,
479 1699 709 1782 principalem
731 1701 895 1784 Episcopi
921 1700 1104 1787 officiatem
1131 1720 1190 1768 seu
1222 1700 1394 1767 Vicorium
1419 1700 1485 1767 Ge·

306 1824 461 1889 ermetem
485 1842 507 1889 o
532 1824 836 1909 Sede·Apostetica
865 1826 918 1891 cet
948 1827 1020 1891 eius
1042 1826 1170 1913 Legeto
1201 1826 1280 1907 dart
1305 1845 1408 1909 posse
1434 1826 1488 1891 uti

304 1946 452 2013 iudicem
475 1947 677 2033 delegatum.
694 1950 738 2014 Et
753 1949 849 2014 hodie
873 1949 972 2015 Sedes
993 1951 1181 2035 Apostolioa
1206 1950 1283 2015 huic
1311 1948 1407 2014 iudici
1431 1949 1483 2015 vel

306 2074 475 2137 executori
492 2070 638 2156 delegato
662 2072 859 2138 demandare
881 2094 939 2139 sua
962 2075 1121 2159 rescripta
1136 2074 1326 2158 exequenda
1341 2075 1487 2138 maxime

305 2196 336 2260 in
361 2215 452 2260 more
467 2194 574 2259 habet.
593 2232 636 2243 -
654 2196 803 2260 Iamvero
819 2196 855 2262 hi
871 2196 988 2262 Clerici
1004 2197 1056 2261 vel
1072 2202 1205 2283 propter
1220 2194 1411 2262 beneficium
1428 2217 1484 2262 ec·

305 2321 530 2392 clesiasticum‚
554 2320 608 2385 rel
631 2326 764 2405 propter
788 2338 964 2405 congruam
987 2321 1252 2385 sustentationem
1275 2319 1405 2385 aliunde
1428 2320 1485 2385 ha-

303 2445 414 2517 bitam,
439 2443 529 2508 nulla
552 2442 698 2528 Indigent
720 2442 871 2509 mercede
895 2444 927 2507 in
951 2443 1111 2530 explendo
1134 2464 1269 2509 munere
1292 2444 1405 2509 iudicis
1427 2444 1483 2509 de·

307 2566 414 2651 legati.
441 2568 621 2631 Praeterea
643 2565 740 2629 talem
764 2564 944 2631 obtinentes
960 2565 1095 2651 gradum
1119 2567 1153 2629 In
1175 2550 1371 2637 hierarchia,
1387 2583 1482 2650 prae·

305 2692 388 2757 sumi
411 2690 529 2757 debent
552 2692 631 2756 iurIs
655 2691 751 2756 etiam
775 2691 882 2776 periti,
907 2710 1003 2773 quum
1026 2690 1235 2773 caeteroquin
1258 2688 1345 2754 nulli
1366 2707 1485 2755 sacer-

305 2818 424 2884 dotum
449 2816 577 2883 licitum
601 2816 644 2882 sit
666 2817 829 2903 ignorare
852 2816 905 2881 ius
929 2813 1025 2900 (Con.
1050 2816 1083 2887 4,
1107 2815 1190 2881 Dist.
1215 2813 1286 2900 38).

393 3062 432 3129 (l)
453 3062 526 3114 Ante
547 3060 718 3115 Bonisacium
739 3058 801 3113 VIII
820 3076 875 3113 non
896 3064 957 3113 erat
974 3063 1085 3113 cautum
1111 3058 1184 3129 quod
1208 3058 1312 3111 iudices
1331 3074 1348 3110 a
1366 3057 1393 3110 S.
1413 3056 1486 3111 Sede

305 3166 429 3233 delegati
448 3164 476 3217 in
497 3164 622 3233 partibus
641 3180 689 3217 seu
709 3164 737 3217 in
757 3162 937 3228 dioecesibus,
957 3164 1041 3217 certis
1059 3163 1253 3217 satisfacerent
1278 3162 1487 3216 conditionibus

303 3288 320 3324 a
340 3271 401 3324 iure
422 3270 567 3339 expressis,
586 3269 632 3323 sed
652 3268 794 3347 delegatio
811 3269 838 3322 in
860 3286 943 3322 uuum
963 3269 1008 3324 vel
1027 3269 1113 3322 alium
1132 3268 1266 3323 clericum
1290 3267 1416 3333 cadebat,
1435 3285 1484 3320 ar·

302 3374 388 3427 bitrio
407 3374 570 3443 delegantis.
585 3375 643 3438 Ast,
657 3390 690 3429 ex
705 3372 860 3427 Intendere
878 3373 947 3426 iuris
966 3374 1127 3439 communis,
1140 3372 1250 3427 clericis
1261 3371 1485 3444 quibuscumque

300 3483 408 3539 reditus
420 3482 537 3538 delicere
551 3499 606 3536 nou
620 3486 749 3552 poterant
761 3482 909 3537 necessarii
923 3482 957 3536 ad
970 3497 1121 3549 congruam
1137 3481 1383 3540 sustentatIonemz
1395 3497 1485 3551 quare

301 3590 480 3646 Innocentius
499 3589 536 3644 Ill
555 3595 584 3644 in
604 3593 647 3645 cit.
667 3609 725 3662 cop.
749 3590 940 3660 praescribens
959 3590 1125 3643 iudiciorum
1143 3588 1325 3659 gratuitatem
1346 3588 1483 3642 advertit:

300 3702 392 3754 «Nos
412 3702 585 3755 attendentes
603 3704 676 3771 qued
694 3702 732 3755 od
750 3703 801 3754 boc
818 3700 896 3753 cobis
914 3709 941 3753 et
959 3700 1024 3753 otiis
1043 3700 1155 3754 clericis
1173 3700 1226 3752 sint
1239 3700 1422 3753 ecclesiastici
1433 3716 1482 3754 re·

301 3808 377 3860 ditus
396 3808 531 3877 deputati,
549 3815 580 3859 ut
600 3822 636 3860 ex
654 3807 720 3875 Ipsis
739 3807 853 3859 honeste
871 3806 967 3858 viuere
988 3806 1111 3859 debeatis
1129 3809 1181 3856 etc.
1195 3821 1219 3856 ›.
1240 3803 1400 3857 Bonisacius
1418 3802 1483 3857 Vlll

300 3912 479 3983 praescripsit
499 3916 530 3965 ut
548 3912 622 3965 inter
640 3910 756 3965 clericos
775 3910 816 3963 illi
836 3909 1032 3978 seligerentur,
1051 3908 1099 3980 qui
1124 3912 1200 3964 certe
1219 3924 1372 3977 congruam
1393 3909 1483 3963 babe-

300 4022 364 4071 rent
376 4016 617 4084 sustentationem,
632 4020 661 4071 et
674 4018 809 4085 potiorem
823 4016 939 4086 gradum
952 4014 1098 4083 dignitatis
1109 4014 1270 4068 obtinerent
1281 4015 1310 4067 in
1324 4013 1485 4070 hierarchia

299 4126 470 4182 dioecesana.

391 4237 543 4306 sportulae
562 4236 603 4289 ita
621 4234 712 4289 dictae
731 4239 804 4300 erint,
823 4234 890 4305 quia
907 4234 1063 4304 antiquitus
1081 4230 1221 4287 mercedes
1240 4246 1295 4284 non
1313 4232 1342 4284 in
1361 4232 1482 4301 pecunia

299 4342 393 4397 sedin
413 4343 484 4396 cibis
503 4342 621 4413 aliisque
647 4342 729 4399 rebus
757 4360 808 4396 usu
828 4340 1029 4409 consumendis,
1049 4339 1167 4409 publicis
1189 4337 1355 4392 officialibus
1380 4337 1481 4393 inferri

298 4447 435 4504 solebant
