3350 5117
864 360 947 409 PARS
970 360 994 407 1.

837 607 950 675 Oarur
973 610 1017 675 Il.

666 818 717 873 na
743 819 919 876 orricio
943 820 1110 877 1unrors
1135 820 1184 895 (1).

732 962 782 1005 lluc
797 960 911 1005 reseratur
926 962 971 1007 Tit.
986 962 1021 1014 83,
1036 962 1087 1008 Lib.
1101 963 1121 1007 1.

337 1154 553 1211 summarium.
565 1185 602 1198 -
613 1156 656 1209 72.
671 1156 754 1211 ludex
774 1160 818 1211 est
835 1156 884 1227 qui
903 1161 976 1224 facto
996 1156 1120 1228 applicat
1137 1159 1190 1213 ius.
1203 1186 1237 1199 —
1249 1157 1294 1211 73.
1308 1157 1374 1211 llius
1392 1156 1513 1211 officium

425 1262 517 1316 nobile
536 1266 565 1315 et
583 1262 797 1315 mercenarium.
810 1289 848 1303 -
858 1263 903 1314 74.
919 1262 1071 1334 Utriusque
1085 1264 1161 1317 notio
1174 1262 1301 1317 traditur.
1315 1290 1349 1304 -
1361 1264 1406 1316 75.
1419 1261 1515 1331 Expli-

425 1374 505 1424 catur
529 1370 648 1429 officium
672 1373 890 1425 nroroenoriam.
910 1398 944 1411 -·
962 1371 1006 1424 76.
1026 1371 1190 1440 Explicatur
1212 1370 1333 1425 officium
1356 1371 1458 1425 nobile.
1478 1398 1512 1411 -

425 1474 468 1529 77.
487 1474 629 1536 Quomodo
648 1474 717 1530 haec
736 1491 852 1529 munera
870 1475 931 1529 iure
954 1492 1069 1531 romano
1093 1475 1277 1547 appellentur.
1298 1506 1332 1518 -
1349 1476 1394 1530 78.
1412 1476 1515 1530 Iudicis

425 1586 476 1646 eet,
489 1596 662 1651 quocumque
675 1596 709 1635 ex
722 1580 812 1635 officio
825 1580 966 1650 procedat,
979 1581 1071 1652 legem
1084 1582 1193 1653 exequi,
1206 1583 1292 1637 etiam
1310 1582 1419 1637 modica
1436 1581 1514 1635 adhi-

424 1688 485 1741 uu
503 1671 679 1742 coelatura.
698 1716 732 1729 -
756 1687 800 1741 79.
820 1686 892 1742 urna
918 1689 1146 1744 acarnanum
1171 1689 1310 1759 publicam
1335 1688 1441 1745 nabunt
1464 1705 1514 1741 au·

425 1795 593 1851 ctoritatem.

424 1992 478 2058 72.
503 1992 542 2057 ln
573 1993 796 2057 controversia
826 1992 969 2059 iudiciali
1000 1992 1120 2079 duplex
1149 1991 1289 2059 habetur
1319 1993 1513 2058 elementum

336 2116 564 2191 contentionis;
588 2134 704 2201 nempe
728 2115 981 2211 quaestioffiota
998 2121 1032 2183 ei
1046 2116 1307 2223 qua-effla.
1333 2117 1372 2182 Iu
1394 2115 1513 2181 iudicio

335 2241 421 2305 enim
444 2246 541 2305 antea
562 2244 690 2326 oportet
716 2237 852 2305 delinire
883 2245 916 2304 et
946 2239 1168 2305 demonstrare
1189 2239 1331 2323 factum,
1356 2240 1439 2325 quod
1463 2246 1514 2306 est

335 2364 554 2430 contentionis
584 2368 827 2452 arpumealum
858 2368 891 2428 et
921 2362 1205 2445 oblectandam
1235 2366 1312 2431 huic
1340 2364 1429 2430 lacto
1458 2366 1514 2432 ius

329 2488 517 2571 proprium
540 2487 766 2574 applicandum
790 2492 839 2553 est
853 2487 910 2573 (2).
934 2488 1078 2553 Factum
1102 2486 1143 2553 ab
1165 2493 1277 2554 actore
1299 2488 1457 2574 probante
1480 2495 1514 2554 et

334 2633 353 2677 a
377 2632 434 2678 reo
451 2612 693 2680 contradicente
710 2614 743 2677 iu
759 2620 873 2697 aperto
895 2616 1040 2698 ponitur:
1064 2614 1119 2679 ius
1140 2633 1220 2678 vero
1243 2633 1263 2678 a
1285 2612 1390 2679 iudice
1411 2614 1514 2699 appli-

334 2740 403 2805 cari
424 2738 528 2813 debet
546 2741 600 2823 qui
623 2758 642 2803 a
666 2739 736 2803 iure
760 2738 896 2805 dicendo
918 2739 1027 2806 iudeo>
1049 2738 1179 2805 dicitur:
1204 2758 1245 2803 en
1268 2740 1337 2803 eius
1360 2736 1512 2804 officium.

334 2864 426 2940 Quod
456 2862 595 2929 officium
626 2864 746 2949 duplex
770 2868 833 2939 θεῖς
857 2864 997 2929 alterum
1027 2863 1298 2947 mercenarium
1324 2862 1435 2929 nobile
1462 2862 1512 2927 al-

332 2993 450 3053 terum.

378 3214 386 3231 ’
422 3216 461 3287 (l)
482 3216 557 3271 Haec
576 3220 618 3270 est
636 3215 749 3269 rubrica
767 3216 843 3269 ntuli
859 3218 910 3282 32,
930 3217 976 3270 lib.
997 3215 1019 3283 I,
1039 3216 1149 3273 Decret.
1168 3215 1300 3285 Groporii
1318 3215 1372 3270 IX.
1390 3243 1428 3257 -
1446 3214 1512 3271 Col·

332 3319 422 3375 lector
440 3320 627 3375 Decretalium
646 3322 772 3375 imitatus
791 3325 834 3376 est
853 3320 917 3375 Cod.
939 3321 1139 3377 iustinianeum
1157 3322 1187 3376 in
1206 3337 1261 3392 quo
1281 3325 1344 3390 post
1359 3320 1457 3375 titulos
1469 3323 1513 3376 De

333 3425 421 3496 officio
439 3427 563 3481 iudicum
576 3432 605 3482 et
619 3428 660 3483 lle
679 3427 767 3499 officio
786 3429 913 3482 iudicum
930 3430 1096 3481 militonum
1115 3428 1237 3482 occurrit
1250 3428 1351 3483 titulus
1365 3430 1407 3483 De
1422 3428 1512 3499 officio

331 3536 510 3587 diversorum
529 3535 660 3588 iudicum.
681 3534 772 3589 Etiam
798 3550 848 3588 nos
873 3533 1139 3604 comprehendimus,
1158 3536 1210 3588 sub
1231 3534 1367 3603 inscripta
1390 3534 1512 3601 rubrica,

332 3638 452 3693 officium
471 3639 641 3695 diversorum
661 3640 791 3695 iudicum.

421 3740 460 3813 (2)
479 3741 611 3802 Qunamvis
630 3742 658 3795 iu
677 3743 738 3795 loro
756 3746 785 3795 et
804 3740 906 3811 passim
926 3757 943 3794 a
961 3740 1141 3810 pragmaticis
1166 3740 1317 3796 nonnullae
1342 3758 1442 3795 causae
1468 3741 1512 3794 di-

331 3850 430 3901 cantur
448 3848 592 3903 continere
617 3854 803 3920 quaestionem
823 3850 909 3916 iuro,
929 3848 1002 3902 aliae
1016 3852 1214 3932 *quaestionem
1238 3850 1321 3920 sacti,
1340 3864 1374 3902 eo
1397 3848 1464 3919 quie
1482 3848 1513 3901 iu

330 3955 472 4010 nonnullis
491 3956 537 4012 lex
557 3957 643 4011 dubia
662 3962 705 4011 est
724 3958 940 4028 interpretanda,
960 3958 989 4010 in
1008 3956 1072 4011 aliis
1097 3956 1143 4011 lex
1166 3962 1245 4011 certa
1268 3960 1311 4010 est
1334 3957 1409 4009 lacto
1427 3955 1513 4009 dubio

330 4060 508 4130 applicanda3
528 4068 620 4117 tamen
640 4080 736 4118 verum
750 4070 792 4118 eet
805 4066 833 4117 in
847 4080 1021 4135 quacumque
1040 4064 1229 4118 controversia
1247 4062 1345 4117 haberi
1364 4067 1513 4133 utramque

331 4166 533 4235 quaestionem,
552 4167 618 4237 quia
636 4168 664 4220 in
684 4166 787 4221 iudicio
807 4167 951 4237 quaeritur
971 4172 1001 4221 ut
1019 4171 1093 4236 sacto
1116 4166 1272 4235 applicetur
1290 4170 1342 4220 ius.
1361 4166 1434 4220 Hinc
1452 4166 1512 4220 siro

330 4271 443 4327 dubium
463 4275 500 4327 sit
521 4280 625 4344 funum
644 4276 702 4330 sive
721 4278 773 4341 ins,
794 4280 888 4330 tamen
914 4291 1105 4346 quaecumque
1131 4275 1271 4329 sententia
1295 4274 1399 4345 duplici
1424 4290 1512 4345 quac·

330 4380 413 4433 stioni
433 4380 598 4451 respondere
620 4382 712 4449 debet,
733 4399 831 4452 nempe
856 4381 1014 4447 decernere,
1033 4381 1170 4451 quodnam
1189 4384 1234 4435 ias
1251 4381 1407 4451 applicetur
1426 4385 1510 4453 sacto.

329 4486 511 4547 Quaestiones
530 4490 603 4543 enim
623 4492 775 4545 obstructae
795 4491 866 4545 iuris
884 4489 914 4543 in
936 4488 1046 4541 iudiciis
1065 4504 1121 4543 non
1139 4490 1293 4559 agitantur.
