3350 5117
527 383 571 429 nu
595 382 733 430 ruulcus
758 380 1022 429 nccunsmsrrcrs
1317 361 1360 427 87

274 502 327 566 64.
354 502 519 569 Hactenus
542 502 582 567 de
605 504 753 569 aliundis
768 503 868 567 locuti
843 509 1011 567 t.surnus
1027 501 1253 589 Qt'
1269 520 1359 574 v‚er0
1377 546 1454 577 m
1472 477 1639 629 ΝΜ

184 626 259 709 qnia
280 627 337 692 lex
360 647 424 691 non
448 629 479 691 in
503 648 614 693 eorum
639 627 839 693 commodum
864 628 1012 694 relaxata
1027 632 1075 691 est
1091 626 1178 691 sed
1172 648 1203 691 ιιι
1220 625 1359 691 fidelium
1381 640 1478 739 φα

182 750 303 816 utilitat
290 757 365 821 t.em
391 772 454 817 non
479 760 611 838 possunt
633 772 748 837 agere:
774 753 800 817 si
824 757 923 837 agant
938 770 1017 815 vero
1033 770 1150 835 possun
1152 750 1305 836 trepelli
1319 749 1359 815 ob

185 877 564 942 excommunicationem.
579 876 639 943 Sed
652 884 718 942 tum
731 875 828 941 iudex
840 882 907 941 tum
919 876 1024 941 altera
1039 895 1116 961 pars
1132 894 1197 940 non
1208 881 1361 939 tenentur

182 1018 240 1065 eos
264 1002 440 1087 expellere,
465 1002 571 1088 prouti
596 1000 778 1067 iaciendum
803 1006 852 1065 est
871 1002 904 1065 in
920 999 1082 1073 vitandos;
1105 1004 1139 1063 et
1153 1000 1283 1084 planum
1300 1005 1358 1065 est.

183 1126 288 1191 Multo
311 1130 413 1213 magis
436 1128 470 1192 in
495 1128 611 1193 iudicio
634 1127 832 1212 respondere
851 1132 1013 1193 tenentur.
1032 1126 1080 1193 Cf.
1097 1126 1295 1211 Schmalzgr.
1311 1126 1359 1191 tit.

181 1248 234 1315 De
257 1250 335 1315 Iud.
359 1270 394 1314 ιι.
418 1250 468 1316 33
490 1270 557 1335 seq.
584 1256 616 1315 et
639 1250 768 1323 Suarez,
782 1250 832 1315 De
856 1249 1018 1321 censuris,
1043 1249 1136 1331 nup.
1153 1248 1204 1319 16,
1223 1249 1307 1313 Sect.
1325 1246 1359 1311 3.

274 1372 329 1438 65.
353 1373 535 1457 Repetluut
536 1396 578 1440 ur
593 1395 673 1441 vero
694 1381 766 1439 tum
789 1374 832 1440 ab
847 1373 981 1459 apendo
997 1378 1066 1438 tum
1084 1391 1106 1436 α
1121 1368 1359 1453 respondendo
1389 1373 1527 1528 ψη·
1543 1364 1660 1493 Ὕά

182 1495 356 1583 Reuptost.
382 1500 494 1563 Sermo
518 1504 567 1564 est
591 1499 630 1563 de
661 1499 820 1583 religiosis
852 1518 916 1562 non
947 1498 1116 1563 collective
1147 1496 1280 1580 sumptis
1302 1513 1360 1557 seu

182 1620 222 1685 de
246 1626 373 1685 monast
374 1623 443 1686 erio
467 1621 522 1686 sed
546 1621 586 1686 de
609 1621 743 1707 singulis
768 1621 997 1707 religiosis-
954 1622 1168 1685 -lamvero
1192 1620 1361 1703 religiosus
1376 1580 1661 1707 arv-4⁴¹7*

182 1747 231 1809 sui
256 1766 336 1810 ruris
354 1752 491 1817 nonest
509 1766 604 1830 quum
622 1748 755 1813 uellcet
769 1748 859 1813 nolle
875 1746 1011 1832 amplius
1032 1766 1094 1810 non
1119 1742 1246 1814 habeat,
1225 1747 1360 1825 tatque

184 1872 291 1935 omnia
314 1872 376 1935 sua'
396 1869 479 1936 bona
503 1878 535 1935 et
559 1873 630 1935 iura
654 1870 895 1955 patrimonialia
918 1872 950 1933 iu
966 1869 1197 1933 monasterium
1220 1872 1361 1931 transtu·

181 1994 273 2059 lerit:
299 1994 340 2059 cf.
367 2016 395 2062 c.
420 2016 445 2061 c.
470 1995 530 2069 28,
557 1996 594 2059 Si
617 1995 818 2082 Retipiosuu
845 2032 862 2043 -
888 1996 938 2061 De
961 1996 1051 2070 elect.
1075 1996 1112 2059 in
1135 1993 1252 2077 6(1-‹3)
1277 1997 1309 2055 et
1325 1990 1356 2055 8.

183 2122 225 2185 ln
244 2122 446 2204 praesentia
470 2156 488 2169 -
513 2120 563 2185 Dc
586 2118 687 2187 Prob.
712 2120 747 2185 X
768 2118 897 2207 (Il-19).
913 2119 1143 2195 -Quocirca,
1169 2120 1217 2181 ius
1241 2114 1360 2180 clinati-

182 2250 286 2309 tutum
303 2244 366 2308 hac
386 2244 525 2309 formula
540 2247 718 2331 constringi
742 2252 775 2311 et
797 2245 923 2329 concipi
943 2248 1059 2329 potest:
1081 2263 1098 2303 ‹
1114 2240 1186 2307 Pro
1202 2239 1360 2325 relicinae

184 2385 289 2453 apere
321 2373 353 2432 et
382 2368 588 2449 respondere
623 2366 717 2433 debet
751 2369 999 2435 monasterium
1006 2386 1020 2449 ,·
1054 2365 1245 2452 Relipiosus
1281 2384 1359 2430 uam

182 2508 286 2575 opem
306 2496 417 2572 potest
439 2492 586 2566 nomiae,
604 2498 634 2557 et
657 2492 885 2559 demandato
910 2492 1008 2557 tacito
1031 2492 1082 2555 ecl
1106 2507 1267 2571 cupresso
1286 2506 1360 2552 oro·
1412 2521 1415 2527 ,

182 2612 336 2693 mosterii,
350 2633 417 2695 pro
442 2613 542 2679 huius
565 2614 728 2699 nepotiis;
744 2617 796 2681 uel
818 2634 880 2681 suo
903 2616 1049 2685 nomine,
1063 2633 1130 2696 pro
1154 2612 1224 2677 suls
1239 2628 1361 2692 nempe

182 2736 325 2821 neporus
356 2756 402 2801 eac
431 2738 618 2819 superioris
642 2739 776 2805 licentia
799 2758 964 2823 expressa
986 2740 1038 2803 ecl
1061 2738 1184 2819 tumta3
1207 2755 1269 2800 uec
1290 2754 1361 2798 uon

181 2862 323 2927 omnine
346 2880 417 2935 suo,
442 2864 514 2928 sine
537 2864 724 2947 superioris
739 2864 883 2938 licentia,
900 2864 931 2929 si
945 2868 1071 2949 apator
1086 2864 1128 2927 cte
1141 2860 1273 2927 iuribus
1288 2859 1361 2923 stri·

182 2998 230 3055 cte
249 2988 492 3071 personalibus
506 3009 569 3054 nec
584 2990 748 3061 alienatis,
762 3009 821 3055 seu
837 2990 978 3074 quaein
993 2988 1236 3055 otouasterium
1253 2990 1361 3049 truns-

180 3110 269 3193 sem'
299 3130 372 3177 non
394 3116 554 3193 poterant
578 3132 609 3175 ».
634 3112 686 3175 Ex
709 3113 812 3197 primo
836 3112 941 3197 capite
965 3110 1154 3195 Religiosus‚

274 3236 305 3319 l)
330 3236 398 3321 agit
430 3237 568 3302 nomine
594 3237 792 3303 tuouustem'i
815 3236 842 3301 si
866 3238 935 3300 eius
963 3256 1092 3300 causam
1123 3255 1223 3321 agere
1246 3233 1362 3298 debeat

182 3360 393 3427 demandato
418 3361 559 3425 Praelati
585 3380 767 3445 conpress03
791 3363 844 3426 vel
868 3363 967 3427 tacito
992 3360 1117 3445 quando
1135 3362 1305 3427 Praelatus
1320 3364 1361 3425 sit

183 3482 309 3553 absens,
324 3487 360 3546 ut
384 3483 550 3548 commode
574 3485 642 3549 eius
665 3484 797 3549 licentia
821 3483 934 3548 haberi
958 3491 1096 3567 nequeat
1127 3490 1159 3549 et
1181 3484 1360 3569 periculum

182 3610 279 3673 sitin
305 3626 405 3672 mora.

271 3732 305 3817 2)
319 3734 387 3819 agit
399 3734 537 3799 nomine
549 3752 620 3815 suo,
631 3756 673 3799 ex
688 3736 865 3821 superioris
877 3734 1009 3800 licentia
1020 3736 1118 3799 tacita
1129 3734 1180 3798 vel
1194 3751 1359 3819 expressa,

183 3858 263 3925 sit
232 3857 452 3925 studiorume
454 3862 691 3944 tnegotiorum
716 3879 813 3925 eausa
836 3880 857 3924 a
878 3866 1004 3925 monast
1005 3861 1074 3923 erio
1097 3857 1239 3925 absitet
1206 3862 1361 3943 et·age1e

184 3981 297 4049 debeat
320 3983 374 4047 vel
398 3983 438 4048 ad
462 3983 684 4068 repellendum
708 3984 844 4070 spolium
868 3984 919 4049 ιθ]
944 3982 1129 4047 adalind
1120 4004 1169 4047 rus
1192 3981 1359 4046 vindican-

184 4105 266 4171 dum.
292 4108 465 4172 Praelatus
488 4108 573 4172 enim
596 4109 651 4191 qui
680 4109 710 4173 ei
739 4112 898 4173 concessit
921 4108 1034 4172 abesse
1058 4105 1098 4170 ad
1127 4106 1206 4171 talia
1230 4109 1360 4193 negotia

184 4232 294 4296 saltem
319 4232 473 4317 implicite
496 4233 525 4296 ei
549 4234 708 4297 concessit
732 4232 848 4318 agendi
866 4234 1053 4299 facultatem
1078 4252 1137 4316 pro
1161 4231 1286 4297 casibus
1303 4251 1359 4295 oe-

186 4356 360 4420 cessitatis:
385 4374 427 4419 ex
451 4374 525 4437 cap.
550 4354 607 4420 Eu
634 4354 752 4420 litteris
775 4354 836 4435 29,
861 4355 911 4420 De
935 4354 1042 4439 officio
1066 4354 1172 4439 detep.
1197 4354 1231 4418 X
1245 4353 1358 4433 (1-29).

269 4474 303 4564 3)
328 4477 401 4562 opit
432 4477 571 4544 nomine
601 4476 751 4563 beneficii
780 4477 834 4544 sui
865 4479 892 4543 si
921 4476 1000 4541 illud
1023 4477 1065 4543 cle
1096 4476 1229 4543 licentia
1257 4476 1360 4558 Supe-
