3350 5117
528 332 571 381 nn
595 334 735 382 runicus
758 334 1024 383 uccnesrusrrors
1294 316 1358 382 507

185 460 244 545 ipsi
268 457 382 523 iudicis
404 459 548 524 accessui
566 459 718 524 uniantur
734 457 993 524 elucubrationes
1007 459 1200 544 peritorum,
1219 477 1360 523 necnon

156 578 163 593 '
185 585 313 650 testium
338 585 603 656 asseverationes,
618 582 745 667 quando
768 602 884 667 nempe
907 582 1005 648 iudex
1027 582 1069 647 ad
1091 583 1220 667 plenam
1243 584 1293 647 rei
1308 601 1361 647 no·

184 710 287 773 titiam
311 706 454 793 indigeat
468 708 612 772 virorum
636 708 670 771 in
693 710 765 772 arte
781 708 958 791 peritorum
981 705 1116 771 oonsilio
1130 706 1172 771 ad
1187 706 1361 791 exploran-

184 828 258 895 dam
281 834 404 895 certam
428 830 504 896 faeti
528 830 714 915 qualitatem
744 835 778 894 et
809 828 1007 914 simplicibus
1029 832 1156 895 testium
1184 831 1360 895 attestatio-

185 953 280 1019 nibus
304 953 345 1018 ad
367 954 567 1019 materialem
591 952 668 1018 facti
692 952 848 1016 notitiam.

275 1078 423 1144 Alterum
446 1099 526 1145 vero
550 1098 592 1143 ex
615 1080 705 1145 hisee
728 1078 952 1163 probationum
977 1078 1089 1144 mediis
1111 1084 1167 1143 aut
1191 1084 1361 1162 utrumque

186 1202 280 1267 simul
296 1201 443 1269 adhiberi
459 1204 539 1269 solet
555 1205 588 1267 in
605 1206 835 1269 controversiis
852 1203 891 1269 de
906 1204 986 1271 nom'
1004 1204 1119 1285 epatis
1133 1202 1360 1273 eunomiane.

185 1327 225 1391 in
249 1327 360 1393 causis
383 1326 502 1393 damni
525 1326 649 1409 insecti,
673 1326 711 1391 in
734 1325 966 1393 controversia
989 1326 1031 1392 de
1045 1325 1169 1411 finibus
1180 1325 1363 1409 paroehia-

185 1470 277 1523 ram,
301 1450 492 1517 dioecesum
507 1450 680 1537 regilindis.
698 1449 737 1515 do
754 1449 936 1517 diuidendo
959 1455 1015 1514 aut
1039 1448 1247 1537 assiynomlo
1260 1468 1362 1532 paro·

185 1576 282 1643 chiae
304 1582 359 1643 aut
382 1576 539 1643 dioecesis
565 1575 757 1657 territori&
774 1576 849 1639 item
873 1576 906 1639 in
926 1575 1039 1640 causis
1053 1572 1362 1639 rnalmmonialibus

190 1700 306 1787 quood
341 1696 483 1766 coeundi
515 1700 748 1782 impotentiam
784 1700 1022 1764 matrimonium
1058 1697 1279 1779 dirimentem,
1307 1704 1363 1764 aut

186 1822 303 1908 quood
324 1820 454 1905 foetum
477 1840 547 1887 non
570 1826 703 1887 serulae
727 1790 1047 1903 comminationem
1070 1822 1103 1885 in
1127 1818 1363 1885 criminalibrm

187 1946 264 2012 item
288 1944 435 2011 adbiberi
458 1944 563 2010 solent
585 1946 696 2017 veluti,
720 1945 753 2007 in
777 1962 876 2007 causa
900 1943 1081 2018 homicidii,
1106 1943 1361 2010 vulnerationis.

278 2070 388 2133 Primo
412 2067 605 2133 disseremus
629 2067 668 2130 de
685 2066 809 2151 peritia,
827 2065 901 2130 dein
926 2066 965 2130 de
987 2086 1130 2132 accessu,
