<?xml version="1.0" encoding="UTF-8"?>
<!DOCTYPE html PUBLIC "-//W3C//DTD XHTML 1.0 Transitional//EN"
    "http://www.w3.org/TR/xhtml1/DTD/xhtml1-transitional.dtd">
<html xmlns="http://www.w3.org/1999/xhtml" xml:lang="en" lang="en">
 <head>
  <title>
</title>
<meta http-equiv="Content-Type" content="text/html;charset=utf-8" />
  <meta name='ocr-system' content='tesseract 3.04.00' />
  <meta name='ocr-capabilities' content='ocr_page ocr_carea ocr_par ocr_line ocrx_word'/>
</head>
<body>
  <div class='ocr_page' id='page_1' title='image "./praelectionesin01legagoog_0009.png"; bbox 0 0 3350 5117; ppageno 0'>
   <div class='ocr_carea' id='block_1_1' title="bbox 666 314 1356 381">
    <p class='ocr_par' dir='ltr' id='par_1_1' title="bbox 666 314 1356 381">
     <span class='ocr_line' id='line_1_1' title="bbox 666 314 1356 381; baseline -0.001 -2"><span class='ocrx_word' id='word_1_1' title='bbox 666 332 869 381; x_wconf 79' lang='lat' dir='ltr'>rroosuruu</span> <span class='ocrx_word' id='word_1_2' title='bbox 1333 314 1356 378; x_wconf 83' lang='lat'><strong>7</strong></span> 
     </span>
    </p>
   </div>
   <div class='ocr_carea' id='block_1_2' title="bbox 173 454 1358 3408">
    <p class='ocr_par' dir='ltr' id='par_1_2' title="bbox 186 454 1357 1167">
     <span class='ocr_line' id='line_1_2' title="bbox 193 454 1356 544; baseline 0.004 -26"><span class='ocrx_word' id='word_1_3' title='bbox 193 454 351 521; x_wconf 79' lang='lat' dir='ltr'>formatur.</span> <span class='ocrx_word' id='word_1_4' title='bbox 377 455 439 521; x_wconf 88' lang='lat' dir='ltr'>His</span> <span class='ocrx_word' id='word_1_5' title='bbox 463 474 543 521; x_wconf 83' lang='lat' dir='ltr'>vero</span> <span class='ocrx_word' id='word_1_6' title='bbox 567 458 754 543; x_wconf 78' lang='lat' dir='ltr'>perspectis,</span> <span class='ocrx_word' id='word_1_7' title='bbox 772 458 834 523; x_wconf 83' lang='lat' dir='ltr'>iam</span> <span class='ocrx_word' id='word_1_8' title='bbox 851 458 940 524; x_wconf 86' lang='lat' dir='ltr'>clare</span> <span class='ocrx_word' id='word_1_9' title='bbox 964 458 1160 543; x_wconf 80' lang='lat' dir='ltr'>conspicitur</span> <span class='ocrx_word' id='word_1_10' title='bbox 1178 458 1288 544; x_wconf 88' lang='lat' dir='ltr'>legum</span> <span class='ocrx_word' id='word_1_11' title='bbox 1310 458 1356 523; x_wconf 89' lang='lat' dir='ltr'>in·</span> 
     </span>
     <span class='ocr_line' id='line_1_3' title="bbox 190 580 1357 670; baseline 0.003 -25"><span class='ocrx_word' id='word_1_12' title='bbox 190 582 281 645; x_wconf 88' lang='lat' dir='ltr'>tentio</span> <span class='ocrx_word' id='word_1_13' title='bbox 298 584 329 647; x_wconf 92' lang='lat' dir='ltr'>et</span> <span class='ocrx_word' id='word_1_14' title='bbox 340 580 493 646; x_wconf 72' lang='lat' dir='ltr'>ambitus.</span> <span class='ocrx_word' id='word_1_15' title='bbox 513 616 532 629; x_wconf 92' lang='lat'><strong>·</strong></span> <span class='ocrx_word' id='word_1_16' title='bbox 550 582 677 647; x_wconf 79' lang='lat' dir='ltr'>Etenim</span> <span class='ocrx_word' id='word_1_17' title='bbox 692 581 783 669; x_wconf 89' lang='lat' dir='ltr'>leges</span> <span class='ocrx_word' id='word_1_18' title='bbox 798 584 844 647; x_wconf 85' lang='lat' dir='ltr'>ita</span> <span class='ocrx_word' id='word_1_19' title='bbox 859 582 1008 657; x_wconf 87' lang='lat' dir='ltr'>eduntur,</span> <span class='ocrx_word' id='word_1_20' title='bbox 1025 588 1060 649; x_wconf 89' lang='lat' dir='ltr'>ut</span> <span class='ocrx_word' id='word_1_21' title='bbox 1076 601 1240 670; x_wconf 86' lang='lat' dir='ltr'>perpauca</span> <span class='ocrx_word' id='word_1_22' title='bbox 1255 581 1357 648; x_wconf 89' lang='lat' dir='ltr'>verba</span> 
     </span>
     <span class='ocr_line' id='line_1_4' title="bbox 188 708 1357 797; baseline 0.003 -26"><span class='ocrx_word' id='word_1_23' title='bbox 188 708 367 774; x_wconf 86' lang='lat' dir='ltr'>innumeros</span> <span class='ocrx_word' id='word_1_24' title='bbox 390 729 474 794; x_wconf 90' lang='lat' dir='ltr'>pene</span> <span class='ocrx_word' id='word_1_25' title='bbox 505 710 743 795; x_wconf 87' lang='lat' dir='ltr'>amplectantur</span> <span class='ocrx_word' id='word_1_26' title='bbox 773 728 884 793; x_wconf 86' lang='lat' dir='ltr'>casus,</span> <span class='ocrx_word' id='word_1_27' title='bbox 916 711 1025 797; x_wconf 89' lang='lat' dir='ltr'>specie</span> <span class='ocrx_word' id='word_1_28' title='bbox 1053 711 1285 796; x_wconf 84' lang='lat' dir='ltr'>aliquantisper</span> <span class='ocrx_word' id='word_1_29' title='bbox 1307 709 1357 775; x_wconf 91' lang='lat' dir='ltr'>di-</span> 
     </span>
     <span class='ocr_line' id='line_1_5' title="bbox 188 832 1357 916; baseline 0.003 -21"><span class='ocrx_word' id='word_1_30' title='bbox 188 850 303 903; x_wconf 80' lang='lat' dir='ltr'>versos,</span> <span class='ocrx_word' id='word_1_31' title='bbox 329 832 382 916; x_wconf 90' lang='lat' dir='ltr'>qui</span> <span class='ocrx_word' id='word_1_32' title='bbox 405 832 583 898; x_wconf 76' lang='lat' dir='ltr'>verborum</span> <span class='ocrx_word' id='word_1_33' title='bbox 606 833 745 898; x_wconf 91' lang='lat' dir='ltr'>circuitu</span> <span class='ocrx_word' id='word_1_34' title='bbox 760 834 923 901; x_wconf 82' lang='lat' dir='ltr'>contineri</span> <span class='ocrx_word' id='word_1_35' title='bbox 939 854 1003 898; x_wconf 90' lang='lat' dir='ltr'>non</span> <span class='ocrx_word' id='word_1_36' title='bbox 1019 833 1138 907; x_wconf 82' lang='lat' dir='ltr'>valent</span> <span class='ocrx_word' id='word_1_37' title='bbox 1155 832 1212 898; x_wconf 90' lang='lat' dir='ltr'>sed</span> <span class='ocrx_word' id='word_1_38' title='bbox 1230 833 1357 898; x_wconf 88' lang='lat' dir='ltr'>ratione</span> 
     </span>
     <span class='ocr_line' id='line_1_6' title="bbox 189 954 1357 1043; baseline 0.004 -25"><span class='ocrx_word' id='word_1_39' title='bbox 189 954 263 1041; x_wconf 86' lang='lat' dir='ltr'>legis</span> <span class='ocrx_word' id='word_1_40' title='bbox 278 956 610 1043; x_wconf 87' lang='lat' dir='ltr'>comprehenduntur,</span> <span class='ocrx_word' id='word_1_41' title='bbox 623 963 734 1043; x_wconf 88' lang='lat' dir='ltr'>suapte</span> <span class='ocrx_word' id='word_1_42' title='bbox 750 962 869 1025; x_wconf 88' lang='lat' dir='ltr'>natura</span> <span class='ocrx_word' id='word_1_43' title='bbox 882 958 1076 1023; x_wconf 79' lang='lat' dir='ltr'>universalis</span> <span class='ocrx_word' id='word_1_44' title='bbox 1091 957 1132 1023; x_wconf 92' lang='lat' dir='ltr'>ad</span> <span class='ocrx_word' id='word_1_45' title='bbox 1147 959 1251 1023; x_wconf 84' lang='lat' dir='ltr'>instar</span> <span class='ocrx_word' id='word_1_46' title='bbox 1266 958 1357 1043; x_wconf 93' lang='lat' dir='ltr'>prin·</span> 
     </span>
     <span class='ocr_line' id='line_1_7' title="bbox 186 1082 345 1167; baseline 0.006 -22"><span class='ocrx_word' id='word_1_47' title='bbox 186 1082 345 1167; x_wconf 89' lang='lat' dir='ltr'>cipiorum.</span> 
     </span>
    </p>

    <p class='ocr_par' dir='ltr' id='par_1_3' title="bbox 180 1204 1358 2036">
     <span class='ocr_line' id='line_1_8' title="bbox 270 1204 1357 1293; baseline 0.003 -25"><span class='ocrx_word' id='word_1_48' title='bbox 270 1204 363 1270; x_wconf 90' lang='lat' dir='ltr'>Haec</span> <span class='ocrx_word' id='word_1_49' title='bbox 385 1210 493 1271; x_wconf 80' lang='lat' dir='ltr'>autem</span> <span class='ocrx_word' id='word_1_50' title='bbox 509 1204 550 1271; x_wconf 92' lang='lat' dir='ltr'>ad</span> <span class='ocrx_word' id='word_1_51' title='bbox 564 1207 718 1271; x_wconf 84' lang='lat' dir='ltr'>scientiae</span> <span class='ocrx_word' id='word_1_52' title='bbox 742 1206 873 1293; x_wconf 87' lang='lat' dir='ltr'>regulas</span> <span class='ocrx_word' id='word_1_53' title='bbox 888 1211 1007 1274; x_wconf 82' lang='lat' dir='ltr'>exacta</span> <span class='ocrx_word' id='word_1_54' title='bbox 1029 1210 1063 1272; x_wconf 90' lang='lat' dir='ltr'>et</span> <span class='ocrx_word' id='word_1_55' title='bbox 1084 1208 1256 1293; x_wconf 80' lang='lat' dir='ltr'>explicatu,</span> <span class='ocrx_word' id='word_1_56' title='bbox 1281 1227 1357 1272; x_wconf 90' lang='lat' dir='ltr'>enu-</span> 
     </span>
     <span class='ocr_line' id='line_1_9' title="bbox 186 1328 1356 1416; baseline 0.002 -23"><span class='ocrx_word' id='word_1_57' title='bbox 186 1328 330 1397; x_wconf 89' lang='lat' dir='ltr'>cleantur</span> <span class='ocrx_word' id='word_1_58' title='bbox 352 1330 386 1395; x_wconf 91' lang='lat' dir='ltr'>in</span> <span class='ocrx_word' id='word_1_59' title='bbox 410 1330 539 1405; x_wconf 87' lang='lat' dir='ltr'>scholis,</span> <span class='ocrx_word' id='word_1_60' title='bbox 564 1351 629 1395; x_wconf 87' lang='lat' dir='ltr'>non</span> <span class='ocrx_word' id='word_1_61' title='bbox 651 1334 684 1395; x_wconf 90' lang='lat' dir='ltr'>iu</span> <span class='ocrx_word' id='word_1_62' title='bbox 708 1330 880 1397; x_wconf 86' lang='lat' dir='ltr'>codicibus.</span> <span class='ocrx_word' id='word_1_63' title='bbox 905 1329 1039 1397; x_wconf 84' lang='lat' dir='ltr'>Codices</span> <span class='ocrx_word' id='word_1_64' title='bbox 1061 1350 1151 1405; x_wconf 80' lang='lat' dir='ltr'>vero,</span> <span class='ocrx_word' id='word_1_65' title='bbox 1165 1330 1356 1416; x_wconf 87' lang='lat' dir='ltr'>profundius</span> 
     </span>
     <span class='ocr_line' id='line_1_10' title="bbox 185 1454 1358 1541; baseline 0.002 -24"><span class='ocrx_word' id='word_1_66' title='bbox 185 1454 460 1521; x_wconf 86' lang='lat' dir='ltr'>alurisconsulto</span> <span class='ocrx_word' id='word_1_67' title='bbox 476 1456 660 1529; x_wconf 85' lang='lat' dir='ltr'>examinati,</span> <span class='ocrx_word' id='word_1_68' title='bbox 685 1456 829 1541; x_wconf 86' lang='lat' dir='ltr'>pandunt</span> <span class='ocrx_word' id='word_1_69' title='bbox 852 1461 885 1522; x_wconf 90' lang='lat' dir='ltr'>et</span> <span class='ocrx_word' id='word_1_70' title='bbox 907 1455 1152 1523; x_wconf 88' lang='lat' dir='ltr'>subministrant</span> <span class='ocrx_word' id='word_1_71' title='bbox 1174 1456 1254 1521; x_wconf 89' lang='lat' dir='ltr'>iuris</span> <span class='ocrx_word' id='word_1_72' title='bbox 1277 1456 1358 1541; x_wconf 88' lang='lat' dir='ltr'>posi·</span> 
     </span>
     <span class='ocr_line' id='line_1_11' title="bbox 183 1580 1356 1669; baseline 0.003 -26"><span class='ocrx_word' id='word_1_73' title='bbox 183 1580 235 1644; x_wconf 79' lang='lat' dir='ltr'>tiri</span> <span class='ocrx_word' id='word_1_74' title='bbox 258 1581 431 1666; x_wconf 88' lang='lat' dir='ltr'>principia;</span> <span class='ocrx_word' id='word_1_75' title='bbox 456 1580 511 1645; x_wconf 91' lang='lat' dir='ltr'>sed</span> <span class='ocrx_word' id='word_1_76' title='bbox 535 1602 599 1646; x_wconf 89' lang='lat' dir='ltr'>nou</span> <span class='ocrx_word' id='word_1_77' title='bbox 630 1584 689 1668; x_wconf 90' lang='lat' dir='ltr'>ipsi</span> <span class='ocrx_word' id='word_1_78' title='bbox 720 1584 885 1669; x_wconf 90' lang='lat' dir='ltr'>conceptis</span> <span class='ocrx_word' id='word_1_79' title='bbox 914 1584 1101 1669; x_wconf 84' lang='lat' dir='ltr'>exprimunt</span> <span class='ocrx_word' id='word_1_80' title='bbox 1126 1580 1246 1646; x_wconf 91' lang='lat' dir='ltr'>verbis.</span> <span class='ocrx_word' id='word_1_81' title='bbox 1274 1580 1356 1647; x_wconf 90' lang='lat' dir='ltr'>Nam</span> 
     </span>
     <span class='ocr_line' id='line_1_12' title="bbox 184 1703 1357 1793; baseline 0 -23"><span class='ocrx_word' id='word_1_82' title='bbox 184 1704 313 1771; x_wconf 90' lang='lat' dir='ltr'>celebre</span> <span class='ocrx_word' id='word_1_83' title='bbox 336 1703 540 1791; x_wconf 82' lang='lat' dir='ltr'>effetum(1):</span> <span class='ocrx_word' id='word_1_84' title='bbox 558 1726 576 1769; x_wconf 73' lang='lat' dir='ltr'>c</span> <span class='ocrx_word' id='word_1_85' title='bbox 596 1706 712 1775; x_wconf 77' lang='lat' dir='ltr'>Otuuie</span> <span class='ocrx_word' id='word_1_86' title='bbox 735 1707 884 1793; x_wconf 76' lang='lat' dir='ltr'>delinitio</span> <span class='ocrx_word' id='word_1_87' title='bbox 900 1707 938 1773; x_wconf 82' lang='lat' dir='ltr'>in</span> <span class='ocrx_word' id='word_1_88' title='bbox 959 1707 1035 1772; x_wconf 85' lang='lat' dir='ltr'>iure</span> <span class='ocrx_word' id='word_1_89' title='bbox 1051 1706 1142 1772; x_wconf 87' lang='lat' dir='ltr'>cicili</span> <span class='ocrx_word' id='word_1_90' title='bbox 1159 1706 1357 1790; x_wconf 67' lang='lat' dir='ltr'>periculosa</span> 
     </span>
     <span class='ocr_line' id='line_1_13' title="bbox 182 1828 1356 1915; baseline 0 -22"><span class='ocrx_word' id='word_1_91' title='bbox 182 1834 246 1912; x_wconf 68' lang='grc' dir='ltr'>θείς</span> <span class='ocrx_word' id='word_1_92' title='bbox 267 1849 396 1895; x_wconf 72' lang='lat' dir='ltr'>rarum</span> <span class='ocrx_word' id='word_1_93' title='bbox 420 1836 469 1896; x_wconf 79' lang='lat' dir='ltr'>est</span> <span class='ocrx_word' id='word_1_94' title='bbox 492 1830 582 1897; x_wconf 85' lang='lat' dir='ltr'>euim</span> <span class='ocrx_word' id='word_1_95' title='bbox 606 1830 698 1915; x_wconf 81' lang='lat' dir='ltr'>quod</span> <span class='ocrx_word' id='word_1_96' title='bbox 716 1830 869 1915; x_wconf 65' lang='lat' dir='ltr'>peremti</span> <span class='ocrx_word' id='word_1_97' title='bbox 883 1850 954 1899; x_wconf 83' lang='lat' dir='ltr'>uon</span> <span class='ocrx_word' id='word_1_98' title='bbox 972 1835 1115 1914; x_wconf 81' lang='lat' dir='ltr'>potest»</span> <span class='ocrx_word' id='word_1_99' title='bbox 1132 1834 1221 1894; x_wconf 88' lang='lat' dir='ltr'>tenet</span> <span class='ocrx_word' id='word_1_100' title='bbox 1244 1828 1356 1915; x_wconf 89' lang='lat' dir='ltr'>Legis·</span> 
     </span>
     <span class='ocr_line' id='line_1_14' title="bbox 180 1952 722 2036; baseline 0.006 -20"><span class='ocrx_word' id='word_1_101' title='bbox 180 1952 324 2036; x_wconf 88' lang='lat' dir='ltr'>latorem,</span> <span class='ocrx_word' id='word_1_102' title='bbox 349 1974 415 2019; x_wconf 90' lang='lat' dir='ltr'>non</span> <span class='ocrx_word' id='word_1_103' title='bbox 437 1955 517 2021; x_wconf 89' lang='lat' dir='ltr'>iuris</span> <span class='ocrx_word' id='word_1_104' title='bbox 539 1955 722 2021; x_wconf 87' lang='lat' dir='ltr'>Ductorem.</span> 
     </span>
    </p>

    <p class='ocr_par' dir='ltr' id='par_1_4' title="bbox 173 2077 1358 3408">
     <span class='ocr_line' id='line_1_15' title="bbox 268 2077 1357 2166; baseline -0.002 -21"><span class='ocrx_word' id='word_1_105' title='bbox 268 2079 435 2155; x_wconf 86' lang='lat' dir='ltr'>Quocirca</span> <span class='ocrx_word' id='word_1_106' title='bbox 467 2078 564 2145; x_wconf 84' lang='lat' dir='ltr'>iudex</span> <span class='ocrx_word' id='word_1_107' title='bbox 592 2082 645 2163; x_wconf 91' lang='lat' dir='ltr'>qui</span> <span class='ocrx_word' id='word_1_108' title='bbox 676 2098 736 2166; x_wconf 94' lang='lat' dir='ltr'>pro</span> <span class='ocrx_word' id='word_1_109' title='bbox 758 2078 912 2145; x_wconf 89' lang='lat' dir='ltr'>tribunali</span> <span class='ocrx_word' id='word_1_110' title='bbox 942 2077 1082 2153; x_wconf 84' lang='lat' dir='ltr'>sedebit,</span> <span class='ocrx_word' id='word_1_111' title='bbox 1106 2098 1186 2165; x_wconf 89' lang='lat' dir='ltr'>prae</span> <span class='ocrx_word' id='word_1_112' title='bbox 1208 2078 1357 2144; x_wconf 89' lang='lat' dir='ltr'>manibus</span> 
     </span>
     <span class='ocr_line' id='line_1_16' title="bbox 179 2202 1358 2291; baseline -0.002 -23"><span class='ocrx_word' id='word_1_113' title='bbox 179 2224 294 2289; x_wconf 88' lang='lat' dir='ltr'>gerens</span> <span class='ocrx_word' id='word_1_114' title='bbox 319 2204 429 2291; x_wconf 90' lang='lat' dir='ltr'>legum</span> <span class='ocrx_word' id='word_1_115' title='bbox 453 2204 596 2271; x_wconf 90' lang='lat' dir='ltr'>codicem</span> <span class='ocrx_word' id='word_1_116' title='bbox 620 2224 714 2289; x_wconf 91' lang='lat' dir='ltr'>quem</span> <span class='ocrx_word' id='word_1_117' title='bbox 738 2204 986 2291; x_wconf 88' lang='lat' dir='ltr'>prudentissime</span> <span class='ocrx_word' id='word_1_118' title='bbox 1016 2204 1141 2269; x_wconf 89' lang='lat' dir='ltr'>recolat</span> <span class='ocrx_word' id='word_1_119' title='bbox 1163 2209 1196 2269; x_wconf 90' lang='lat' dir='ltr'>et</span> <span class='ocrx_word' id='word_1_120' title='bbox 1217 2202 1358 2289; x_wconf 88' lang='lat' dir='ltr'>applicet</span> 
     </span>
     <span class='ocr_line' id='line_1_17' title="bbox 179 2322 1356 2415; baseline -0.001 -23"><span class='ocrx_word' id='word_1_121' title='bbox 179 2328 313 2415; x_wconf 88' lang='lat' dir='ltr'>singulis</span> <span class='ocrx_word' id='word_1_122' title='bbox 338 2328 465 2395; x_wconf 89' lang='lat' dir='ltr'>casibus</span> <span class='ocrx_word' id='word_1_123' title='bbox 497 2328 722 2411; x_wconf 87' lang='lat' dir='ltr'>diiudicandis,</span> <span class='ocrx_word' id='word_1_124' title='bbox 746 2333 843 2394; x_wconf 89' lang='lat' dir='ltr'>antea</span> <span class='ocrx_word' id='word_1_125' title='bbox 872 2328 993 2395; x_wconf 90' lang='lat' dir='ltr'>sederit</span> <span class='ocrx_word' id='word_1_126' title='bbox 1022 2322 1150 2413; x_wconf 80' lang='lat' dir='ltr'>oportet</span> <span class='ocrx_word' id='word_1_127' title='bbox 1179 2330 1213 2393; x_wconf 93' lang='lat' dir='ltr'>in</span> <span class='ocrx_word' id='word_1_128' title='bbox 1236 2326 1356 2393; x_wconf 88' lang='lat' dir='ltr'>scholis</span> 
     </span>
     <span class='ocr_line' id='line_1_18' title="bbox 179 2452 1356 2539; baseline -0.001 -22"><span class='ocrx_word' id='word_1_129' title='bbox 179 2456 365 2538; x_wconf 87' lang='lat' dir='ltr'>attenteque</span> <span class='ocrx_word' id='word_1_130' title='bbox 388 2452 529 2519; x_wconf 90' lang='lat' dir='ltr'>audierit</span> <span class='ocrx_word' id='word_1_131' title='bbox 551 2455 631 2520; x_wconf 91' lang='lat' dir='ltr'>iuris</span> <span class='ocrx_word' id='word_1_132' title='bbox 654 2454 834 2529; x_wconf 89' lang='lat' dir='ltr'>Doctorem‚</span> <span class='ocrx_word' id='word_1_133' title='bbox 856 2452 897 2519; x_wconf 85' lang='lat' dir='ltr'>ab</span> <span class='ocrx_word' id='word_1_134' title='bbox 921 2454 990 2519; x_wconf 85' lang='lat' dir='ltr'>eius</span> <span class='ocrx_word' id='word_1_135' title='bbox 1013 2472 1071 2518; x_wconf 91' lang='lat' dir='ltr'>ore</span> <span class='ocrx_word' id='word_1_136' title='bbox 1097 2454 1279 2539; x_wconf 88' lang='lat' dir='ltr'>percipiens</span> <span class='ocrx_word' id='word_1_137' title='bbox 1302 2472 1356 2516; x_wconf 91' lang='lat' dir='ltr'>su·</span> 
     </span>
     <span class='ocr_line' id='line_1_19' title="bbox 179 2576 1356 2663; baseline 0.001 -23"><span class='ocrx_word' id='word_1_138' title='bbox 179 2596 307 2659; x_wconf 87' lang='lat' dir='ltr'>premas</span> <span class='ocrx_word' id='word_1_139' title='bbox 340 2577 447 2663; x_wconf 89' lang='lat' dir='ltr'>legum</span> <span class='ocrx_word' id='word_1_140' title='bbox 484 2578 626 2643; x_wconf 89' lang='lat' dir='ltr'>rationes</span> <span class='ocrx_word' id='word_1_141' title='bbox 660 2580 774 2663; x_wconf 89' lang='lat' dir='ltr'>quibus</span> <span class='ocrx_word' id='word_1_142' title='bbox 807 2576 1042 2644; x_wconf 86' lang='lat' dir='ltr'>manuducetur</span> <span class='ocrx_word' id='word_1_143' title='bbox 1070 2576 1112 2642; x_wconf 92' lang='lat' dir='ltr'>ad</span> <span class='ocrx_word' id='word_1_144' title='bbox 1139 2576 1356 2662; x_wconf 82' lang='lat' dir='ltr'>expediendas</span> 
     </span>
     <span class='ocr_line' id='line_1_20' title="bbox 178 2698 1356 2788; baseline 0.001 -26"><span class='ocrx_word' id='word_1_145' title='bbox 178 2700 449 2787; x_wconf 84' lang='lat' dir='ltr'>implicatissimas</span> <span class='ocrx_word' id='word_1_146' title='bbox 472 2707 506 2769; x_wconf 86' lang='lat' dir='ltr'>et</span> <span class='ocrx_word' id='word_1_147' title='bbox 528 2701 741 2787; x_wconf 79' lang='lat' dir='ltr'>perobscurus</span> <span class='ocrx_word' id='word_1_148' title='bbox 763 2701 957 2788; x_wconf 85' lang='lat' dir='ltr'>litigantium</span> <span class='ocrx_word' id='word_1_149' title='bbox 978 2702 1228 2766; x_wconf 86' lang='lat' dir='ltr'>controversias.</span> <span class='ocrx_word' id='word_1_150' title='bbox 1248 2698 1356 2763; x_wconf 90' lang='lat' dir='ltr'>-Hoc</span> 
     </span>
     <span class='ocr_line' id='line_1_21' title="bbox 178 2822 1357 2909; baseline 0.003 -25"><span class='ocrx_word' id='word_1_151' title='bbox 178 2842 291 2889; x_wconf 83' lang='lat' dir='ltr'>rerum</span> <span class='ocrx_word' id='word_1_152' title='bbox 319 2842 392 2889; x_wconf 86' lang='lat' dir='ltr'>esse</span> <span class='ocrx_word' id='word_1_153' title='bbox 414 2829 509 2889; x_wconf 84' lang='lat' dir='ltr'>vetus</span> <span class='ocrx_word' id='word_1_154' title='bbox 532 2830 565 2888; x_wconf 88' lang='lat' dir='ltr'>et</span> <span class='ocrx_word' id='word_1_155' title='bbox 587 2824 744 2890; x_wconf 90' lang='lat' dir='ltr'>hodierna</span> <span class='ocrx_word' id='word_1_156' title='bbox 775 2822 870 2891; x_wconf 90' lang='lat' dir='ltr'>docet</span> <span class='ocrx_word' id='word_1_157' title='bbox 900 2824 1112 2909; x_wconf 82' lang='lat' dir='ltr'>experientia.</span> <span class='ocrx_word' id='word_1_158' title='bbox 1138 2858 1158 2871; x_wconf 95' lang='lat'>-</span> <span class='ocrx_word' id='word_1_159' title='bbox 1183 2823 1264 2887; x_wconf 92' lang='lat' dir='ltr'>Nam</span> <span class='ocrx_word' id='word_1_160' title='bbox 1287 2823 1357 2907; x_wconf 87' lang='lat' dir='ltr'>ipse</span> 
     </span>
     <span class='ocr_line' id='line_1_22' title="bbox 176 2943 1356 3032; baseline -0.001 -23"><span class='ocrx_word' id='word_1_161' title='bbox 176 2944 209 3009; x_wconf 92' lang='lat' dir='ltr'>B.</span> <span class='ocrx_word' id='word_1_162' title='bbox 235 2943 465 3032; x_wconf 78' lang='lat' dir='ltr'>Raymnndus</span> <span class='ocrx_word' id='word_1_163' title='bbox 482 2950 648 3030; x_wconf 85' lang='lat' dir='ltr'>postquem</span> <span class='ocrx_word' id='word_1_164' title='bbox 673 2946 824 3031; x_wconf 88' lang='lat' dir='ltr'>Gregorii</span> <span class='ocrx_word' id='word_1_165' title='bbox 850 2946 899 3012; x_wconf 90' lang='lat' dir='ltr'>IX</span> <span class='ocrx_word' id='word_1_166' title='bbox 922 2949 1002 3010; x_wconf 89' lang='lat' dir='ltr'>nutu</span> <span class='ocrx_word' id='word_1_167' title='bbox 1025 2951 1057 3009; x_wconf 88' lang='lat' dir='ltr'>et</span> <span class='ocrx_word' id='word_1_168' title='bbox 1080 2945 1273 3009; x_wconf 89' lang='lat' dir='ltr'>auctoritate</span> <span class='ocrx_word' id='word_1_169' title='bbox 1296 2943 1356 3008; x_wconf 76' lang='lat' dir='ltr'>De</span> 
     </span>
     <span class='ocr_line' id='line_1_23' title="bbox 174 3040 1355 3159; baseline -0.001 -24"><span class='ocrx_word' id='word_1_170' title='bbox 174 3072 320 3138; x_wconf 89' lang='lat' dir='ltr'>cretales</span> <span class='ocrx_word' id='word_1_171' title='bbox 356 3072 390 3137; x_wconf 93' lang='lat' dir='ltr'>iu</span> <span class='ocrx_word' id='word_1_172' title='bbox 424 3040 564 3158; x_wconf 89' lang='lat' dir='ltr'>quinque</span> <span class='ocrx_word' id='word_1_173' title='bbox 593 3072 694 3138; x_wconf 89' lang='lat' dir='ltr'>libros</span> <span class='ocrx_word' id='word_1_174' title='bbox 720 3072 868 3159; x_wconf 86' lang='lat' dir='ltr'>digessit.</span> <span class='ocrx_word' id='word_1_175' title='bbox 892 3074 926 3137; x_wconf 94' lang='lat' dir='ltr'>in</span> <span class='ocrx_word' id='word_1_176' title='bbox 960 3092 1018 3138; x_wconf 88' lang='lat' dir='ltr'>sua</span> <span class='ocrx_word' id='word_1_177' title='bbox 1052 3071 1198 3137; x_wconf 84' lang='lat' dir='ltr'>Summa</span> <span class='ocrx_word' id='word_1_178' title='bbox 1221 3068 1267 3156; x_wconf 73' lang='lat'>(2)</span> <span class='ocrx_word' id='word_1_179' title='bbox 1298 3069 1355 3135; x_wconf 93' lang='lat' dir='ltr'>de·</span> 
     </span>
     <span class='ocr_line' id='line_1_24' title="bbox 174 3196 1354 3282; baseline 0 -21"><span class='ocrx_word' id='word_1_180' title='bbox 174 3203 265 3263; x_wconf 88' lang='lat' dir='ltr'>creta</span> <span class='ocrx_word' id='word_1_181' title='bbox 290 3202 537 3270; x_wconf 81' lang='lat' dir='ltr'>commentatus,</span> <span class='ocrx_word' id='word_1_182' title='bbox 554 3218 620 3263; x_wconf 90' lang='lat' dir='ltr'>non</span> <span class='ocrx_word' id='word_1_183' title='bbox 642 3196 808 3271; x_wconf 87' lang='lat' dir='ltr'>dubitavit,</span> <span class='ocrx_word' id='word_1_184' title='bbox 826 3196 992 3263; x_wconf 89' lang='lat' dir='ltr'>doctorem</span> <span class='ocrx_word' id='word_1_185' title='bbox 1015 3216 1161 3282; x_wconf 87' lang='lat' dir='ltr'>agens,a</span> <span class='ocrx_word' id='word_1_186' title='bbox 1183 3196 1282 3282; x_wconf 88' lang='lat' dir='ltr'>legali</span> <span class='ocrx_word' id='word_1_187' title='bbox 1304 3215 1354 3261; x_wconf 89' lang='lat' dir='ltr'>or·</span> 
     </span>
     <span class='ocr_line' id='line_1_25' title="bbox 173 3318 1353 3408; baseline -0.003 -22"><span class='ocrx_word' id='word_1_188' title='bbox 173 3321 248 3388; x_wconf 89' lang='lat' dir='ltr'>dine</span> <span class='ocrx_word' id='word_1_189' title='bbox 265 3321 438 3389; x_wconf 87' lang='lat' dir='ltr'>recedere.</span> <span class='ocrx_word' id='word_1_190' title='bbox 457 3321 608 3387; x_wconf 89' lang='lat' dir='ltr'>Eiusdem</span> <span class='ocrx_word' id='word_1_191' title='bbox 625 3324 740 3388; x_wconf 85' lang='lat' dir='ltr'>aetatis</span> <span class='ocrx_word' id='word_1_192' title='bbox 755 3323 851 3408; x_wconf 87' lang='lat' dir='ltr'>plura</span> <span class='ocrx_word' id='word_1_193' title='bbox 866 3323 931 3387; x_wconf 84' lang='lat' dir='ltr'>alia</span> <span class='ocrx_word' id='word_1_194' title='bbox 946 3325 1119 3407; x_wconf 89' lang='lat' dir='ltr'>suppetunt</span> <span class='ocrx_word' id='word_1_195' title='bbox 1134 3319 1284 3406; x_wconf 78' lang='lat' dir='ltr'>exempla</span> <span class='ocrx_word' id='word_1_196' title='bbox 1297 3318 1353 3405; x_wconf 82' lang='lat'>(3).</span> 
     </span>
    </p>
   </div>
   <div class='ocr_carea' id='block_1_3' title="bbox 168 3599 1356 3988">
    <p class='ocr_par' dir='ltr' id='par_1_5' title="bbox 171 3599 1354 3774">
     <span class='ocr_line' id='line_1_26' title="bbox 261 3599 1354 3673; baseline -0.005 -20"><span class='ocrx_word' id='word_1_197' title='bbox 261 3602 305 3673; x_wconf 85' lang='lat' dir='ltr'>(l)</span> <span class='ocrx_word' id='word_1_198' title='bbox 329 3599 378 3653; x_wconf 84' lang='lat' dir='ltr'>Est</span> <span class='ocrx_word' id='word_1_199' title='bbox 393 3600 503 3669; x_wconf 88' lang='lat' dir='ltr'>Regula</span> <span class='ocrx_word' id='word_1_200' title='bbox 521 3600 590 3653; x_wconf 88' lang='lat' dir='ltr'>iuris</span> <span class='ocrx_word' id='word_1_201' title='bbox 609 3601 724 3667; x_wconf 79' lang='lat' dir='ltr'>romani,</span> <span class='ocrx_word' id='word_1_202' title='bbox 738 3600 765 3653; x_wconf 92' lang='lat' dir='ltr'>in</span> <span class='ocrx_word' id='word_1_203' title='bbox 779 3600 834 3654; x_wconf 83' lang='lat' dir='ltr'>Tit.</span> <span class='ocrx_word' id='word_1_204' title='bbox 850 3600 891 3655; x_wconf 86' lang='lat' dir='ltr'>De</span> <span class='ocrx_word' id='word_1_205' title='bbox 904 3602 1024 3654; x_wconf 76' lang='lat' dir='ltr'>dicero-is</span> <span class='ocrx_word' id='word_1_206' title='bbox 1037 3600 1144 3670; x_wconf 69' lang='lat' dir='ltr'>regulis</span> <span class='ocrx_word' id='word_1_207' title='bbox 1158 3602 1229 3653; x_wconf 85' lang='lat' dir='ltr'>iuris</span> <span class='ocrx_word' id='word_1_208' title='bbox 1241 3599 1354 3669; x_wconf 76' lang='lat' dir='ltr'>antiqui.</span> 
     </span>
     <span class='ocr_line' id='line_1_27' title="bbox 171 3701 1260 3774; baseline -0.003 -16"><span class='ocrx_word' id='word_1_209' title='bbox 171 3704 199 3758; x_wconf 81' lang='lat'>1.</span> <span class='ocrx_word' id='word_1_210' title='bbox 218 3706 256 3760; x_wconf 84' lang='lat'>50</span> <span class='ocrx_word' id='word_1_211' title='bbox 276 3706 307 3758; x_wconf 80' lang='lat' dir='ltr'>tl&#39;.</span> <span class='ocrx_word' id='word_1_212' title='bbox 332 3732 366 3745; x_wconf 94' lang='lat'><em>-</em></span> <span class='ocrx_word' id='word_1_213' title='bbox 386 3706 419 3757; x_wconf 81' lang='lat' dir='ltr'>cs.</span> <span class='ocrx_word' id='word_1_214' title='bbox 441 3704 621 3759; x_wconf 80' lang='lat' dir='ltr'>Reiffenstuel</span> <span class='ocrx_word' id='word_1_215' title='bbox 641 3704 697 3774; x_wconf 88' lang='lat' dir='ltr'>(lus</span> <span class='ocrx_word' id='word_1_216' title='bbox 716 3704 783 3759; x_wconf 79' lang='lat' dir='ltr'>Gen.</span> <span class='ocrx_word' id='word_1_217' title='bbox 805 3704 903 3771; x_wconf 81' lang='lat' dir='ltr'>Univ.)</span> <span class='ocrx_word' id='word_1_218' title='bbox 920 3704 981 3759; x_wconf 88' lang='lat' dir='ltr'>Lib.</span> <span class='ocrx_word' id='word_1_219' title='bbox 1001 3703 1107 3769; x_wconf 81' lang='lat' dir='ltr'>11‚Tic</span> <span class='ocrx_word' id='word_1_220' title='bbox 1130 3703 1169 3771; x_wconf 84' lang='lat'>19,</span> <span class='ocrx_word' id='word_1_221' title='bbox 1189 3720 1215 3756; x_wconf 91' lang='lat' dir='ltr'>n.</span> <span class='ocrx_word' id='word_1_222' title='bbox 1235 3701 1260 3755; x_wconf 90' lang='grc'>3.</span> 
     </span>
    </p>

    <p class='ocr_par' dir='ltr' id='par_1_6' title="bbox 168 3807 1356 3988">
     <span class='ocr_line' id='line_1_28' title="bbox 260 3807 1356 3882; baseline -0.003 -18"><span class='ocrx_word' id='word_1_223' title='bbox 260 3812 306 3880; x_wconf 70' lang='grc'>(2)</span> <span class='ocrx_word' id='word_1_224' title='bbox 329 3811 453 3877; x_wconf 82' lang='lat' dir='ltr'>Summa,</span> <span class='ocrx_word' id='word_1_225' title='bbox 466 3814 525 3882; x_wconf 82' lang='lat' dir='ltr'>typ.</span> <span class='ocrx_word' id='word_1_226' title='bbox 540 3810 611 3866; x_wconf 87' lang='lat' dir='ltr'>Sem.</span> <span class='ocrx_word' id='word_1_227' title='bbox 626 3812 802 3877; x_wconf 87' lang='lat' dir='ltr'>Veronensis,</span> <span class='ocrx_word' id='word_1_228' title='bbox 818 3812 886 3867; x_wconf 75' lang='lat'>1744</span> <span class='ocrx_word' id='word_1_229' title='bbox 905 3812 946 3867; x_wconf 87' lang='lat' dir='ltr'>ed.</span> <span class='ocrx_word' id='word_1_230' title='bbox 963 3828 1017 3877; x_wconf 82' lang='lat' dir='ltr'>an,</span> <span class='ocrx_word' id='word_1_231' title='bbox 1028 3811 1117 3865; x_wconf 85' lang='lat' dir='ltr'>divisa</span> <span class='ocrx_word' id='word_1_232' title='bbox 1135 3810 1164 3863; x_wconf 87' lang='lat' dir='ltr'>in</span> <span class='ocrx_word' id='word_1_233' title='bbox 1183 3813 1303 3879; x_wconf 87' lang='lat' dir='ltr'>quatuor</span> <span class='ocrx_word' id='word_1_234' title='bbox 1321 3807 1356 3861; x_wconf 91' lang='lat' dir='ltr'>li·</span> 
     </span>
     <span class='ocr_line' id='line_1_29' title="bbox 168 3916 1354 3988; baseline -0.003 -17"><span class='ocrx_word' id='word_1_235' title='bbox 168 3920 233 3973; x_wconf 82' lang='lat' dir='ltr'>bros</span> <span class='ocrx_word' id='word_1_236' title='bbox 252 3916 385 3973; x_wconf 88' lang='lat' dir='ltr'>continet</span> <span class='ocrx_word' id='word_1_237' title='bbox 403 3920 463 3973; x_wconf 83' lang='lat' dir='ltr'>fere</span> <span class='ocrx_word' id='word_1_238' title='bbox 482 3918 620 3988; x_wconf 83' lang='lat' dir='ltr'>integram</span> <span class='ocrx_word' id='word_1_239' title='bbox 639 3920 786 3975; x_wconf 68' lang='lat' dir='ltr'>mammam</span> <span class='ocrx_word' id='word_1_240' title='bbox 805 3919 1008 3983; x_wconf 81' lang='lat' dir='ltr'>Decretalium3</span> <span class='ocrx_word' id='word_1_241' title='bbox 1027 3919 1075 3974; x_wconf 86' lang='lat' dir='ltr'>sed</span> <span class='ocrx_word' id='word_1_242' title='bbox 1093 3917 1189 3973; x_wconf 88' lang='lat' dir='ltr'>ordine</span> <span class='ocrx_word' id='word_1_243' title='bbox 1208 3916 1354 3971; x_wconf 80' lang='lat' dir='ltr'>admodum</span> 
     </span>
    </p>
   </div>
   <div class='ocr_carea' id='block_1_4' title="bbox 166 4023 1354 4525">
    <p class='ocr_par' dir='ltr' id='par_1_7' title="bbox 167 4023 1172 4096">
     <span class='ocr_line' id='line_1_30' title="bbox 167 4023 1172 4096; baseline 0.002 -21"><span class='ocrx_word' id='word_1_244' title='bbox 167 4023 281 4079; x_wconf 79' lang='lat' dir='ltr'>diverso</span> <span class='ocrx_word' id='word_1_245' title='bbox 301 4040 319 4077; x_wconf 84' lang='lat' dir='ltr'>e</span> <span class='ocrx_word' id='word_1_246' title='bbox 337 4023 425 4094; x_wconf 74' lang='lat' dir='ltr'>legali</span> <span class='ocrx_word' id='word_1_247' title='bbox 445 4024 591 4094; x_wconf 84' lang='lat' dir='ltr'>digestam,</span> <span class='ocrx_word' id='word_1_248' title='bbox 611 4026 763 4079; x_wconf 86' lang='lat' dir='ltr'>immutatis</span> <span class='ocrx_word' id='word_1_249' title='bbox 783 4026 850 4096; x_wconf 86' lang='lat' dir='ltr'>ipsis</span> <span class='ocrx_word' id='word_1_250' title='bbox 868 4025 988 4080; x_wconf 89' lang='lat' dir='ltr'>rubricis</span> <span class='ocrx_word' id='word_1_251' title='bbox 1005 4024 1172 4078; x_wconf 80' lang='lat' dir='ltr'>Titurlorum.</span> 
     </span>
    </p>

    <p class='ocr_par' dir='ltr' id='par_1_8' title="bbox 166 4132 1354 4525">
     <span class='ocr_line' id='line_1_31' title="bbox 259 4132 1354 4206; baseline 0.001 -20"><span class='ocrx_word' id='word_1_252' title='bbox 259 4132 304 4203; x_wconf 78' lang='lat'>(3)</span> <span class='ocrx_word' id='word_1_253' title='bbox 323 4132 396 4187; x_wconf 86' lang='lat' dir='ltr'>Prae</span> <span class='ocrx_word' id='word_1_254' title='bbox 416 4132 480 4186; x_wconf 88' lang='lat' dir='ltr'>aliis</span> <span class='ocrx_word' id='word_1_255' title='bbox 498 4135 693 4190; x_wconf 83' lang='lat' dir='ltr'>memorandus</span> <span class='ocrx_word' id='word_1_256' title='bbox 711 4140 755 4189; x_wconf 86' lang='lat' dir='ltr'>cst</span> <span class='ocrx_word' id='word_1_257' title='bbox 768 4134 935 4189; x_wconf 85' lang='lat' dir='ltr'>Guillelmus</span> <span class='ocrx_word' id='word_1_258' title='bbox 948 4134 1069 4188; x_wconf 76' lang='lat' dir='ltr'>Ducendi</span> <span class='ocrx_word' id='word_1_259' title='bbox 1083 4136 1115 4204; x_wconf 89' lang='lat'>(†</span> <span class='ocrx_word' id='word_1_260' title='bbox 1132 4134 1211 4206; x_wconf 80' lang='lat'><strong>1296)</strong></span> <span class='ocrx_word' id='word_1_261' title='bbox 1224 4134 1272 4206; x_wconf 93' lang='lat' dir='ltr'>qui</span> <span class='ocrx_word' id='word_1_262' title='bbox 1291 4139 1354 4204; x_wconf 88' lang='lat' dir='ltr'>post</span> 
     </span>
     <span class='ocr_line' id='line_1_32' title="bbox 166 4239 1353 4311; baseline -0.003 -16"><span class='ocrx_word' id='word_1_263' title='bbox 166 4239 258 4295; x_wconf 77' lang='lat' dir='ltr'>editas</span> <span class='ocrx_word' id='word_1_264' title='bbox 283 4239 447 4296; x_wconf 81' lang='lat' dir='ltr'>Decretales</span> <span class='ocrx_word' id='word_1_265' title='bbox 469 4240 594 4310; x_wconf 77' lang='lat' dir='ltr'>Gregorii</span> <span class='ocrx_word' id='word_1_266' title='bbox 617 4242 656 4297; x_wconf 86' lang='lat' dir='ltr'>lx</span> <span class='ocrx_word' id='word_1_267' title='bbox 676 4243 831 4311; x_wconf 90' lang='lat' dir='ltr'>composuit</span> <span class='ocrx_word' id='word_1_268' title='bbox 858 4260 937 4295; x_wconf 88' lang='lat' dir='ltr'>suurn</span> <span class='ocrx_word' id='word_1_269' title='bbox 965 4242 1119 4311; x_wconf 81' lang='lat' dir='ltr'>Speculum</span> <span class='ocrx_word' id='word_1_270' title='bbox 1137 4243 1280 4309; x_wconf 83' lang='lat' dir='ltr'>iudiciale,</span> <span class='ocrx_word' id='word_1_271' title='bbox 1297 4258 1353 4295; x_wconf 88' lang='lat' dir='ltr'>ser-</span> 
     </span>
     <span class='ocr_line' id='line_1_33' title="bbox 170 4342 1353 4415; baseline 0.003 -19"><span class='ocrx_word' id='word_1_272' title='bbox 170 4350 236 4399; x_wconf 75' lang='lat' dir='ltr'>vata</span> <span class='ocrx_word' id='word_1_273' title='bbox 256 4343 398 4401; x_wconf 77' lang='lat' dir='ltr'>materiae</span> <span class='ocrx_word' id='word_1_274' title='bbox 418 4342 510 4415; x_wconf 84' lang='lat' dir='ltr'>logica</span> <span class='ocrx_word' id='word_1_275' title='bbox 530 4346 712 4401; x_wconf 85' lang='lat' dir='ltr'>ordinatione.</span> <span class='ocrx_word' id='word_1_276' title='bbox 738 4346 813 4415; x_wconf 88' lang='lat' dir='ltr'>Opus</span> <span class='ocrx_word' id='word_1_277' title='bbox 832 4345 1045 4401; x_wconf 88' lang='lat' dir='ltr'>celeberrimum</span> <span class='ocrx_word' id='word_1_278' title='bbox 1064 4352 1124 4400; x_wconf 86' lang='lat' dir='ltr'>tota</span> <span class='ocrx_word' id='word_1_279' title='bbox 1142 4347 1233 4402; x_wconf 84' lang='lat' dir='ltr'>media</span> <span class='ocrx_word' id='word_1_280' title='bbox 1251 4351 1353 4414; x_wconf 82' lang='lat' dir='ltr'>aetate,</span> 
     </span>
     <span class='ocr_line' id='line_1_34' title="bbox 169 4446 1353 4525; baseline 0 -19"><span class='ocrx_word' id='word_1_281' title='bbox 169 4451 377 4524; x_wconf 79' lang='lat' dir='ltr'>locupletatum</span> <span class='ocrx_word' id='word_1_282' title='bbox 398 4453 586 4508; x_wconf 80' lang='lat' dir='ltr'>additionibus</span> <span class='ocrx_word' id='word_1_283' title='bbox 605 4452 714 4509; x_wconf 84' lang='lat' dir='ltr'>loannis</span> <span class='ocrx_word' id='word_1_284' title='bbox 739 4454 875 4509; x_wconf 79' lang='lat' dir='ltr'>Andreae.</span> <span class='ocrx_word' id='word_1_285' title='bbox 900 4454 961 4521; x_wconf 90' lang='lat' dir='ltr'>Hic,</span> <span class='ocrx_word' id='word_1_286' title='bbox 977 4459 1015 4509; x_wconf 83' lang='lat' dir='ltr'>ud</span> <span class='ocrx_word' id='word_1_287' title='bbox 1029 4458 1207 4525; x_wconf 82' lang='lat' dir='ltr'>prooemium</span> <span class='ocrx_word' id='word_1_288' title='bbox 1234 4456 1262 4508; x_wconf 84' lang='lat' dir='ltr'>V.</span> <span class='ocrx_word' id='word_1_289' title='bbox 1282 4446 1353 4508; x_wconf 87' lang='lat' dir='ltr'>Plu-</span> 
     </span>
    </p>
   </div>
   <div class='ocr_carea' id='block_1_5' title="bbox 0 0 1680 5117">
    <p class='ocr_par' dir='ltr' id='par_1_9' title="bbox 0 0 1680 5117">
     <span class='ocr_line' id='line_1_35' title="bbox 0 0 1680 5117; baseline 0 5"><span class='ocrx_word' id='word_1_290' title='bbox 0 0 1680 5117; x_wconf 95' lang='lat' dir='ltr'> </span> 
     </span>
    </p>
   </div>
  </div>
 </body>
</html>
