3350 5117
545 370 589 417 nn
614 370 753 419 runrons
777 368 1043 417 scotasmsrrcrs
1315 349 1382 414 537

200 495 242 562 de
265 496 413 564 advocati
437 502 493 562 aut
515 498 738 583 procuratoris
762 497 944 582 suspicione
966 502 1022 561 aut
1048 497 1258 571 inhabilitate,
1282 498 1383 561 aliae-

201 642 264 705 que
288 621 486 698 huiusmodi;
507 628 540 689 et
562 624 596 689 in
619 642 742 709 genere
757 642 871 688 omnes
887 623 1095 707 exceptiones
1105 622 1381 706 praeiudiciales,

199 746 457 827 peremptoriae
480 750 513 811 et
543 746 734 813 dilatoriae.
766 746 842 810 Dixi
866 781 884 794 -
909 746 1033 811 exoriri
1056 745 1194 811 solent·
1220 747 1293 829 quia
1323 744 1382 809 ali-

200 868 328 953 qnando
352 870 450 935 etiam
481 871 514 935 in
544 871 657 937 medio
681 870 788 935 indicii
813 870 939 936 exoriri
970 874 1111 956 possunt,
1136 890 1219 941 cum,
1243 888 1296 934 ex.
1320 888 1381 955 gr,

200 991 310 1075 agitur
333 990 373 1056 de
398 992 648 1078 incompetentia
663 991 777 1058 iudicis
793 991 898 1076 quoad
914 992 1014 1076 ipsam
1030 1010 1158 1055 causmn
1176 989 1380 1068 incidentem,

201 1112 254 1177 rel
286 1111 325 1177 de
356 1116 538 1199 suspicione
569 1116 659 1180 cuius
689 1116 773 1179 ratio
808 1119 926 1179 exorta
958 1116 1009 1196 sit,
1039 1114 1187 1199 incoepto
1217 1132 1380 1199 processu,

200 1238 306 1321 prouti
330 1240 357 1303 si
373 1238 474 1305 iudex
490 1241 723 1325 cognationem,
747 1246 805 1306 aut
829 1240 1016 1307 affinitatem
1032 1262 1105 1307 cum
1121 1242 1185 1306 alia
1200 1247 1293 1327 parte
1308 1260 1381 1306 con·

200 1364 349 1428 traxerit.

292 1490 464 1574 Proprium
496 1496 545 1557 est
575 1494 708 1557 istarum
741 1492 961 1575 quaestionum
985 1491 1289 1574 praeiudiciatmm
1312 1491 1380 1555 sire

201 1616 350 1681 meritum
375 1635 492 1681 causae
515 1617 584 1682 sive
602 1617 697 1683 ritum
714 1615 899 1681 iudicialem
915 1618 1150 1702 attingentiurn,
1167 1622 1201 1682 ut
1216 1616 1274 1680 sub
1291 1616 1380 1680 initio

199 1759 371 1823 processus
394 1742 572 1826 agitantum
596 1762 689 1807 secus
713 1741 879 1806 ordinario
908 1742 1126 1826 praesumitur
1153 1743 1228 1826 ipsis
1260 1761 1378 1806 renun-

198 1863 319 1929 ciatum
342 1864 452 1945 fuisse,
469 1866 574 1949 prouti
599 1863 830 1950 explicavimus
853 1884 886 1929 n.
910 1864 973 1929 411
999 1883 1066 1948 seq.

288 1984 366 2052 538.
392 1986 574 2051 lncidentes
597 2006 714 2051 causae
730 1958 882 2053 medium
907 1986 1057 2051 iudicium
1079 1987 1133 2052 rel
1156 1988 1251 2051 etiarn
1271 1986 1378 2052 iudicii

199 2110 301 2195 finem
315 2114 548 2196 consequentes
561 2115 634 2177 sunt
646 2132 728 2195 quae
741 2114 934 2179 exoriuntur
949 2113 1034 2177 inter
1045 2114 1129 2198 ipsos
1142 2113 1313 2197 litigantes,
1326 2113 1379 2177 vel

198 2236 287 2301 inter
302 2237 467 2323 litigantes
490 2243 523 2303 et
546 2240 684 2322 aliquem
699 2240 842 2304 tertium.
859 2276 903 2289 -
919 2241 1011 2305 Inter
1026 2237 1189 2323 litigantes
1212 2237 1379 2322 quaeritur

199 2360 372 2445 aliquando
388 2362 428 2429 de
441 2364 642 2429 cautionibus
665 2364 868 2449 praestandis
882 2365 952 2429 sire
971 2362 1084 2429 standi
1099 2364 1135 2427 in
1157 2362 1293 2434 iudicio,
1310 2362 1378 2425 sive

198 2484 387 2551 iudicatum
405 2486 566 2561 soluendi,
584 2487 636 2551 vel
653 2487 693 2552 de
709 2486 942 2572 sequestranda
958 2505 995 2551 re
1010 2487 1149 2571 litigiosa
1165 2486 1297 2569 eiusque
1313 2484 1378 2548 sru-

198 2605 311 2680 ctibus,
325 2606 365 2673 de
382 2608 558 2674 rationibus
574 2608 747 2675 reddendis
769 2612 881 2693 gestae
903 2605 1197 2679 administrationis,
1221 2606 1261 2671 de
1283 2605 1377 2689 liqui·

198 2728 327 2795 datione
355 2751 589 2816 expensarum,
621 2728 661 2797 de
690 2730 889 2797 admittenda
910 2731 1018 2814 aliqua
1039 2731 1236 2815 probationis
1259 2730 1376 2813 specie,

198 2856 249 2920 vel
268 2875 369 2940 eaque
385 2856 568 2942 respuenda
583 2862 616 2923 et
632 2858 675 2922 ita
691 2876 800 2940 porro.
817 2891 861 2903 —
879 2855 969 2920 Inter
985 2855 1070 2939 ipsos
1085 2854 1247 2939 litigantes
1263 2858 1296 2919 et
1309 2855 1377 2917 ter-

197 2980 258 3043 tios
275 2982 414 3065 emergit
438 2982 590 3064 quaestio,
615 2981 641 3045 si
658 2980 740 3046 alius
763 2986 853 3066 petat
868 2980 1094 3045 interventum
1117 2999 1174 3042 seu
1197 2980 1377 3063 ingressum

198 3102 231 3164 in
255 3121 385 3166 causam
408 3104 472 3167 iarn
496 3102 717 3173 instauratam,
742 3102 794 3167 vel
819 3102 847 3165 si
881 3106 990 3186 partes
1013 3104 1069 3166 aut
1090 3099 1174 3164 idem
1198 3098 1294 3164 iudex
1317 3099 1377 3164 ali-

197 3248 291 3312 quem
316 3230 348 3293 in
374 3250 504 3295 causam
527 3235 653 3303 vocent,
679 3231 778 3297 veluti
802 3229 1033 3295 fideiussorem.

287 3352 363 3417 539.
388 3353 481 3418 Aliae
511 3372 628 3417 musae
651 3354 842 3434 incidenter,
866 3356 984 3417 natura
1005 3356 1064 3418 sua
1094 3358 1169 3418 sunt
1192 3372 1376 3418 communes

197 3449 387 3560 cuicumque
404 3476 511 3542 iudicii
529 3479 627 3563 parti;
645 3479 754 3563 prouti
770 3478 970 3563 impugnatio
986 3478 1106 3543 valoris
1122 3478 1256 3542 alicuius
1275 3484 1375 3559 actuS,

197 3602 400 3667 contumacia
423 3614 479 3667 seu
503 3603 719 3669 inobedientia
735 3606 836 3690 partis
858 3624 879 3668 a
901 3603 1006 3669 iudice
1022 3605 1138 3669 citatae
1160 3603 1201 3668 ad
1225 3604 1377 3689 incipien-

196 3722 282 3805 dum,
312 3723 351 3788 ad
383 3726 655 3810 prosequendum,
686 3726 726 3791 ad
756 3724 980 3809 exequendum
1009 3724 1169 3790 iudicium.
1194 3728 1275 3791 ltem
1303 3746 1375 3792 curn

196 3851 364 3933 quaeritur
388 3850 427 3915 de
459 3851 637 3933 attentatis,
662 3852 720 3916 lite
748 3850 926 3937 pendente;
949 3850 1104 3936 siquidem
1128 3852 1184 3917 tite
1205 3852 1376 3935 pendente

195 3971 282 4038 mittit
306 3970 402 4038 debet
425 3972 612 4039 immutari.

287 4099 365 4164 540.
389 4097 503 4163 Modus
519 4096 661 4184 agitandi
684 4098 743 4163 bas
767 4120 883 4165 causas
898 4100 1078 4165 incidentes
1093 4106 1141 4165 est
1165 4110 1200 4166 ut
1222 4100 1312 4166 nulla
1328 4122 1377 4167 re

195 4224 345 4307 quiratur
360 4223 555 4297 solemnitas,
572 4221 628 4288 sed
644 4228 794 4289 serretur
809 4244 981 4310 processus
996 4227 1198 4308 summarius,
1211 4232 1243 4292 et
1258 4247 1298 4293 ea
1309 4232 1376 4293 tan-
1421 4204 1426 4212 ⁴

195 4352 263 4413 tum
286 4346 501 4413 observentur
524 4348 627 4433 magis
649 4353 830 4433 opportuna
853 4348 895 4414 ad
918 4349 1058 4414 celerem
1083 4370 1199 4417 causae
1222 4348 1377 4418 definitio-

195 4492 280 4555 nem,
296 4478 329 4538 et
351 4472 391 4538 ad
408 4472 526 4538 tuenda
542 4476 681 4559 partium
705 4476 786 4551 iura,
805 4494 888 4559 quae
908 4476 944 4541 ia
968 4475 1119 4543 cientibus
1136 4478 1276 4543 maxime
1292 4498 1376 4543 oom-
