3350 5117
496 298 539 345 DE
563 297 702 345 tumens
727 297 994 345 Ecotssmsmcts
1289 279 1330 345 31

161 424 380 489 transactionis
402 422 644 507 exequendum
669 428 826 506 quatenus
851 422 988 487 iurantis
1003 422 1141 487 intentio
1156 419 1227 494 tuit.
1245 420 1334 485 velle

160 543 346 611 confirmare
361 550 500 631 pactum,
514 546 610 611 etiam
622 546 779 632 praestita
791 564 906 633 poena
919 545 1030 627 Secus,
1042 546 1068 611 si
1081 546 1200 611 iuravit
1210 544 1245 609 in
1257 543 1335 609 obli-

159 673 312 757 gationem
337 671 583 749 alternativam;
601 692 716 759 nempe
737 673 791 739 vel
813 672 1000 759 praestandi
1022 690 1160 757 poenam
1182 670 1236 736 vel
1256 690 1336 735 exe·

157 794 268 879 quendi
285 800 423 880 pactum.
437 797 659 862 loramentum
674 796 821 880 seqnitur
837 801 987 861 naturam
1005 799 1096 862 actus
1108 796 1160 859 cui
1172 794 1334 860 adiicitur:

158 918 295 1005 explicat
318 918 484 1014 Reiffenst.
509 922 570 987 Tit.
596 922 639 989 de
663 922 811 989 Iureiar.
838 922 887 997 ll,
910 942 944 986 a.
971 922 1019 987 69
1041 940 1108 1006 seq.
1135 924 1168 987 et
1190 917 1337 985 D'Anni-

157 1045 228 1111 bale
251 1047 298 1123 ll,
321 1066 356 1111 n.
379 1046 455 1112 247
478 1066 547 1133 seq.

243 1168 273 1233 9.
300 1168 381 1233 Dein
404 1169 602 1252 inquiramus
632 1169 672 1235 de
703 1167 849 1269 mqbiecto
873 1173 907 1235 et
936 1168 1062 1236 obiecto
1096 1168 1334 1235 transactionis.

159 1290 233 1357 Cum
257 1295 368 1377 primis
391 1294 431 1361 de
454 1294 610 1363 subiecto.
636 1295 719 1369 Quia
748 1296 928 1361 transactio
959 1301 1009 1360 est
1039 1298 1227 1360 contractus
1257 1312 1336 1358 one-

159 1432 257 1495 rosus,
277 1434 335 1480 seu
358 1436 401 1481 ex
425 1422 562 1501 utraque
584 1420 678 1502 parte
701 1418 880 1502 importans
904 1415 1027 1501 aliquid
1051 1414 1160 1480 datum
1184 1419 1241 1482 aut
1262 1430 1353 1499 pro·¹
1371 1486 1389 1515 'x
1405 1491 1410 1506 .
1424 1489 1445 1500 Α
1496 1407 1501 1416 “

159 1540 289 1604 missurn
311 1547 368 1605 aut
391 1546 563 1622 retentum,
587 1540 743 1625 sequitur,

245 1660 278 1745 l)
296 1662 478 1747 transigere
490 1680 559 1727 -non
571 1662 683 1727 valere
699 1663 752 1747 qni
769 1660 967 1727 contrahere
982 1680 1048 1725 non
1064 1663 1211 1745 possunt:
1226 1656 1338 1743 quales
1363 1629 1373 1690 ¹·

158 1788 228 1848 sunt
248 1783 403 1857 infantes,
427 1784 551 1865 iuriosi,
576 1790 730 1865 amentes,
754 1784 872 1868 quiquo
896 1783 1030 1847 rationis
1046 1802 1106 1846 usu
1129 1779 1338 1846 habitualiter

157 1914 276 1978 carent,
303 1909 419 1993 quippe
443 1909 613 1993 incapaces
637 1914 712 1973 sunt
734 1908 774 1973 ad
799 1926 991 1974 consensum
1015 1906 1155 1971 dandum
1179 1909 1212 1969 et
1234 1905 1337 1969 mani-

159 2028 338 2095 testandum
361 2050 421 2115 pro
444 2030 663 2096 contractibus
687 2029 853 2097 ineundis:
1177 2034 1209 2109 [ἃ

239 2156 277 2240 2)
302 2160 459 2239 quatenus
482 2162 531 2221 est
554 2160 741 2221 contractus
769 2174 935 2226 onerosus,
960 2154 1188 2218 alienationem
1211 2170 1337 2217 secum-

157 2278 273 2363 ierens,
301 2302 345 2345 ex
367 2283 438 2346 iure
462 2283 617 2347 canonico
641 2283 825 2367 transigere
860 2300 926 2345 non
950 2285 1084 2365 possunt
1105 2264 1265 2364 personae
1288 2298 1338 2342 ec-

155 2406 356 2472 olesiasticae
387 2428 444 2472 seu
470 2408 621 2485 praelati,
647 2414 793 2473 rectores
819 2408 1052 2479 Ecclesiarum
1084 2405 1230 2469 locorum
1259 2405 1338 2469 reli-

154 2530 330 2614 giosorum,
355 2528 633 2595 administratores
664 2548 838 2613 omnesque
871 2527 1065 2600 beneficiati,
1090 2529 1150 2592 nisi
1183 2528 1266 2590 iusta
1295 2526 1336 2592 de

155 2672 257 2735 causa,
289 2655 481 2721 observatis
505 2652 760 2720 solemnitatibus
783 2653 824 2718 ad
854 2653 1083 2718 alienationem
1115 2670 1158 2715 ex
1182 2650 1340 2715 canonica

156 2778 326 2866 disciplina
350 2780 521 2875 requisitis.
547 2780 700 2845 lamvoro
724 2798 767 2845 ex
792 2781 863 2845 iure
887 2778 1114 2851 Decretalium‚
1139 2782 1273 2863 praeter
1295 2777 1340 2841 iu·

155 2912 232 2970 stam
257 2925 392 2971 causam
416 2925 471 2971 seu
498 2904 720 2971 necessitatem
744 2911 801 2969 aut
824 2904 995 2969 Ecclesiae
1023 2904 1204 2977 utilitatem,
1230 2903 1339 2987 requi·

158 3020 256 3101 ritur,
282 3048 345 3114 pro
368 3027 465 3093 rebus
496 3026 708 3093 immobilibus
731 3032 764 3093 et
787 3026 955 3093 mobilibus
979 3027 1138 3112 pretiosis,
1164 3046 1341 3092 consensus

158 3154 310 3239 Episcopi
336 3158 369 3218 et
392 3153 529 3239 Capituli
553 3153 642 3218 Ecci.
668 3153 759 3219 Cath.
784 3170 934 3218 necnon
958 3153 1095 3218 rectoris
1113 3150 1262 3217 beneficii
1284 3157 1342 3218 aut

159 3278 254 3362 ipsius
268 3282 450 3343 conventus
461 3275 502 3340 ad
515 3296 593 3359 quos
609 3295 663 3340 res
678 3273 849 3339 alienanda
860 3276 1032 3358 pertineat.
1047 3275 1126 3340 Post
1139 3294 1218 3338 vero
1231 3274 1339 3341 Const.

161 3401 438 3469 ‹ambitiosae›
464 3402 553 3467 inter
579 3406 709 3467 coatrae.
742 3419 826 3467 com.
851 3401 902 3465 De
924 3399 1027 3467 robus
1051 3402 1129 3466 eccl.
1162 3401 1263 3467 alien.
1288 3403 1340 3467 vel

158 3546 235 3599 aon,
263 3526 444 3610 requiritur
465 3525 562 3589 etiam
584 3544 644 3609 pro
660 3523 839 3589 huiusmodi
863 3520 961 3589 rebus
984 3522 1221 3609 beneplacitum
1238 3524 1271 3590 S.
1287 3525 1341 3591 Se-

159 3647 205 3715 dis
226 3648 286 3735 (1).
313 3644 347 3711 S.
371 3647 471 3714 Sedes
492 3647 574 3713 solet
596 3667 656 3732 per
687 3647 870 3712 consultum
901 3647 933 3712 S.
959 3647 1057 3732 Cong.
1084 3645 1205 3712 Concil.
1234 3647 1341 3733 expri·

160 3794 247 3841 mere
272 3796 368 3841 suum
391 3775 644 3861 beneplacitum
669 3780 702 3841 et
725 3775 751 3839 si
768 3773 874 3839 adsint
896 3772 1163 3844 contradictores,
1180 3773 1343 3839 sententia

161 3900 190 3966 S.
214 3903 319 3987 (long.
344 3900 465 3968 Concil.
490 3901 595 3967 editur
619 3900 723 3965 forma
745 3900 904 3966 iudiciali:
929 3900 971 3965 cf.
996 3900 1161 3966 Pailottini
1185 3902 1207 3966 l.
1224 3920 1250 3967 c.
1300 3894 1309 3907 '

249 4096 291 4165 (1)
312 4095 431 4151 Proinde
449 4095 585 4167 quomodo
603 4093 817 4164 intelligendum
836 4094 875 4147 sit
893 4103 976 4165 caput
995 4094 1024 4161 8,
1042 4096 1068 4148 b.
1088 4105 1109 4148 t.
1130 4095 1167 4161 X,
1185 4094 1258 4167 quod
1277 4099 1343 4150 ante

162 4195 256 4253 Const.
277 4200 454 4265 ambitiosae,
474 4200 583 4255 videtur
610 4194 799 4269 praescribere
818 4198 1015 4253 necessitatem
1041 4197 1211 4268 beneplaciti
1230 4202 1343 4268 aposto·

163 4304 218 4371 lici,
236 4306 301 4361 vide
320 4309 423 4378 passim
447 4308 517 4379 apud
536 4307 701 4364 canonistas
726 4307 755 4361 in
779 4306 824 4363 rit.
845 4308 887 4361 De
912 4308 997 4362 rebus
1024 4307 1168 4361 Ecclesiae
1192 4308 1277 4361 olien-
1297 4308 1344 4361 vel

164 4428 228 4479 ma,
249 4413 289 4479 X,
305 4414 347 4467 ita
365 4414 399 4467 cf.
418 4412 458 4467 cl.¹
472 4412 550 4468 Santi
570 4418 608 4467 tit.
628 4416 663 4468 de
681 4422 812 4477 transeat.
829 4431 859 4467 sc
880 4413 911 4465 5.
