3350 5117
283 190 349 278 768
745 211 853 280 iuoux
879 234 999 282 uunuu

282 355 342 410 678.
363 355 393 408 ln
413 352 542 409 civilibus
560 355 689 410 executio
707 355 833 426 pluribus
852 358 1038 430 gravibusque
1057 360 1267 430 quaestionibus
1283 363 1335 416 im·

390 463 518 534 plicatur.
539 463 642 518 Harum
661 466 856 536 quaestionum
874 470 976 520 natura
994 469 1118 523 breviter
1135 469 1301 523 describitur
1324 488 1387 539 pop.
1406 467 1457 523 651
1496 508 1499 512 -

281 566 343 620 679.
363 565 524 620 Huiusmodi
544 567 750 622 controversiae
768 569 791 620 si
812 572 956 624 venentur
974 570 1003 623 in
1022 570 1083 623 foro
1101 569 1169 624 eccl.
1182 571 1257 625 circa
1275 573 1336 625 iura

389 675 484 730 civilia
502 674 679 730 resolvuntur
697 676 799 745 partim
819 677 880 732 iure
899 679 1046 744 cummuni,
1065 679 1166 749 partim
1180 679 1240 735 iure
1258 659 1335 735 civili

390 781 523 853 peculiari
543 788 592 837 aut
611 783 670 836 inre
692 783 936 838 consuetudinario
972 823 1335 839 .........
1372 787 1461 843 »652

283 889 344 942 680.
363 889 504 944 ludicialis
517 895 641 960 potestas
660 890 757 944 linitur
775 907 824 960 per
843 893 1026 947 seutentiam:
1039 893 1186 947 executiva
1197 898 1292 948 autem
1307 909 1337 948 se

391 996 510 1066 porrigit
527 995 562 1049 ad
580 996 674 1051 omnia
698 997 760 1050 iura
783 1011 855 1067 quae
879 984 1071 1052 executionem
1090 998 1229 1068 recipiunt
1252 999 1336 1052 mini-

390 1102 476 1156 sterio
495 1101 593 1155 iudicis
621 1141 1336 1157 .................
1373 1103 1463 1161 »653

283 1208 345 1263 681.
364 1208 459 1270 Quoad
478 1209 670 1264 executionem
689 1211 845 1266 sententiae
864 1211 988 1265 revocari
1008 1211 1100 1276 debet,
1112 1212 1266 1265 sententias
1277 1226 1338 1265 ease

391 1317 493 1370 iunium
511 1316 718 1372 declarator-ias.
738 1315 802 1372 lnde
823 1317 923 1387 pendet
936 1317 1118 1388 quaestio‚an
1132 1317 1271 1372 sententia
1290 1315 1337 1370 ba·

391 1426 457 1480 beet
475 1425 531 1478 vim
551 1427 747 1482 retroactivam
751 1465 1336 1480 ..............
1376 1442 1393 1482 »
1424 1426 1462 1480 ibi

284 1529 345 1584 682.
365 1532 409 1585 Ab
428 1532 593 1586 executione
616 1533 773 1588 sententiae
798 1508 845 1587 uti
857 1537 1013 1588 ceterorum
1033 1511 1135 1586 iunium
1153 1532 1236 1587 datur
1253 1533 1338 1587 etiam

391 1639 468 1694 tertii
489 1639 641 1709 appellatio
665 1676 1338 1693 ................
1374 1639 1464 1695 »654

713 1906 873 1964 TlTULUS
891 1906 1035 1963 UNlCUS.

499 2082 537 2122 llll
556 2083 727 2124 sunamite
746 2083 877 2130 amaon!
899 2083 1041 2123 cucuzuta
1062 2082 1248 2130 extenuabis.

286 2279 397 2335 683.1n
422 2279 474 2335 boc
500 2282 584 2336 titulo
608 2283 718 2352 agitur:
741 2282 767 2350 1)
785 2283 819 2337 de
845 2283 1034 2353 competentia
1058 2281 1229 2345 executuris;
1254 2281 1282 2346 2)
1306 2279 1340 2334 de

393 2387 475 2441 modo
493 2389 666 2443 executionis
668 2427 1163 2441 ............
1195 2426 1208 2456 ,.
1245 2425 1251 2436 .
1289 2424 1295 2436 .
1326 2400 1392 2455 pue.
1411 2383 1465 2437 656

285 2491 347 2546 684.
367 2491 462 2552 Quoad
480 2491 695 2562 competentiam
714 2491 898 2561 distinguitur
915 2490 998 2546 iudex
1022 2491 1084 2546 sire
1108 2490 1265 2544 ordinarius
1282 2489 1342 2547 aive

391 2600 537 2669 delegatus
555 2617 572 2654 a
591 2602 679 2656 mixto
697 2605 747 2654 aut
765 2615 843 2655 mero
860 2603 1009 2654 executore
1018 2636 1342 2652 ........
1379 2611 1395 2652 »
1423 2596 1462 2648 ibi

285 2705 347 2760 685.
367 2706 437 2768 Quid
458 2708 543 2777 possit
562 2725 664 2775 merus,
682 2705 747 2778 quid
766 2705 871 2761 mixtus
888 2709 1020 2763 executor
1064 2740 1343 2756 .......
1380 2719 1398 2758 »
1428 2702 1465 2755 ibi

285 2811 347 2866 686.
366 2813 514 2875 Quaeritur
524 2830 559 2868 an
573 2814 655 2869 iudex
668 2813 865 2884 appellationis
876 2811 1044 2868 sententiam
1058 2808 1229 2880 appellatam
1242 2809 1341 2878 exequi

393 2919 487 2974 valeat
529 2954 1337 2974 ...................
1375 2913 1466 2970 »657

286 3026 346 3080 687.
367 3030 411 3080 An
424 3025 612 3082 admittendae
625 3027 682 3081 sint
694 3027 872 3096 exceptiones
884 3031 934 3079 aut
946 3022 1151 3095 appellationes
1163 3027 1261 3076 contra
1279 3037 1343 3077 exe·

393 3133 534 3188 cntionem
551 3133 753 3188 sententiarum
796 3168 1294 3185 ............
1320 3124 1337 3178 ”.
1377 3125 1466 3184 »658

286 3239 348 3294 688.
368 3239 530 3294 Huiusmodi
549 3241 726 3312 quaestiones
745 3243 953 3310 pertractantur
971 3253 1100 3308 processu
1120 3235 1297 3290 summario.
1336 3275 1342 3285 .
1380 3249 1398 3291 »
1428 3233 1467 3288 ibi

287 3348 348 3403 689.
368 3351 412 3401 An
431 3347 584 3418 appellatio
602 3350 638 3402 ab
658 3347 821 3403 executione
841 3345 972 3401 admittat
996 3346 1127 3400 effectum
1152 3343 1343 3412 suspensivum

395 3451 438 3507 vel
458 3453 557 3519 minus,
571 3451 672 3521 pendet
686 3467 708 3504 a
727 3449 950 3521 generalioribus
968 3449 1112 3518 principiis
1115 3484 1344 3500 ......
1382 3456 1399 3500 »
1429 3442 1469 3496 ibi

288 3561 349 3616 690.
370 3561 469 3615 Modus
488 3561 661 3616 executionis
680 3561 739 3615 sive
758 3559 935 3613 voluntariae
954 3560 1013 3612 sive
1032 3561 1145 3611 coactae
1163 3553 1236 3608 alius
1255 3553 1346 3608 estin

310 3683 313 3690 ·
396 3665 553 3719 actionibus
572 3663 773 3734 personalibus,
792 3661 866 3717 alius
885 3664 913 3717 in
934 3661 1056 3717 realibus
1072 3693 1347 3713 .......
1383 3669 1401 3713 »
1430 3656 1470 3710 ibi

287 3771 348 3825 691.
369 3771 462 3826 Media
481 3771 653 3826 executionis
671 3775 785 3825 coactae
802 3802 1342 3823 .............
1381 3762 1471 3819 »659

287 3877 348 3932 692.
369 3877 511 3939 Quomodo
529 3858 601 3932 usus*
614 3877 780 3932 muletarum
799 3881 971 3946 opportunus
989 3876 1026 3929 sit
1068 3908 1340 3925 .......
1381 3868 1471 3926 »660

288 3985 349 4038 693.
373 3985 411 4040 De
430 3987 536 4039 duobus
556 3984 711 4055 privilegiis
729 3983 894 4041 clericorum
912 3983 1003 4054 quoad
1021 3980 1213 4037 executionem
1234 3981 1345 4032 senten·

395 4089 507 4156 tiorum,
526 4105 639 4159 nempe:
662 4089 687 4159 Ι)
706 4089 740 4143 de
759 4087 908 4157 privilegio
926 4085 1146 4155 competentiam
1163 4082 1192 4153 2)
1210 4080 1244 4136 de
1262 4079 1347 4150 privi-

396 4191 471 4264 legiu
489 4211 523 4249 ex
543 4195 586 4249 tit
607 4193 647 4249 De
665 4193 775 4249 clericis
794 4192 1037 4263 peregrinantibus
1055 4189 1083 4245 X
1103 4189 1147 4260 (ll,
1168 4186 1214 4259 29)
1250 4226 1256 4239 .
1294 4228 1301 4240 .
1339 4227 1346 4240 .
1382 4199 1401 4243 »
1430 4185 1471 4240 ibi
