<?xml version="1.0" encoding="UTF-8"?>
<!DOCTYPE html PUBLIC "-//W3C//DTD XHTML 1.0 Transitional//EN"
    "http://www.w3.org/TR/xhtml1/DTD/xhtml1-transitional.dtd">
<html xmlns="http://www.w3.org/1999/xhtml" xml:lang="en" lang="en">
 <head>
  <title>
</title>
<meta http-equiv="Content-Type" content="text/html;charset=utf-8" />
  <meta name='ocr-system' content='tesseract 3.04.00' />
  <meta name='ocr-capabilities' content='ocr_page ocr_carea ocr_par ocr_line ocrx_word'/>
</head>
<body>
  <div class='ocr_page' id='page_1' title='image "./praelectionesin01legagoog_0079.png"; bbox 0 0 3350 5117; ppageno 0'>
   <div class='ocr_carea' id='block_1_1' title="bbox 502 278 1339 344">
    <p class='ocr_par' dir='ltr' id='par_1_1' title="bbox 502 278 1339 344">
     <span class='ocr_line' id='line_1_1' title="bbox 502 278 1339 344; baseline 0.005 -5"><span class='ocrx_word' id='word_1_1' title='bbox 502 292 547 339; x_wconf 84' lang='lat' dir='ltr'><strong><em>oe</em></strong></span> <span class='ocrx_word' id='word_1_2' title='bbox 571 293 710 343; x_wconf 83' lang='lat' dir='ltr'><strong><em>romeus</em></strong></span> <span class='ocrx_word' id='word_1_3' title='bbox 734 294 999 344; x_wconf 80' lang='lat' dir='ltr'><strong><em>eccuesusmcrs</em></strong></span> <span class='ocrx_word' id='word_1_4' title='bbox 1294 278 1339 343; x_wconf 77' lang='lat'><strong><em>77</em></strong></span> 
     </span>
    </p>
   </div>
   <div class='ocr_carea' id='block_1_2' title="bbox 158 411 1346 2491">
    <p class='ocr_par' dir='ltr' id='par_1_2' title="bbox 161 411 1342 766">
     <span class='ocr_line' id='line_1_2' title="bbox 163 411 1338 504; baseline 0.01 -28"><span class='ocrx_word' id='word_1_5' title='bbox 163 411 258 478; x_wconf 78' lang='lat' dir='ltr'><strong><em>facile</em></strong></span> <span class='ocrx_word' id='word_1_6' title='bbox 293 420 343 479; x_wconf 83' lang='lat' dir='ltr'><strong><em>est</em></strong></span> <span class='ocrx_word' id='word_1_7' title='bbox 376 415 568 503; x_wconf 84' lang='lat' dir='ltr'><strong><em>intelligere,</em></strong></span> <span class='ocrx_word' id='word_1_8' title='bbox 598 416 682 503; x_wconf 92' lang='lat' dir='ltr'><strong><em>quod</em></strong></span> <span class='ocrx_word' id='word_1_9' title='bbox 713 420 875 504; x_wconf 87' lang='lat' dir='ltr'>negotium</span> <span class='ocrx_word' id='word_1_10' title='bbox 907 420 1142 485; x_wconf 88' lang='lat' dir='ltr'><strong><em>contentiosum</em></strong></span> <span class='ocrx_word' id='word_1_11' title='bbox 1171 421 1338 487; x_wconf 78' lang='lat' dir='ltr'><strong>aliusmodi</strong></span> 
     </span>
     <span class='ocr_line' id='line_1_3' title="bbox 163 538 1342 626; baseline 0.012 -27"><span class='ocrx_word' id='word_1_12' title='bbox 163 538 310 623; x_wconf 90' lang='lat' dir='ltr'><strong><em>componi</em></strong></span> <span class='ocrx_word' id='word_1_13' title='bbox 332 538 450 611; x_wconf 83' lang='lat' dir='ltr'><strong><em>valeat</em></strong></span> <span class='ocrx_word' id='word_1_14' title='bbox 467 546 599 626; x_wconf 90' lang='lat' dir='ltr'><strong><em>praeter</em></strong></span> <span class='ocrx_word' id='word_1_15' title='bbox 620 542 706 607; x_wconf 84' lang='lat' dir='ltr'><strong><em>viam</em></strong></span> <span class='ocrx_word' id='word_1_16' title='bbox 729 543 843 609; x_wconf 86' lang='lat' dir='ltr'><strong><em>stricte</em></strong></span> <span class='ocrx_word' id='word_1_17' title='bbox 864 543 1059 609; x_wconf 89' lang='lat' dir='ltr'><strong><em>iudicialem.</em></strong></span> <span class='ocrx_word' id='word_1_18' title='bbox 1084 542 1132 609; x_wconf 84' lang='lat' dir='ltr'><strong><em>Gi.</em></strong></span> <span class='ocrx_word' id='word_1_19' title='bbox 1152 544 1271 617; x_wconf 77' lang='lat' dir='ltr'><strong><em>Bouix,</em></strong></span> <span class='ocrx_word' id='word_1_20' title='bbox 1287 545 1342 613; x_wconf 88' lang='lat' dir='ltr'><strong><em>De</em></strong></span> 
     </span>
     <span class='ocr_line' id='line_1_4' title="bbox 161 662 606 766; baseline 0.009 -39"><span class='ocrx_word' id='word_1_21' title='bbox 161 662 239 727; x_wconf 79' lang='lat' dir='ltr'><strong><em>Iud.</em></strong></span> <span class='ocrx_word' id='word_1_22' title='bbox 265 668 343 731; x_wconf 82' lang='lat' dir='ltr'><strong><em>tom.</em></strong></span> <span class='ocrx_word' id='word_1_23' title='bbox 367 665 396 741; x_wconf 86' lang='lat' dir='ltr'><strong><em>I,</em></strong></span> <span class='ocrx_word' id='word_1_24' title='bbox 409 684 500 766; x_wconf 75' lang='lat' dir='ltr'><strong><em>paq.</em></strong></span> <span class='ocrx_word' id='word_1_25' title='bbox 523 664 606 733; x_wconf 89' lang='lat'><strong><em>130.</em></strong></span> 
     </span>
    </p>

    <p class='ocr_par' dir='ltr' id='par_1_3' title="bbox 158 790 1343 1991">
     <span class='ocr_line' id='line_1_5' title="bbox 250 790 1343 887; baseline 0.005 -32"><span class='ocrx_word' id='word_1_26' title='bbox 250 790 304 887; x_wconf 71' lang='lat'><strong><em>53.</em></strong></span> <span class='ocrx_word' id='word_1_27' title='bbox 329 790 503 856; x_wconf 76' lang='lat' dir='ltr'>criterium</span> <span class='ocrx_word' id='word_1_28' title='bbox 526 810 606 855; x_wconf 86' lang='lat' dir='ltr'><strong><em>vero</em></strong></span> <span class='ocrx_word' id='word_1_29' title='bbox 628 790 669 855; x_wconf 88' lang='lat' dir='ltr'><strong><em>ad</em></strong></span> <span class='ocrx_word' id='word_1_30' title='bbox 692 790 933 874; x_wconf 83' lang='lat' dir='ltr'><strong><em>dimetiendum,</em></strong></span> <span class='ocrx_word' id='word_1_31' title='bbox 948 813 997 859; x_wconf 81' lang='lat' dir='ltr'><strong><em>an</em></strong></span> <span class='ocrx_word' id='word_1_32' title='bbox 1019 792 1145 879; x_wconf 82' lang='lat' dir='ltr'><strong><em>aliquis</em></strong></span> <span class='ocrx_word' id='word_1_33' title='bbox 1167 794 1212 859; x_wconf 82' lang='lat' dir='ltr'><strong><em>sit</em></strong></span> <span class='ocrx_word' id='word_1_34' title='bbox 1231 794 1343 861; x_wconf 70' lang='lat' dir='ltr'><strong><em>iudex</em></strong></span> 
     </span>
     <span class='ocr_line' id='line_1_6' title="bbox 158 912 1340 1006; baseline 0.008 -29"><span class='ocrx_word' id='word_1_35' title='bbox 158 912 198 979; x_wconf 79' lang='lat' dir='ltr'><strong><em>in</em></strong></span> <span class='ocrx_word' id='word_1_36' title='bbox 221 934 326 981; x_wconf 84' lang='lat' dir='ltr'><strong><em>cause</em></strong></span> <span class='ocrx_word' id='word_1_37' title='bbox 345 915 504 999; x_wconf 72' lang='lat' dir='ltr'><strong><em>proprio,</em></strong></span> <span class='ocrx_word' id='word_1_38' title='bbox 522 922 571 981; x_wconf 90' lang='lat' dir='ltr'><strong><em>est</em></strong></span> <span class='ocrx_word' id='word_1_39' title='bbox 594 918 696 1002; x_wconf 89' lang='lat' dir='ltr'><strong><em>ipsum</em></strong></span> <span class='ocrx_word' id='word_1_40' title='bbox 719 918 880 985; x_wconf 73' lang='lat' dir='ltr'><strong><em>interesse</em></strong></span> <span class='ocrx_word' id='word_1_41' title='bbox 896 920 988 984; x_wconf 86' lang='lat' dir='ltr'><strong><em>iuxta</em></strong></span> <span class='ocrx_word' id='word_1_42' title='bbox 1001 918 1162 1006; x_wconf 77' lang='lat' dir='ltr'><strong><em>adagium,</em></strong></span> <span class='ocrx_word' id='word_1_43' title='bbox 1178 918 1340 987; x_wconf 79' lang='lat' dir='ltr'><strong><em>interesse</em></strong></span> 
     </span>
     <span class='ocr_line' id='line_1_7' title="bbox 159 1039 1343 1127; baseline 0.006 -24"><span class='ocrx_word' id='word_1_44' title='bbox 159 1042 212 1103; x_wconf 84' lang='lat' dir='ltr'><strong><em>est</em></strong></span> <span class='ocrx_word' id='word_1_45' title='bbox 228 1056 392 1104; x_wconf 83' lang='lat' dir='ltr'><strong><em>mensura</em></strong></span> <span class='ocrx_word' id='word_1_46' title='bbox 406 1039 558 1115; x_wconf 69' lang='lat' dir='ltr'><strong><em>aetionis,</em></strong></span> <span class='ocrx_word' id='word_1_47' title='bbox 576 1040 726 1106; x_wconf 91' lang='lat' dir='ltr'><strong><em>nimirum</em></strong></span> <span class='ocrx_word' id='word_1_48' title='bbox 743 1040 910 1107; x_wconf 76' lang='lat' dir='ltr'><strong><em>relationis</em></strong></span> <span class='ocrx_word' id='word_1_49' title='bbox 926 1047 959 1107; x_wconf 90' lang='lat' dir='ltr'><strong><em>et</em></strong></span> <span class='ocrx_word' id='word_1_50' title='bbox 973 1043 1190 1127; x_wconf 78' lang='lat' dir='ltr'><strong><em>pertinentiae</em></strong></span> <span class='ocrx_word' id='word_1_51' title='bbox 1205 1043 1343 1110; x_wconf 84' lang='lat' dir='ltr'><strong><em>alicuius</em></strong></span> 
     </span>
     <span class='ocr_line' id='line_1_8' title="bbox 159 1162 1339 1253; baseline 0.003 -24"><span class='ocrx_word' id='word_1_52' title='bbox 159 1182 281 1229; x_wconf 86' lang='lat' dir='ltr'><strong><em>causae</em></strong></span> <span class='ocrx_word' id='word_1_53' title='bbox 304 1184 377 1229; x_wconf 89' lang='lat' dir='ltr'><strong><em>cum</em></strong></span> <span class='ocrx_word' id='word_1_54' title='bbox 400 1162 517 1247; x_wconf 88' lang='lat' dir='ltr'><strong><em>aliquo.</em></strong></span> <span class='ocrx_word' id='word_1_55' title='bbox 536 1165 616 1231; x_wconf 90' lang='lat' dir='ltr'><strong><em>Nam</em></strong></span> <span class='ocrx_word' id='word_1_56' title='bbox 634 1165 797 1249; x_wconf 85' lang='lat' dir='ltr'><strong><em>loquimur</em></strong></span> <span class='ocrx_word' id='word_1_57' title='bbox 820 1166 860 1233; x_wconf 93' lang='lat' dir='ltr'><strong><em>de</em></strong></span> <span class='ocrx_word' id='word_1_58' title='bbox 883 1167 1044 1234; x_wconf 81' lang='lat' dir='ltr'><strong><em>interesse</em></strong></span> <span class='ocrx_word' id='word_1_59' title='bbox 1066 1166 1150 1251; x_wconf 92' lang='lat' dir='ltr'><strong><em>quod</em></strong></span> <span class='ocrx_word' id='word_1_60' title='bbox 1172 1174 1272 1253; x_wconf 83' lang='lat' dir='ltr'><strong><em>auget</em></strong></span> <span class='ocrx_word' id='word_1_61' title='bbox 1287 1168 1339 1234; x_wconf 86' lang='lat' dir='ltr'><strong><em>vel</em></strong></span> 
     </span>
     <span class='ocr_line' id='line_1_9' title="bbox 158 1288 1339 1377; baseline 0.005 -26"><span class='ocrx_word' id='word_1_62' title='bbox 158 1288 278 1352; x_wconf 89' lang='lat' dir='ltr'><strong><em>minuit</em></strong></span> <span class='ocrx_word' id='word_1_63' title='bbox 307 1288 536 1373; x_wconf 81' lang='lat' dir='ltr'><strong><em>patrimonium</em></strong></span> <span class='ocrx_word' id='word_1_64' title='bbox 570 1294 714 1355; x_wconf 88' lang='lat' dir='ltr'><strong><em>nostrum</em></strong></span> <span class='ocrx_word' id='word_1_65' title='bbox 744 1291 799 1355; x_wconf 81' lang='lat' dir='ltr'><strong><em>vel</em></strong></span> <span class='ocrx_word' id='word_1_66' title='bbox 830 1296 943 1356; x_wconf 87' lang='lat' dir='ltr'><strong><em>nostra</em></strong></span> <span class='ocrx_word' id='word_1_67' title='bbox 976 1291 1049 1357; x_wconf 92' lang='lat' dir='ltr'><strong><em>iura</em></strong></span> <span class='ocrx_word' id='word_1_68' title='bbox 1079 1292 1272 1377; x_wconf 82' lang='lat' dir='ltr'><strong><em>personalia.</em></strong></span> <span class='ocrx_word' id='word_1_69' title='bbox 1297 1326 1339 1339; x_wconf 94' lang='lat'><em>-</em></span> 
     </span>
     <span class='ocr_line' id='line_1_10' title="bbox 160 1409 1340 1501; baseline 0.003 -24"><span class='ocrx_word' id='word_1_70' title='bbox 160 1409 292 1477; x_wconf 79' lang='lat' dir='ltr'><strong><em>Exinde</em></strong></span> <span class='ocrx_word' id='word_1_71' title='bbox 310 1416 407 1496; x_wconf 83' lang='lat' dir='ltr'><strong><em>patet,</em></strong></span> <span class='ocrx_word' id='word_1_72' title='bbox 425 1410 581 1495; x_wconf 91' lang='lat' dir='ltr'><strong><em>quomodo</em></strong></span> <span class='ocrx_word' id='word_1_73' title='bbox 604 1414 748 1497; x_wconf 86' lang='lat' dir='ltr'><strong><em>quaestio</em></strong></span> <span class='ocrx_word' id='word_1_74' title='bbox 771 1433 813 1478; x_wconf 88' lang='lat' dir='ltr'><strong><em>au</em></strong></span> <span class='ocrx_word' id='word_1_75' title='bbox 837 1413 936 1480; x_wconf 89' lang='lat' dir='ltr'><strong><em>iudex</em></strong></span> <span class='ocrx_word' id='word_1_76' title='bbox 958 1413 1077 1480; x_wconf 90' lang='lat' dir='ltr'><strong><em>habeat</em></strong></span> <span class='ocrx_word' id='word_1_77' title='bbox 1092 1415 1340 1501; x_wconf 85' lang='lat' dir='ltr'><strong><em>competentiam</em></strong></span> 
     </span>
     <span class='ocr_line' id='line_1_11' title="bbox 160 1536 1341 1604; baseline 0.004 -5"><span class='ocrx_word' id='word_1_78' title='bbox 160 1554 221 1600; x_wconf 89' lang='lat' dir='ltr'><strong><em>seu</em></strong></span> <span class='ocrx_word' id='word_1_79' title='bbox 244 1536 469 1601; x_wconf 85' lang='lat' dir='ltr'><strong><em>auctoritatem</em></strong></span> <span class='ocrx_word' id='word_1_80' title='bbox 494 1537 709 1602; x_wconf 86' lang='lat' dir='ltr'><strong><em>necessariam</em></strong></span> <span class='ocrx_word' id='word_1_81' title='bbox 733 1536 775 1601; x_wconf 90' lang='lat' dir='ltr'><strong><em>ad</em></strong></span> <span class='ocrx_word' id='word_1_82' title='bbox 797 1537 1034 1604; x_wconf 86' lang='lat' dir='ltr'><strong><em>diiudicandam</em></strong></span> <span class='ocrx_word' id='word_1_83' title='bbox 1064 1542 1187 1603; x_wconf 85' lang='lat' dir='ltr'><strong><em>certam</em></strong></span> <span class='ocrx_word' id='word_1_84' title='bbox 1211 1558 1341 1604; x_wconf 88' lang='lat' dir='ltr'><strong><em>causam</em></strong></span> 
     </span>
     <span class='ocr_line' id='line_1_12' title="bbox 159 1656 1341 1746; baseline 0.006 -27"><span class='ocrx_word' id='word_1_85' title='bbox 159 1656 218 1721; x_wconf 80' lang='lat' dir='ltr'><strong><em>vel</em></strong></span> <span class='ocrx_word' id='word_1_86' title='bbox 241 1656 347 1742; x_wconf 87' lang='lat' dir='ltr'><strong><em>potius</em></strong></span> <span class='ocrx_word' id='word_1_87' title='bbox 368 1656 451 1722; x_wconf 87' lang='lat' dir='ltr'><strong><em>haec</em></strong></span> <span class='ocrx_word' id='word_1_88' title='bbox 475 1656 678 1723; x_wconf 88' lang='lat' dir='ltr'><strong><em>diiudicanda</em></strong></span> <span class='ocrx_word' id='word_1_89' title='bbox 700 1660 742 1725; x_wconf 89' lang='lat' dir='ltr'><strong><em>sit</em></strong></span> <span class='ocrx_word' id='word_1_90' title='bbox 764 1658 804 1723; x_wconf 90' lang='lat' dir='ltr'><strong><em>ab</em></strong></span> <span class='ocrx_word' id='word_1_91' title='bbox 827 1660 892 1725; x_wconf 86' lang='lat' dir='ltr'><strong><em>alio</em></strong></span> <span class='ocrx_word' id='word_1_92' title='bbox 922 1660 1028 1727; x_wconf 91' lang='lat' dir='ltr'><strong><em>iudice</em></strong></span> <span class='ocrx_word' id='word_1_93' title='bbox 1057 1659 1141 1746; x_wconf 89' lang='lat' dir='ltr'><strong><em>apud</em></strong></span> <span class='ocrx_word' id='word_1_94' title='bbox 1171 1659 1258 1726; x_wconf 89' lang='lat' dir='ltr'><strong><em>aliud</em></strong></span> <span class='ocrx_word' id='word_1_95' title='bbox 1280 1660 1341 1726; x_wconf 90' lang='lat' dir='ltr'><strong><em>tri-</em></strong></span> 
     </span>
     <span class='ocr_line' id='line_1_13' title="bbox 160 1780 1342 1868; baseline 0.006 -23"><span class='ocrx_word' id='word_1_96' title='bbox 160 1780 272 1855; x_wconf 84' lang='lat' dir='ltr'><strong><em>bunal,</em></strong></span> <span class='ocrx_word' id='word_1_97' title='bbox 297 1800 363 1848; x_wconf 91' lang='lat' dir='ltr'><strong><em>nou</em></strong></span> <span class='ocrx_word' id='word_1_98' title='bbox 386 1788 536 1847; x_wconf 83' lang='lat' dir='ltr'><strong><em>censetur</em></strong></span> <span class='ocrx_word' id='word_1_99' title='bbox 562 1802 660 1848; x_wconf 86' lang='lat' dir='ltr'><strong><em>causa</em></strong></span> <span class='ocrx_word' id='word_1_100' title='bbox 677 1783 827 1865; x_wconf 85' lang='lat' dir='ltr'><strong><em>propria</em></strong></span> <span class='ocrx_word' id='word_1_101' title='bbox 858 1782 972 1849; x_wconf 88' lang='lat' dir='ltr'><strong><em>iudicis</em></strong></span> <span class='ocrx_word' id='word_1_102' title='bbox 1001 1784 1053 1849; x_wconf 87' lang='lat' dir='ltr'><strong><em>cui</em></strong></span> <span class='ocrx_word' id='word_1_103' title='bbox 1083 1784 1166 1849; x_wconf 88' lang='lat' dir='ltr'><strong><em>haec</em></strong></span> <span class='ocrx_word' id='word_1_104' title='bbox 1196 1786 1342 1868; x_wconf 84' lang='lat' dir='ltr'><strong><em>quaestio</em></strong></span> 
     </span>
     <span class='ocr_line' id='line_1_14' title="bbox 162 1903 1211 1991; baseline 0.001 -22"><span class='ocrx_word' id='word_1_105' title='bbox 162 1910 323 1981; x_wconf 85' lang='lat' dir='ltr'><strong><em>movetur,</em></strong></span> <span class='ocrx_word' id='word_1_106' title='bbox 348 1903 555 1989; x_wconf 89' lang='lat' dir='ltr'><strong><em>eamdemque</em></strong></span> <span class='ocrx_word' id='word_1_107' title='bbox 579 1904 632 1971; x_wconf 90' lang='lat' dir='ltr'><strong><em>hic</em></strong></span> <span class='ocrx_word' id='word_1_108' title='bbox 655 1905 741 1971; x_wconf 91' lang='lat' dir='ltr'><strong><em>idem</em></strong></span> <span class='ocrx_word' id='word_1_109' title='bbox 764 1905 862 1972; x_wconf 87' lang='lat' dir='ltr'><strong><em>iudex</em></strong></span> <span class='ocrx_word' id='word_1_110' title='bbox 884 1903 1021 1973; x_wconf 82' lang='lat' dir='ltr'><strong><em>definire</em></strong></span> <span class='ocrx_word' id='word_1_111' title='bbox 1044 1906 1140 1972; x_wconf 91' lang='lat' dir='ltr'><strong><em>debet</em></strong></span> <span class='ocrx_word' id='word_1_112' title='bbox 1154 1905 1211 1991; x_wconf 89' lang='lat' dir='ltr'><strong>(l).</strong></span> 
     </span>
    </p>

    <p class='ocr_par' dir='ltr' id='par_1_4' title="bbox 164 2030 1346 2491">
     <span class='ocr_line' id='line_1_15' title="bbox 255 2030 1344 2118; baseline 0.002 -22"><span class='ocrx_word' id='word_1_113' title='bbox 255 2030 310 2096; x_wconf 80' lang='lat'><strong><em>54.</em></strong></span> <span class='ocrx_word' id='word_1_114' title='bbox 335 2030 441 2095; x_wconf 85' lang='lat' dir='ltr'><strong><em>Etiam</em></strong></span> <span class='ocrx_word' id='word_1_115' title='bbox 464 2030 623 2115; x_wconf 83' lang='lat' dir='ltr'><strong><em>Episcopo</em></strong></span> <span class='ocrx_word' id='word_1_116' title='bbox 642 2030 813 2114; x_wconf 86' lang='lat' dir='ltr'><strong><em>aliquando</em></strong></span> <span class='ocrx_word' id='word_1_117' title='bbox 837 2032 965 2097; x_wconf 82' lang='lat' dir='ltr'><strong><em>occasio</em></strong></span> <span class='ocrx_word' id='word_1_118' title='bbox 988 2032 1168 2118; x_wconf 85' lang='lat' dir='ltr'><strong><em>porrigitur</em></strong></span> <span class='ocrx_word' id='word_1_119' title='bbox 1181 2031 1344 2098; x_wconf 88' lang='lat' dir='ltr'><strong><em>iudicandi</em></strong></span> 
     </span>
     <span class='ocr_line' id='line_1_16' title="bbox 164 2154 1342 2240; baseline 0.003 -20"><span class='ocrx_word' id='word_1_120' title='bbox 164 2154 202 2220; x_wconf 78' lang='lat' dir='ltr'><strong><em>in</em></strong></span> <span class='ocrx_word' id='word_1_121' title='bbox 225 2174 333 2221; x_wconf 83' lang='lat' dir='ltr'><strong><em>causa</em></strong></span> <span class='ocrx_word' id='word_1_122' title='bbox 350 2155 510 2238; x_wconf 74' lang='lat' dir='ltr'><strong><em>propria.</em></strong></span> <span class='ocrx_word' id='word_1_123' title='bbox 535 2156 568 2223; x_wconf 91' lang='lat' dir='ltr'><strong><em>Si</em></strong></span> <span class='ocrx_word' id='word_1_124' title='bbox 592 2156 676 2221; x_wconf 90' lang='lat' dir='ltr'><strong><em>euim</em></strong></span> <span class='ocrx_word' id='word_1_125' title='bbox 701 2176 798 2221; x_wconf 87' lang='lat' dir='ltr'><strong><em>causa</em></strong></span> <span class='ocrx_word' id='word_1_126' title='bbox 820 2156 928 2238; x_wconf 90' lang='lat' dir='ltr'><strong><em>aliqua</em></strong></span> <span class='ocrx_word' id='word_1_127' title='bbox 950 2156 1113 2240; x_wconf 86' lang='lat' dir='ltr'><strong><em>pertineat</em></strong></span> <span class='ocrx_word' id='word_1_128' title='bbox 1126 2156 1168 2221; x_wconf 89' lang='lat' dir='ltr'><strong><em>ad</em></strong></span> <span class='ocrx_word' id='word_1_129' title='bbox 1193 2158 1262 2223; x_wconf 87' lang='lat' dir='ltr'><strong><em>eius</em></strong></span> <span class='ocrx_word' id='word_1_130' title='bbox 1276 2158 1342 2223; x_wconf 87' lang='lat' dir='ltr'><strong><em>Ec·</em></strong></span> 
     </span>
     <span class='ocr_line' id='line_1_17' title="bbox 166 2278 1344 2365; baseline 0.002 -20"><span class='ocrx_word' id='word_1_131' title='bbox 166 2280 300 2345; x_wconf 71' lang='lat' dir='ltr'><strong><em>clesiam</em></strong></span> <span class='ocrx_word' id='word_1_132' title='bbox 323 2300 381 2344; x_wconf 85' lang='lat' dir='ltr'><strong><em>seu</em></strong></span> <span class='ocrx_word' id='word_1_133' title='bbox 416 2279 457 2344; x_wconf 92' lang='lat' dir='ltr'><strong><em>ad</em></strong></span> <span class='ocrx_word' id='word_1_134' title='bbox 485 2278 595 2346; x_wconf 87' lang='lat' dir='ltr'><strong><em>fiscum</em></strong></span> <span class='ocrx_word' id='word_1_135' title='bbox 623 2280 858 2365; x_wconf 89' lang='lat' dir='ltr'><strong><em>Episcopalem‚</em></strong></span> <span class='ocrx_word' id='word_1_136' title='bbox 883 2280 1061 2365; x_wconf 88' lang='lat' dir='ltr'><strong><em>Episcopus</em></strong></span> <span class='ocrx_word' id='word_1_137' title='bbox 1084 2281 1138 2364; x_wconf 91' lang='lat' dir='ltr'><strong><em>qui</em></strong></span> <span class='ocrx_word' id='word_1_138' title='bbox 1161 2281 1280 2346; x_wconf 89' lang='lat' dir='ltr'><strong><em>iudicat</em></strong></span> <span class='ocrx_word' id='word_1_139' title='bbox 1302 2282 1344 2347; x_wconf 89' lang='lat' dir='ltr'><strong><em>de</em></strong></span> 
     </span>
     <span class='ocr_line' id='line_1_18' title="bbox 166 2404 1346 2491; baseline 0.003 -21"><span class='ocrx_word' id='word_1_140' title='bbox 166 2406 223 2470; x_wconf 89' lang='lat' dir='ltr'><strong><em>iiia</em></strong></span> <span class='ocrx_word' id='word_1_141' title='bbox 242 2424 351 2479; x_wconf 88' lang='lat' dir='ltr'><strong><em>causa,</em></strong></span> <span class='ocrx_word' id='word_1_142' title='bbox 369 2404 496 2469; x_wconf 86' lang='lat' dir='ltr'><strong><em>videtur</em></strong></span> <span class='ocrx_word' id='word_1_143' title='bbox 520 2404 663 2471; x_wconf 84' lang='lat' dir='ltr'><strong><em>iudicare</em></strong></span> <span class='ocrx_word' id='word_1_144' title='bbox 687 2404 726 2471; x_wconf 93' lang='lat' dir='ltr'><strong><em>de</em></strong></span> <span class='ocrx_word' id='word_1_145' title='bbox 750 2426 847 2471; x_wconf 88' lang='lat' dir='ltr'><strong><em>causa</em></strong></span> <span class='ocrx_word' id='word_1_146' title='bbox 870 2407 1013 2491; x_wconf 91' lang='lat' dir='ltr'><strong><em>propria.</em></strong></span> <span class='ocrx_word' id='word_1_147' title='bbox 1029 2440 1073 2455; x_wconf 86' lang='lat'><em>-</em></span> <span class='ocrx_word' id='word_1_148' title='bbox 1093 2406 1203 2482; x_wconf 84' lang='lat' dir='ltr'><strong><em>Quare</em></strong></span> <span class='ocrx_word' id='word_1_149' title='bbox 1227 2407 1346 2473; x_wconf 81' lang='lat' dir='ltr'><strong><em>Curiae</em></strong></span> 
     </span>
    </p>
   </div>
   <div class='ocr_carea' id='block_1_3' title="bbox 167 2530 1343 2618">
    <p class='ocr_par' dir='ltr' id='par_1_5' title="bbox 167 2530 1343 2618">
     <span class='ocr_line' id='line_1_19' title="bbox 167 2530 1343 2618; baseline 0.001 -22"><span class='ocrx_word' id='word_1_150' title='bbox 167 2532 352 2617; x_wconf 84' lang='lat' dir='ltr'><strong><em>Episcopali</em></strong></span> <span class='ocrx_word' id='word_1_151' title='bbox 375 2532 437 2597; x_wconf 89' lang='lat' dir='ltr'><strong><em>rite</em></strong></span> <span class='ocrx_word' id='word_1_152' title='bbox 460 2530 627 2597; x_wconf 88' lang='lat' dir='ltr'><strong><em>ordinatae</em></strong></span> <span class='ocrx_word' id='word_1_153' title='bbox 651 2532 803 2617; x_wconf 89' lang='lat' dir='ltr'><strong><em>competit</em></strong></span> <span class='ocrx_word' id='word_1_154' title='bbox 825 2552 917 2596; x_wconf 90' lang='lat' dir='ltr'><strong><em>suum</em></strong></span> <span class='ocrx_word' id='word_1_155' title='bbox 941 2530 1065 2597; x_wconf 86' lang='lat' dir='ltr'><strong><em>habere</em></strong></span> <span class='ocrx_word' id='word_1_156' title='bbox 1094 2538 1343 2618; x_wconf 88' lang='lat' dir='ltr'><strong><em>procuratorem</em></strong></span> 
     </span>
    </p>
   </div>
   <div class='ocr_carea' id='block_1_4' title="bbox 167 2811 1347 3410">
    <p class='ocr_par' dir='ltr' id='par_1_6' title="bbox 167 2811 1347 3410">
     <span class='ocr_line' id='line_1_20' title="bbox 254 2811 1344 2883; baseline 0.001 -19"><span class='ocrx_word' id='word_1_157' title='bbox 254 2812 296 2883; x_wconf 81' lang='grc' dir='ltr'><strong><em>(Ι)</em></strong></span> <span class='ocrx_word' id='word_1_158' title='bbox 315 2814 383 2880; x_wconf 79' lang='lat' dir='ltr'><strong><em>Arg.</em></strong></span> <span class='ocrx_word' id='word_1_159' title='bbox 404 2812 422 2863; x_wconf 87' lang='lat' dir='ltr'><strong><em>t.</em></strong></span> <span class='ocrx_word' id='word_1_160' title='bbox 444 2814 534 2882; x_wconf 82' lang='lat' dir='ltr'><strong><em>Siquis</em></strong></span> <span class='ocrx_word' id='word_1_161' title='bbox 555 2814 585 2877; x_wconf 86' lang='lat'><strong><em>5,</em></strong></span> <span class='ocrx_word' id='word_1_162' title='bbox 605 2813 647 2867; x_wconf 81' lang='lat' dir='ltr'><strong><em>De</em></strong></span> <span class='ocrx_word' id='word_1_163' title='bbox 665 2814 722 2867; x_wconf 85' lang='lat' dir='ltr'><strong><em>iud.</em></strong></span> <span class='ocrx_word' id='word_1_164' title='bbox 735 2813 764 2882; x_wconf 79' lang='lat' dir='ltr'><strong><em>ff.</em></strong></span> <span class='ocrx_word' id='word_1_165' title='bbox 779 2812 825 2865; x_wconf 92' lang='lat' dir='ltr'><strong><em>ubi</em></strong></span> <span class='ocrx_word' id='word_1_166' title='bbox 846 2811 962 2865; x_wconf 87' lang='lat' dir='ltr'><strong><em>dicitur:</em></strong></span> <span class='ocrx_word' id='word_1_167' title='bbox 972 2812 1116 2881; x_wconf 81' lang='lat' dir='ltr'><strong><em>praetoris</em></strong></span> <span class='ocrx_word' id='word_1_168' title='bbox 1133 2821 1175 2867; x_wconf 83' lang='lat' dir='ltr'><strong><em>est</em></strong></span> <span class='ocrx_word' id='word_1_169' title='bbox 1193 2812 1344 2866; x_wconf 82' lang='lat' dir='ltr'><strong><em>aestimare</em></strong></span> 
     </span>
     <span class='ocr_line' id='line_1_21' title="bbox 168 2913 1346 2983; baseline -0.001 -16"><span class='ocrx_word' id='word_1_170' title='bbox 168 2933 204 2967; x_wconf 84' lang='lat' dir='ltr'><strong><em>cn</em></strong></span> <span class='ocrx_word' id='word_1_171' title='bbox 222 2932 275 2970; x_wconf 77' lang='lat' dir='ltr'><strong><em>sua</em></strong></span> <span class='ocrx_word' id='word_1_172' title='bbox 293 2916 328 2969; x_wconf 82' lang='lat' dir='ltr'><strong><em>sit</em></strong></span> <span class='ocrx_word' id='word_1_173' title='bbox 347 2918 510 2969; x_wconf 84' lang='lat' dir='ltr'><strong><em>iurisdictio.</em></strong></span> <span class='ocrx_word' id='word_1_174' title='bbox 531 2913 787 2983; x_wconf 81' lang='lat' dir='ltr'><strong><em>Schmalzgrueber,</em></strong></span> <span class='ocrx_word' id='word_1_175' title='bbox 800 2918 839 2969; x_wconf 84' lang='lat' dir='ltr'><strong><em>tit.</em></strong></span> <span class='ocrx_word' id='word_1_176' title='bbox 854 2916 896 2968; x_wconf 89' lang='lat' dir='ltr'><strong><em>De</em></strong></span> <span class='ocrx_word' id='word_1_177' title='bbox 915 2916 973 2967; x_wconf 81' lang='lat' dir='ltr'><strong><em>iud.</em></strong></span> <span class='ocrx_word' id='word_1_178' title='bbox 986 2919 1011 2979; x_wconf 66' lang='grc' dir='ltr'><strong><em>δ’</em></strong></span> <span class='ocrx_word' id='word_1_179' title='bbox 1019 2914 1063 2981; x_wconf 87' lang='grc'><strong><em>19,</em></strong></span> <span class='ocrx_word' id='word_1_180' title='bbox 1076 2915 1117 2968; x_wconf 89' lang='lat' dir='ltr'><strong><em>ita</em></strong></span> <span class='ocrx_word' id='word_1_181' title='bbox 1130 2914 1346 2983; x_wconf 82' lang='lat' dir='ltr'><strong><em>interpretatur:</em></strong></span> 
     </span>
     <span class='ocr_line' id='line_1_22' title="bbox 167 3020 1346 3091; baseline 0 -17"><span class='ocrx_word' id='word_1_182' title='bbox 167 3022 283 3076; x_wconf 74' lang='lat' dir='ltr'><strong><em>&lt;Ratio</em></strong></span> <span class='ocrx_word' id='word_1_183' title='bbox 301 3026 345 3076; x_wconf 84' lang='lat' dir='ltr'><strong><em>est</em></strong></span> <span class='ocrx_word' id='word_1_184' title='bbox 363 3022 429 3091; x_wconf 88' lang='lat' dir='ltr'><strong><em>quia</em></strong></span> <span class='ocrx_word' id='word_1_185' title='bbox 447 3021 603 3075; x_wconf 87' lang='lat' dir='ltr'><strong><em>huiusmodi</em></strong></span> <span class='ocrx_word' id='word_1_186' title='bbox 622 3038 706 3075; x_wconf 85' lang='lat' dir='ltr'><strong><em>cauea</em></strong></span> <span class='ocrx_word' id='word_1_187' title='bbox 725 3020 792 3076; x_wconf 91' lang='lat' dir='ltr'><strong><em>licet</em></strong></span> <span class='ocrx_word' id='word_1_188' title='bbox 811 3021 939 3091; x_wconf 86' lang='lat' dir='ltr'><strong><em>propriae</em></strong></span> <span class='ocrx_word' id='word_1_189' title='bbox 952 3021 1052 3075; x_wconf 85' lang='lat' dir='ltr'><strong><em>similis</em></strong></span> <span class='ocrx_word' id='word_1_190' title='bbox 1071 3022 1117 3088; x_wconf 86' lang='lat' dir='ltr'><strong><em>sit,</em></strong></span> <span class='ocrx_word' id='word_1_191' title='bbox 1129 3025 1224 3075; x_wconf 79' lang='lat' dir='ltr'><strong><em>tauma</em></strong></span> <span class='ocrx_word' id='word_1_192' title='bbox 1244 3036 1346 3076; x_wconf 83' lang='lat' dir='ltr'><strong><em>revera</em></strong></span> 
     </span>
     <span class='ocr_line' id='line_1_23' title="bbox 168 3127 1346 3199; baseline -0.003 -14"><span class='ocrx_word' id='word_1_193' title='bbox 168 3148 224 3185; x_wconf 89' lang='lat' dir='ltr'><strong><em>uon</em></strong></span> <span class='ocrx_word' id='word_1_194' title='bbox 241 3134 286 3185; x_wconf 87' lang='lat' dir='ltr'><strong><em>eet</em></strong></span> <span class='ocrx_word' id='word_1_195' title='bbox 304 3130 416 3199; x_wconf 87' lang='lat' dir='ltr'><strong><em>propria</em></strong></span> <span class='ocrx_word' id='word_1_196' title='bbox 429 3146 491 3183; x_wconf 90' lang='lat' dir='ltr'><strong><em>cum</em></strong></span> <span class='ocrx_word' id='word_1_197' title='bbox 510 3130 570 3183; x_wconf 86' lang='lat' dir='ltr'><strong><em>aius</em></strong></span> <span class='ocrx_word' id='word_1_198' title='bbox 588 3127 761 3183; x_wconf 89' lang='lat' dir='ltr'><strong><em>commodum</em></strong></span> <span class='ocrx_word' id='word_1_199' title='bbox 780 3133 809 3183; x_wconf 91' lang='lat' dir='ltr'><strong><em>et</em></strong></span> <span class='ocrx_word' id='word_1_200' title='bbox 827 3127 937 3183; x_wconf 88' lang='lat' dir='ltr'><strong><em>utilitas</em></strong></span> <span class='ocrx_word' id='word_1_201' title='bbox 949 3128 983 3182; x_wconf 88' lang='lat' dir='ltr'><strong><em>ed</em></strong></span> <span class='ocrx_word' id='word_1_202' title='bbox 996 3128 1115 3185; x_wconf 89' lang='lat' dir='ltr'><strong><em>indicem</em></strong></span> <span class='ocrx_word' id='word_1_203' title='bbox 1128 3144 1183 3183; x_wconf 90' lang='lat' dir='ltr'><strong><em>non</em></strong></span> <span class='ocrx_word' id='word_1_204' title='bbox 1197 3128 1346 3197; x_wconf 86' lang='lat' dir='ltr'><strong><em>pertineat.</em></strong></span> 
     </span>
     <span class='ocr_line' id='line_1_24' title="bbox 168 3234 1346 3307; baseline -0.001 -18"><span class='ocrx_word' id='word_1_205' title='bbox 168 3235 294 3302; x_wconf 82' lang='lat' dir='ltr'><strong><em>Accedit,</em></strong></span> <span class='ocrx_word' id='word_1_206' title='bbox 312 3236 379 3307; x_wconf 85' lang='lat' dir='ltr'><strong><em>quie</em></strong></span> <span class='ocrx_word' id='word_1_207' title='bbox 397 3236 511 3305; x_wconf 86' lang='lat' dir='ltr'><strong><em>praevia</em></strong></span> <span class='ocrx_word' id='word_1_208' title='bbox 523 3234 645 3290; x_wconf 88' lang='lat' dir='ltr'><strong><em>eiusdem</em></strong></span> <span class='ocrx_word' id='word_1_209' title='bbox 660 3234 783 3303; x_wconf 84' lang='lat' dir='ltr'><strong><em>cognitio</em></strong></span> <span class='ocrx_word' id='word_1_210' title='bbox 802 3236 961 3289; x_wconf 86' lang='lat' dir='ltr'><strong><em>necessarie</em></strong></span> <span class='ocrx_word' id='word_1_211' title='bbox 973 3240 1016 3289; x_wconf 87' lang='lat' dir='ltr'><strong><em>est</em></strong></span> <span class='ocrx_word' id='word_1_212' title='bbox 1028 3238 1060 3289; x_wconf 89' lang='lat' dir='ltr'><strong><em>ut</em></strong></span> <span class='ocrx_word' id='word_1_213' title='bbox 1078 3234 1216 3289; x_wconf 88' lang='lat' dir='ltr'><strong><em>iudicandi</em></strong></span> <span class='ocrx_word' id='word_1_214' title='bbox 1231 3250 1346 3289; x_wconf 90' lang='lat' dir='ltr'><strong><em>munere</em></strong></span> 
     </span>
     <span class='ocr_line' id='line_1_25' title="bbox 168 3336 1347 3410; baseline -0.004 -15"><span class='ocrx_word' id='word_1_215' title='bbox 168 3340 222 3395; x_wconf 86' lang='lat' dir='ltr'><strong><em>rite</em></strong></span> <span class='ocrx_word' id='word_1_216' title='bbox 240 3340 321 3410; x_wconf 74' lang='lat' dir='ltr'><strong><em>fungi</em></strong></span> <span class='ocrx_word' id='word_1_217' title='bbox 340 3339 422 3395; x_wconf 82' lang='lat' dir='ltr'><strong><em>index</em></strong></span> <span class='ocrx_word' id='word_1_218' title='bbox 441 3339 528 3409; x_wconf 90' lang='lat' dir='ltr'><strong><em>possit</em></strong></span> <span class='ocrx_word' id='word_1_219' title='bbox 545 3358 571 3395; x_wconf 71' lang='lat' dir='ltr'><strong><em>a.</em></strong></span> <span class='ocrx_word' id='word_1_220' title='bbox 585 3338 690 3393; x_wconf 87' lang='lat' dir='ltr'><strong><em>Adiicit</em></strong></span> <span class='ocrx_word' id='word_1_221' title='bbox 702 3354 769 3393; x_wconf 85' lang='lat' dir='ltr'><strong><em>vero</em></strong></span> <span class='ocrx_word' id='word_1_222' title='bbox 788 3344 846 3393; x_wconf 85' lang='lat' dir='ltr'><strong><em>tres</em></strong></span> <span class='ocrx_word' id='word_1_223' title='bbox 860 3338 1054 3407; x_wconf 84' lang='lat' dir='ltr'><strong><em>exceptionum</em></strong></span> <span class='ocrx_word' id='word_1_224' title='bbox 1068 3354 1148 3391; x_wconf 86' lang='lat' dir='ltr'><strong><em>casus</em></strong></span> <span class='ocrx_word' id='word_1_225' title='bbox 1160 3337 1208 3409; x_wconf 90' lang='lat' dir='ltr'><strong><em>qui</em></strong></span> <span class='ocrx_word' id='word_1_226' title='bbox 1224 3336 1347 3407; x_wconf 89' lang='lat' dir='ltr'><strong><em>pendent</em></strong></span> 
     </span>
    </p>
   </div>
   <div class='ocr_carea' id='block_1_5' title="bbox 169 3444 1447 3517">
    <p class='ocr_par' dir='ltr' id='par_1_7' title="bbox 169 3444 1447 3517">
     <span class='ocr_line' id='line_1_26' title="bbox 169 3444 1447 3517; baseline -0.003 -17"><span class='ocrx_word' id='word_1_227' title='bbox 169 3464 186 3500; x_wconf 88' lang='lat' dir='ltr'><strong><em>a</em></strong></span> <span class='ocrx_word' id='word_1_228' title='bbox 204 3446 343 3517; x_wconf 87' lang='lat' dir='ltr'><strong><em>principio</em></strong></span> <span class='ocrx_word' id='word_1_229' title='bbox 361 3464 378 3500; x_wconf 88' lang='lat' dir='ltr'><strong><em>a</em></strong></span> <span class='ocrx_word' id='word_1_230' title='bbox 397 3447 476 3500; x_wconf 90' lang='lat' dir='ltr'><strong><em>nobis</em></strong></span> <span class='ocrx_word' id='word_1_231' title='bbox 494 3461 633 3515; x_wconf 81' lang='lat' dir='ltr'><strong><em>expresso.</em></strong></span> <span class='ocrx_word' id='word_1_232' title='bbox 652 3474 685 3487; x_wconf 92' lang='lat'>-</span> <span class='ocrx_word' id='word_1_233' title='bbox 705 3446 754 3499; x_wconf 82' lang='lat' dir='ltr'><strong><em>Ait</em></strong></span> <span class='ocrx_word' id='word_1_234' title='bbox 772 3446 847 3500; x_wconf 91' lang='lat' dir='ltr'><strong><em>enim</em></strong></span> <span class='ocrx_word' id='word_1_235' title='bbox 862 3447 881 3498; x_wconf 86' lang='lat' dir='ltr'><strong><em>t.</em></strong></span> <span class='ocrx_word' id='word_1_236' title='bbox 895 3464 917 3500; x_wconf 91' lang='lat' dir='ltr'><strong><em>c.</em></strong></span> <span class='ocrx_word' id='word_1_237' title='bbox 930 3459 948 3498; x_wconf 74' lang='lat' dir='ltr'><strong><em>e</em></strong></span> <span class='ocrx_word' id='word_1_238' title='bbox 1010 3462 1074 3499; x_wconf 90' lang='lat' dir='ltr'><strong><em>nam</em></strong></span> <span class='ocrx_word' id='word_1_239' title='bbox 1093 3444 1199 3514; x_wconf 86' lang='lat' dir='ltr'><strong><em>triplici</em></strong></span> <span class='ocrx_word' id='word_1_240' title='bbox 1219 3461 1283 3498; x_wconf 86' lang='lat' dir='ltr'><strong><em>casu</em></strong></span> <span class='ocrx_word' id='word_1_241' title='bbox 1297 3458 1346 3497; x_wconf 92' lang='lat' dir='ltr'><strong><em>co-</em></strong></span> <span class='ocrx_word' id='word_1_242' title='bbox 1443 3471 1447 3479; x_wconf 51' lang='grc' dir='ltr'><em>ι</em></span> 
     </span>
    </p>
   </div>
   <div class='ocr_carea' id='block_1_6' title="bbox 169 3548 1351 4455">
    <p class='ocr_par' dir='ltr' id='par_1_8' title="bbox 169 3548 1275 3621">
     <span class='ocr_line' id='line_1_27' title="bbox 169 3548 1275 3621; baseline -0.004 -17"><span class='ocrx_word' id='word_1_243' title='bbox 169 3566 304 3621; x_wconf 80' lang='lat' dir='ltr'><strong><em>gnoscere</em></strong></span> <span class='ocrx_word' id='word_1_244' title='bbox 322 3551 356 3604; x_wconf 95' lang='lat' dir='ltr'><strong><em>de</em></strong></span> <span class='ocrx_word' id='word_1_245' title='bbox 375 3550 564 3604; x_wconf 82' lang='lat' dir='ltr'><strong><em>iurisdictione</em></strong></span> <span class='ocrx_word' id='word_1_246' title='bbox 582 3548 611 3601; x_wconf 89' lang='lat' dir='ltr'><strong><em>iu</em></strong></span> <span class='ocrx_word' id='word_1_247' title='bbox 630 3549 848 3603; x_wconf 81' lang='lat' dir='ltr'><strong><em>controversiam</em></strong></span> <span class='ocrx_word' id='word_1_248' title='bbox 867 3552 967 3614; x_wconf 85' lang='lat' dir='ltr'><strong><em>tracta,</em></strong></span> <span class='ocrx_word' id='word_1_249' title='bbox 986 3564 1022 3602; x_wconf 87' lang='lat' dir='ltr'><strong><em>au</em></strong></span> <span class='ocrx_word' id='word_1_250' title='bbox 1040 3565 1091 3601; x_wconf 85' lang='lat' dir='ltr'><strong><em>sua</em></strong></span> <span class='ocrx_word' id='word_1_251' title='bbox 1109 3548 1153 3614; x_wconf 87' lang='lat' dir='ltr'><strong><em>sit,</em></strong></span> <span class='ocrx_word' id='word_1_252' title='bbox 1168 3548 1275 3619; x_wconf 89' lang='lat' dir='ltr'><strong><em>nequit,</em></strong></span> 
     </span>
    </p>

    <p class='ocr_par' dir='ltr' id='par_1_9' title="bbox 169 3653 1347 3829">
     <span class='ocr_line' id='line_1_28' title="bbox 263 3653 1347 3728; baseline -0.002 -18"><span class='ocrx_word' id='word_1_253' title='bbox 263 3656 288 3727; x_wconf 88' lang='lat' dir='ltr'><strong><em>l)</em></strong></span> <span class='ocrx_word' id='word_1_254' title='bbox 307 3656 417 3728; x_wconf 88' lang='lat' dir='ltr'><strong><em>quaudo</em></strong></span> <span class='ocrx_word' id='word_1_255' title='bbox 435 3655 567 3710; x_wconf 90' lang='lat' dir='ltr'><strong><em>obiicitur</em></strong></span> <span class='ocrx_word' id='word_1_256' title='bbox 584 3654 709 3709; x_wconf 86' lang='lat' dir='ltr'><strong><em>defectus</em></strong></span> <span class='ocrx_word' id='word_1_257' title='bbox 728 3654 866 3724; x_wconf 82' lang='lat' dir='ltr'><strong><em>sugillans</em></strong></span> <span class='ocrx_word' id='word_1_258' title='bbox 885 3671 1030 3724; x_wconf 87' lang='lat' dir='ltr'><strong><em>personam</em></strong></span> <span class='ocrx_word' id='word_1_259' title='bbox 1049 3654 1173 3709; x_wconf 84' lang='lat' dir='ltr'><strong><em>eiusdem</em></strong></span> <span class='ocrx_word' id='word_1_260' title='bbox 1194 3672 1220 3708; x_wconf 89' lang='lat' dir='ltr'><strong><em>v.</em></strong></span> <span class='ocrx_word' id='word_1_261' title='bbox 1233 3671 1259 3723; x_wconf 80' lang='lat' dir='ltr'><strong><em>g.</em></strong></span> <span class='ocrx_word' id='word_1_262' title='bbox 1273 3653 1347 3725; x_wconf 89' lang='lat' dir='ltr'><strong><em>quod</em></strong></span> 
     </span>
     <span class='ocr_line' id='line_1_29' title="bbox 169 3758 991 3829; baseline -0.004 -14"><span class='ocrx_word' id='word_1_263' title='bbox 169 3763 207 3816; x_wconf 86' lang='lat' dir='ltr'><strong><em>eit</em></strong></span> <span class='ocrx_word' id='word_1_264' title='bbox 224 3762 490 3826; x_wconf 84' lang='lat' dir='ltr'><strong><em>excommunicatus,</em></strong></span> <span class='ocrx_word' id='word_1_265' title='bbox 509 3759 627 3827; x_wconf 81' lang='lat' dir='ltr'><strong><em>infamis,</em></strong></span> <span class='ocrx_word' id='word_1_266' title='bbox 646 3758 845 3813; x_wconf 88' lang='lat' dir='ltr'><strong><em>iurisdictionis</em></strong></span> <span class='ocrx_word' id='word_1_267' title='bbox 864 3759 991 3829; x_wconf 84' lang='lat' dir='ltr'><strong><em>incapax,</em></strong></span> 
     </span>
    </p>

    <p class='ocr_par' dir='ltr' id='par_1_10' title="bbox 170 3864 1350 4041">
     <span class='ocr_line' id='line_1_30' title="bbox 259 3864 1350 3941; baseline -0.005 -19"><span class='ocrx_word' id='word_1_268' title='bbox 259 3870 287 3938; x_wconf 90' lang='grc'><strong><em>2)</em></strong></span> <span class='ocrx_word' id='word_1_269' title='bbox 307 3867 417 3941; x_wconf 84' lang='lat' dir='ltr'><strong><em>quaudo</em></strong></span> <span class='ocrx_word' id='word_1_270' title='bbox 447 3871 592 3922; x_wconf 84' lang='lat' dir='ltr'><strong><em>recusatur</em></strong></span> <span class='ocrx_word' id='word_1_271' title='bbox 622 3871 653 3919; x_wconf 89' lang='lat' dir='ltr'><strong><em>ut</em></strong></span> <span class='ocrx_word' id='word_1_272' title='bbox 684 3870 843 3937; x_wconf 86' lang='lat' dir='ltr'><strong><em>suspectus,</em></strong></span> <span class='ocrx_word' id='word_1_273' title='bbox 872 3866 926 3920; x_wconf 88' lang='lat' dir='ltr'><strong><em>nisi</em></strong></span> <span class='ocrx_word' id='word_1_274' title='bbox 961 3865 1090 3936; x_wconf 83' lang='lat' dir='ltr'><strong><em>exceptio</em></strong></span> <span class='ocrx_word' id='word_1_275' title='bbox 1120 3864 1285 3935; x_wconf 86' lang='lat' dir='ltr'><strong><em>suspicionis</em></strong></span> <span class='ocrx_word' id='word_1_276' title='bbox 1310 3864 1350 3918; x_wconf 88' lang='lat' dir='ltr'><strong><em>eit</em></strong></span> 
     </span>
     <span class='ocr_line' id='line_1_31' title="bbox 170 3974 281 4041; baseline -0.009 -11"><span class='ocrx_word' id='word_1_277' title='bbox 170 3974 281 4041; x_wconf 81' lang='lat' dir='ltr'><strong><em>frivola,</em></strong></span> 
     </span>
    </p>

    <p class='ocr_par' dir='ltr' id='par_1_11' title="bbox 172 4078 1351 4455">
     <span class='ocr_line' id='line_1_32' title="bbox 259 4078 1349 4153; baseline -0.003 -17"><span class='ocrx_word' id='word_1_278' title='bbox 259 4082 288 4153; x_wconf 88' lang='grc'><strong><em>3)</em></strong></span> <span class='ocrx_word' id='word_1_279' title='bbox 306 4082 331 4136; x_wconf 86' lang='lat' dir='ltr'><strong><em>si</em></strong></span> <span class='ocrx_word' id='word_1_280' title='bbox 350 4081 432 4136; x_wconf 90' lang='lat' dir='ltr'><strong><em>iudex</em></strong></span> <span class='ocrx_word' id='word_1_281' title='bbox 452 4081 530 4135; x_wconf 88' lang='lat' dir='ltr'><strong><em>cuius</em></strong></span> <span class='ocrx_word' id='word_1_282' title='bbox 549 4078 704 4134; x_wconf 88' lang='lat' dir='ltr'><strong><em>iurisdictio</em></strong></span> <span class='ocrx_word' id='word_1_283' title='bbox 722 4080 806 4135; x_wconf 90' lang='lat' dir='ltr'><strong><em>dubia</em></strong></span> <span class='ocrx_word' id='word_1_284' title='bbox 825 4084 877 4148; x_wconf 89' lang='lat' dir='ltr'><strong><em>est,</em></strong></span> <span class='ocrx_word' id='word_1_285' title='bbox 896 4097 932 4134; x_wconf 93' lang='lat' dir='ltr'><strong><em>ex</em></strong></span> <span class='ocrx_word' id='word_1_286' title='bbox 956 4095 1058 4133; x_wconf 87' lang='lat' dir='ltr'><strong><em>causae</em></strong></span> <span class='ocrx_word' id='word_1_287' title='bbox 1084 4078 1244 4148; x_wconf 80' lang='lat' dir='ltr'><strong><em>cognitione</em></strong></span> <span class='ocrx_word' id='word_1_288' title='bbox 1266 4082 1349 4133; x_wconf 85' lang='lat' dir='ltr'><strong><em>nota-</em></strong></span> 
     </span>
     <span class='ocr_line' id='line_1_33' title="bbox 172 4187 1348 4259; baseline -0.007 -16"><span class='ocrx_word' id='word_1_289' title='bbox 172 4188 228 4244; x_wconf 81' lang='lat' dir='ltr'><strong><em>bile</em></strong></span> <span class='ocrx_word' id='word_1_290' title='bbox 247 4188 467 4245; x_wconf 83' lang='lat' dir='ltr'><strong><em>emolumentum</em></strong></span> <span class='ocrx_word' id='word_1_291' title='bbox 486 4206 511 4243; x_wconf 89' lang='lat' dir='ltr'><strong><em>v.</em></strong></span> <span class='ocrx_word' id='word_1_292' title='bbox 531 4205 558 4258; x_wconf 84' lang='lat' dir='ltr'><strong><em>g.</em></strong></span> <span class='ocrx_word' id='word_1_293' title='bbox 578 4204 696 4258; x_wconf 82' lang='lat' dir='ltr'><strong><em>magnae</em></strong></span> <span class='ocrx_word' id='word_1_294' title='bbox 714 4188 882 4259; x_wconf 86' lang='lat' dir='ltr'><strong><em>quantitatis</em></strong></span> <span class='ocrx_word' id='word_1_295' title='bbox 903 4187 1043 4257; x_wconf 84' lang='lat' dir='ltr'><strong><em>sportulas</em></strong></span> <span class='ocrx_word' id='word_1_296' title='bbox 1061 4190 1242 4257; x_wconf 86' lang='lat' dir='ltr'><strong><em>percepturus</em></strong></span> <span class='ocrx_word' id='word_1_297' title='bbox 1261 4189 1305 4240; x_wconf 87' lang='lat' dir='ltr'><strong><em>est</em></strong></span> <span class='ocrx_word' id='word_1_298' title='bbox 1322 4200 1348 4242; x_wconf 67' lang='lat' dir='ltr'><strong><em>e.</em></strong></span> 
     </span>
     <span class='ocr_line' id='line_1_34' title="bbox 173 4290 1351 4364; baseline -0.005 -15"><span class='ocrx_word' id='word_1_299' title='bbox 173 4323 207 4338; x_wconf 89' lang='lat'><em>-</em></span> <span class='ocrx_word' id='word_1_300' title='bbox 226 4294 279 4351; x_wconf 85' lang='lat' dir='ltr'><strong><em>Sed</em></strong></span> <span class='ocrx_word' id='word_1_301' title='bbox 303 4312 338 4349; x_wconf 88' lang='lat' dir='ltr'><strong><em>an</em></strong></span> <span class='ocrx_word' id='word_1_302' title='bbox 362 4294 445 4350; x_wconf 88' lang='lat' dir='ltr'><strong><em>iudex</em></strong></span> <span class='ocrx_word' id='word_1_303' title='bbox 465 4294 532 4349; x_wconf 90' lang='lat' dir='ltr'><strong><em>ecci.</em></strong></span> <span class='ocrx_word' id='word_1_304' title='bbox 552 4295 639 4364; x_wconf 89' lang='lat' dir='ltr'><strong><em>possit</em></strong></span> <span class='ocrx_word' id='word_1_305' title='bbox 667 4294 821 4349; x_wconf 89' lang='lat' dir='ltr'><strong><em>mercedem</em></strong></span> <span class='ocrx_word' id='word_1_306' title='bbox 847 4311 864 4347; x_wconf 91' lang='lat' dir='ltr'><strong><em>a</em></strong></span> <span class='ocrx_word' id='word_1_307' title='bbox 889 4294 1015 4363; x_wconf 87' lang='lat' dir='ltr'><strong><em>partibus</em></strong></span> <span class='ocrx_word' id='word_1_308' title='bbox 1040 4293 1173 4362; x_wconf 86' lang='lat' dir='ltr'><strong><em>recipere,</em></strong></span> <span class='ocrx_word' id='word_1_309' title='bbox 1194 4290 1351 4345; x_wconf 84' lang='lat' dir='ltr'><strong><em>videbimus</em></strong></span> 
     </span>
     <span class='ocr_line' id='line_1_35' title="bbox 173 4400 308 4455; baseline 0.015 -4"><span class='ocrx_word' id='word_1_310' title='bbox 173 4404 227 4454; x_wconf 68' lang='lat' dir='ltr'><strong><em>suo&#39;</em></strong></span> <span class='ocrx_word' id='word_1_311' title='bbox 240 4400 308 4455; x_wconf 90' lang='lat' dir='ltr'><strong><em>ioco.</em></strong></span> 
     </span>
    </p>
   </div>
   <div class='ocr_carea' id='block_1_7' title="bbox 0 0 1700 5117">
    <p class='ocr_par' dir='ltr' id='par_1_12' title="bbox 0 0 1700 5117">
     <span class='ocr_line' id='line_1_36' title="bbox 0 0 1700 5117; baseline 0 0"><span class='ocrx_word' id='word_1_312' title='bbox 0 0 1700 5117; x_wconf 95' lang='lat' dir='ltr'><strong><em> </em></strong></span> 
     </span>
    </p>
   </div>
  </div>
 </body>
</html>
