3350 5117
507 346 550 392 on
574 341 713 392 runicus
743 343 1007 393 sccuasmsrmrs
1118 341 1123 347 ·
1279 328 1343 392 317

166 475 233 532 tam
258 487 326 530 rem
351 487 529 554 usucapere
539 455 611 534 'non
636 475 761 554 poterat
783 471 902 554 quique
917 476 1007 534 certo
1022 476 1169 556 tempore
1192 469 1344 556 possedis-

167 603 227 674 set,
255 596 295 660 ad
319 594 553 660 excludendum
586 595 687 674 illum,
705 597 757 677 qui
789 595 933 660 eamdem
966 615 1032 660 rem
1063 596 1121 660 sibi
1154 596 1343 661 vindicaret.

169 721 260 784 Haec
284 721 432 804 exceptio
456 739 527 784 cum
551 725 635 785 esset
654 721 889 803 peremptoria
911 719 1114 785 scribebatur
1146 723 1178 784 in
1208 719 1346 785 formula

167 847 303 910 actionis
320 843 366 930 (1)
381 852 457 910 ante
472 847 572 930 ipsam
589 847 799 913 intentionem
815 847 945 913 actoris.
960 846 1044 910 unde
1060 845 1146 911 dicta
1163 846 1222 912 fuit
1240 864 1342 930 prae-

167 970 316 1053 scriptio.
342 971 420 1036 Post
446 972 652 1036 lastinianum
678 973 730 1054 qui
762 971 892 1036 abstulit
914 991 1038 1036 omnem
1064 973 1230 1036 iuridicam
1254 970 1344 1036 dillo-

169 1096 306 1160 rentiam
323 1096 408 1159 inter
424 1098 650 1180 usucapionem
667 1103 699 1161 et
715 1097 1001 1181 praescriptionem
1018 1098 1038 1161 t.
1052 1117 1122 1177 uu,
1140 1095 1172 1162 Ο.
1186 1097 1236 1162 De
1250 1117 1342 1164 usuc.

168 1217 377 1299 lraurform,
403 1219 678 1285 indiscriminatim
714 1241 809 1286 unum
842 1221 895 1285 vel
917 1221 1003 1286 aliud
1034 1221 1223 1287 vocabulum
1256 1243 1345 1287 usur-

167 1348 278 1426 patur;
302 1343 357 1407 sod
383 1346 580 1409 communius
604 1350 652 1410 est
676 1345 865 1410 vocabulum
876 1345 1171 1429 praescriptionis.
1186 1345 1270 1431 quod
1286 1367 1345 1412 nos

166 1469 318 1554 deinceps
342 1469 571 1536 adhibebimus.

256 1593 332 1658 286.
360 1595 576 1679 Praescriptio
607 1597 651 1660 ita
674 1593 800 1660 definiri
832 1601 953 1680 potest:
980 1617 998 1658 s
1028 1598 1154 1698 quadus
1179 1599 1347 1683 teqitimus

78 1751 81 1758 ·
166 1722 253 1786 iuris
276 1721 478 1806 acquirendi
500 1723 553 1788 vel
569 1723 782 1808 obtiqatiouis
806 1725 1058 1822 exituqueadae
1078 1727 1269 1808 procedens
1280 1745 1346 1810 prr

162 1847 413 1930 possessiouem
428 1849 529 1914 modo
553 1854 585 1913 et
601 1821 751 1931 tempore
774 1869 796 1914 a
812 1851 884 1938 leqe
907 1851 1043 1935 definito
1064 1820 1343 1916 continuatam».

168 1966 260 2034 Notio
285 1971 548 2054 praescriptionis
580 1959 672 2035 modo
705 1967 856 2036 definitae
882 1971 1040 2057 duplicem
1066 1972 1245 2056 praesefert
1268 1993 1343 2056 pro·
1380 2022 1382 2027 ,

166 2095 355 2180 prietatem
379 2096 516 2160 alteram
548 2116 662 2180 nempe
686 2098 764 2160 iuris
787 2097 1024 2181 acquisitivum
1031 2118 1044 2178 ,·
1072 2097 1209 2161 alteram
1236 2099 1346 2164 eortiu-

165 2219 289 2285 cticam
299 2239 313 2301 ;
336 2219 542 2285 nihilominus
557 2225 693 2304 utraque
717 2227 829 2306 suapte
853 2228 969 2285 natura
985 2221 1192 2304 exceptionis
1207 2224 1271 2284 vim
1291 2193 1345 2286 lia-

165 2345 229 2410 bet
255 2345 303 2412 Ol.
329 2347 348 2410 t.
374 2345 407 2426 3,
428 2343 506 2413 (toa.
532 2345 581 2412 De
600 2347 804 2430 praescript.
829 2347 880 2414 30
902 2367 983 2413 auu.
1011 2349 1088 2412 Nam
1111 2349 1165 2413 ille
1188 2348 1344 2414 adversus

165 2487 261 2552 quem
286 2468 526 2554 praescribitur,
544 2472 577 2533 in
597 2469 713 2534 iudicio
730 2489 799 2534 rem
815 2475 937 2557 petens,
955 2471 1124 2556 repellitur
1146 2476 1341 2536 aconvento

165 2595 359 2677 exceptione
375 2593 646 2680 praescriptionis
661 2614 723 2677 qua
746 2595 910 2659 contendit
927 2615 995 2659 rem
1015 2613 1104 2660 suam
1128 2613 1208 2660 esse.
1228 2595 1341 2674 ludex,

165 2719 191 2780 si
223 2717 379 2801 probetur
409 2738 521 2784 omnes
554 2721 742 2806 adimpletas
773 2741 844 2786 esse
874 2721 1073 2787 conditiones
1099 2723 1342 2807 praescriptioni

166 2843 376 2914 necessarias,
402 2841 548 2907 decernit
578 2843 618 2908 de
641 2864 677 2907 re
702 2843 893 2909 iudicialiter
924 2846 1076 2910 contendi
1099 2867 1163 2910 non
1186 2865 1279 2932 posse
1302 2845 1341 2909 ob

165 2967 333 3050 probatam
354 2955 623 3052 peremptoriam
647 2973 868 3055 exceptionem
893 2973 1164 3056 praescriptionis.

256 3089 333 3154 287.
357 3088 561 3156 Conditiones
591 3093 837 3177 praescriptioni
861 3096 1024 3178 appositae
1048 3094 1233 3179 probandae
1256 3101 1342 3174 sunt,

166 3233 228 3279 nec
251 3221 385 3299 possunt
407 3219 584 3300 praesumi;
617 3239 689 3283 cum
713 3220 934 3303 praescriptio,
960 3221 1076 3305 quippe
1108 3228 1190 3304 quae
1214 3227 1345 3286 coercet

166 3341 237 3405 iura
261 3341 471 3426 singulorum,
488 3344 630 3407 strictam
654 3343 815 3408 desideret
839 3345 1137 3428 interpretationem
1160 3352 1257 3430 atque
1280 3344 1339 3411 sibi

166 3468 363 3532 contrariam
386 3466 504 3532 habeat
522 3472 822 3554 praesumptionem.
843 3470 1036 3554 Priusquam
1061 3471 1120 3535 has
1143 3472 1344 3536 conditiones

165 3590 354 3676 singillatim
378 3611 584 3676 exponamus,
610 3591 817 3658 advertatur:

257 3717 288 3800 l)
314 3717 606 3810 Praescriptionem
625 3737 645 3780 a
669 3720 867 3802 possessione
890 3720 1014 3814 initi-um
1031 3727 1062 3784 et
1078 3725 1193 3785 statum
1211 3741 1340 3807 capere,

164 3847 257 3908 iuxta
280 3844 301 3907 t.
325 3843 375 3908 25
400 3843 429 3906 b.
449 3849 486 3906 t:
512 3841 629 3908 «Siue
641 3843 853 3926 possessione
873 3847 1039 3928 usucapio
1063 3847 1257 3933 coutiuqerc
1273 3867 1343 3912 uou

159 3974 272 4052 potest
289 3988 318 4042 »3
345 3973 376 4032 et
398 3985 469 4053 req.
498 3965 531 4040 3,
557 3967 649 4032 Iuris
672 3966 709 4032 iu
733 3968 770 4032 6:
795 3989 812 4030 a
838 3966 919 4035 Siue
938 3971 1149 4051 possessione
1169 3971 1343 4054 praeseri-

255 4253 294 4322 (l)
314 4252 368 4308 Seu
387 4257 506 4323 praetor,
517 4255 625 4324 quando
637 4257 764 4326 quaestio
777 4261 837 4310 erat
856 4255 890 4309 de
909 4255 1045 4324 aliquare
1065 4255 1100 4308 ab
1119 4253 1210 4309 altero
1229 4254 1344 4322 litigan-

164 4357 243 4422 tium,
263 4373 280 4408 a
300 4371 356 4420 rso,
371 4355 454 4426 longo
473 4362 596 4426 tempore
617 4375 748 4428 possessa,
770 4360 885 4412 iubebat
897 4374 951 4411 non
972 4357 1080 4411 admitti
1101 4359 1239 4413 actionem
1252 4358 1344 4412 vindi-

165 4463 309 4530 catoriam,
327 4467 352 4517 si
370 4467 413 4518 rei
431 4475 626 4520 conmocersae
647 4467 724 4536 loaqi
743 4469 875 4536 temporis
890 4469 1029 4536 possessio
1048 4468 1125 4538 apud
1144 4484 1225 4522 rcum
1242 4470 1306 4540 fuit.
