3350 5117
549 316 592 361 nu
617 314 756 362 runicus
783 314 1048 363 uectusrnsrrcrs
1317 298 1382 362 463

209 442 287 502 tunc
310 438 396 501 enim
419 437 575 523 probandi
600 457 680 502 onus
703 436 903 502 transfertur
930 437 963 500 in
988 456 1096 511 reum;
1121 456 1173 500 ex.
1191 456 1221 520 g.
1247 436 1272 500 si
1296 454 1387 521 paro

208 562 290 628 chus
313 564 464 629 iudicium
489 564 647 629 instauret
671 570 705 627 ut
728 562 869 627 decimas
886 563 944 627 sibi
961 561 1104 628 vindicet
1118 564 1205 628 intra
1227 562 1309 628 fines
1331 584 1386 647 pa-

209 689 338 752 roeciae
361 686 521 753 adversus
544 688 640 752 alium
663 688 727 751 hoc
750 688 798 752 ius
822 685 886 751 iarn
911 692 1129 760 exercentem,
1154 688 1208 752 hic
1238 708 1304 753 non
1332 689 1387 752 ille

208 814 336 899 cogitur
359 813 478 879 docere
502 832 563 897 quo
588 813 659 877 iure
682 812 823 877 decimas
847 813 907 878 sibi
929 819 1076 899 arroget:
1101 833 1176 899 erp.
1194 814 1311 897 cap?
1336 814 1388 879 De

208 943 287 1002 rest.
310 939 395 1021 spol.
420 938 457 1003 in
481 938 504 1001 6
528 938 585 1018 (ll,
610 938 662 1024 5);
688 938 730 1002 cf.
756 934 968 1002 Reiffenstuel
999 938 1030 1001 lt.
1054 943 1076 1002 t.
1100 959 1134 1004 a.
1159 938 1235 1002 126.
1264 939 1331 1002 lmo
1359 940 1386 1003 si

208 1066 310 1133 actor,
335 1063 366 1125 in
390 1063 439 1125 sui
456 1062 611 1142 favorem,
630 1062 758 1125 invocet
773 1062 1066 1146 praesumptionem
1082 1060 1168 1127 torte
1183 1066 1216 1125 et
1236 1062 1278 1126 de
1300 1062 1385 1143 iure,

207 1187 421 1268 etpotamo
444 1184 641 1264 iudicatam,
658 1189 836 1248 conventus
852 1204 916 1248 non
933 1184 1111 1249 admittitur
1133 1184 1173 1249 ad
1190 1188 1385 1251 contrariam

210 1305 433 1389 probationem
450 1326 506 1372 seu
522 1306 562 1371 ad
578 1305 829 1392 impugnandam
846 1306 899 1371 rei
913 1306 1084 1372 iudicatae
1098 1308 1333 1371 auctoritatem.
1344 1343 1387 1356 —

213 1428 337 1495 Verum
369 1430 432 1495 hoc
463 1452 526 1495 non
558 1431 685 1496 videtur
717 1434 915 1497 constituere
945 1433 995 1495 ius
1024 1434 1205 1518 singulare,
1230 1432 1385 1515 siquidem

207 1556 294 1621 turis
319 1557 619 1639 praesumptiones
649 1562 723 1621 sunt
754 1556 881 1639 species
906 1555 1129 1638 probationis.
1154 1556 1263 1630 Quare
1294 1565 1386 1621 actor

208 1674 329 1760 ¹aliquid
353 1683 466 1761 petens
490 1678 619 1741 innixus
635 1676 816 1741 huiusmodi
831 1674 1143 1761 praesumptionibus
1159 1678 1220 1740 iarn
1237 1677 1387 1761 probavit

208 1819 299 1863 suam
324 1802 542 1873 intentionem,
557 1820 651 1886 quam
668 1800 832 1873 obtinebit,
850 1793 912 1864 nisi
935 1807 1114 1866 conventus
1131 1801 1209 1864 iuris
1223 1821 1386 1885 praesum·

210 1923 350 2007 ptionem
375 1925 548 1988 contrariis
571 1923 810 2008 probationibus
834 1944 898 1988 non
923 1923 1128 1987 refutaverit.
1155 1922 1297 1987 Proinde
1320 1943 1385 1988 non

212 2049 340 2113 ridetur
362 2048 558 2113 admittenda
581 2048 708 2113 illorum
726 2051 894 2130 sententia,
908 2050 961 2133 qui
978 2049 1174 2133 respondent
1188 2051 1383 2133 quaestioni:

209 2300 310 2366 verbis,
323 2316 394 2369 quae
407 2300 471 2352 dum
484 2317 519 2353 ex
534 2317 587 2353 nna
601 2305 680 2369 parte
694 2300 886 2353 demonstrant
898 2303 1035 2354 abstracte
1048 2298 1136 2353 solido
1145 2300 1325 2353 fundamento
1335 2299 1385 2353 has

209 2402 359 2458 divisiones
369 2420 424 2457 non
435 2421 544 2467 carere;
555 2404 611 2458 alia
620 2421 655 2459 ex
668 2408 747 2474 parte
760 2406 933 2473 patefaciunt
943 2404 1064 2476 aliquem
1074 2406 1213 2460 defectum
1223 2406 1386 2476 applicatio·

212 2514 256 2563 nis
269 2510 350 2563 buius
358 2512 527 2582 systematis,
538 2514 675 2579 quatenus
688 2526 705 2563 a
719 2510 772 2563 DD.
788 2512 940 2579 urgebatur
951 2512 1010 2564 fere
1023 2510 1057 2563 ad
1070 2493 1386 2580 indolem'computatio-

212 2617 256 2670 nis
274 2616 503 2679 mathematicae;
521 2632 553 2670 en
574 2617 670 2670 verba:
684 2632 701 2669 ‹
721 2634 757 2671 ex
769 2618 864 2670 divino
884 2620 1059 2687 humanoque
1072 2622 1136 2673 iure
1147 2620 1203 2671 duo
1217 2627 1297 2673 testes
1310 2620 1386 2671 omui

209 2727 372 2794 exceptione
384 2726 514 2791 maiores,
530 2728 638 2796 fuciunt
646 2726 764 2796 plenam
776 2726 877 2795 fidem:
891 2742 959 2793 erpo
972 2742 1046 2779 unus
1060 2726 1178 2779 illorum
1191 2726 1385 2793 semiplenam,-

210 2845 277 2881 nam
302 2832 376 2899 qued
400 2833 471 2885 turta
496 2841 535 2885 est
554 2834 584 2884 tn
602 2841 657 2885 toto
684 2834 775 2901 quoad
800 2839 894 2896 totum,
912 2830 943 2882 id
962 2839 1001 2882 est
1027 2834 1109 2883 atain
1134 2830 1164 2881 in
1184 2838 1269 2899 purte
1291 2830 1385 2909 quoad

205 2947 325 3005 panem,
339 2950 537 3009 consequenter
555 2942 641 2993 datur
658 2940 815 3009 semiplena
829 2939 958 3009 probatio
971 2955 995 2993 ».
1015 2938 1141 2991 Iamvero
1153 2937 1250 3005 negari
1263 2953 1317 2990 non
1337 2954 1383 3005 po-

207 3046 271 3111 test,
290 3044 358 3099 duas
377 3048 554 3116 probationes
580 3064 635 3101 non
655 3046 760 3117 plenas,
779 3048 802 3100 si
822 3046 935 3100 insimul
959 3047 1126 3115 conspirent,
1140 3062 1219 3115 posse
1238 3064 1268 3101 aa
1287 3053 1384 3100 mutuo

207 3151 346 3222 complere
365 3156 394 3209 et
413 3154 522 3209 efficere
541 3154 651 3225 plenam
670 3154 871 3224 probationem,
891 3154 932 3208 uti
951 3170 1033 3208 nemo
1045 3154 1169 3223 negabit,
1182 3151 1264 3223 plura
1281 3154 1385 3235 indicia

206 3277 255 3315 seu
275 3262 451 3330 imperfectas
464 3262 643 3331 probationes
656 3262 769 3316 insimul
782 3265 916 3331 congesta
928 3261 1078 3333 aliquando
1090 3261 1260 3315 constituere
1273 3262 1383 3330 planam

205 3366 408 3434 probationem,
427 3366 624 3421 nihilosecius
644 3382 698 3421 non
718 3384 863 3437 possumus
887 3367 1009 3433 diffiteri,
1028 3382 1088 3420 esse
1111 3365 1257 3419 admodum
1276 3365 1384 3434 perico-

206 3470 295 3527 losum
316 3475 344 3527 in
364 3490 393 3530 re
412 3476 571 3543 probatoria
590 3474 701 3529 tradere
720 3472 853 3545 quasdam
873 3474 984 3543 regulas
997 3474 1079 3529 nimis
1092 3474 1238 3543 generales
1256 3480 1286 3529 et
1304 3476 1384 3528 abso-

206 3580 281 3633 lutas
294 3582 327 3635 ad
340 3581 539 3635 aestimandam
553 3584 749 3652 probationum
762 3582 827 3648 vim,
837 3599 954 3653 quarum
968 3581 1047 3635 valor
1060 3587 1103 3635 est
1116 3598 1224 3651 semper
1236 3584 1383 3648 relativus,

205 3690 236 3741 et
255 3699 408 3743 concretus.
429 3688 547 3743 Proinde
566 3692 609 3743 est
629 3705 692 3741 cum
711 3688 807 3756 primis
826 3686 988 3753 verisimile,
1008 3688 1171 3755 praesertim
1194 3688 1222 3740 iu
1242 3705 1271 3742 re
1291 3688 1383 3741 crimi-

204 3790 352 3859 nali‚talia
370 3794 508 3863 principia
523 3794 644 3849 faciliter
663 3794 808 3848 adduxisse
827 3794 855 3847 in
875 3810 998 3849 errorem
1018 3794 1122 3849 iudices
1141 3794 1241 3849 leviter
1260 3794 1383 3849 couside-

205 3902 300 3952 rantes
319 3903 448 3953 naturam
467 3900 582 3954 istarum
603 3898 771 3969 regularum.
792 3899 908 3969 Sclopis,
931 3902 1022 3953 Storia
1040 3901 1119 3954 della
1145 3900 1236 3969 lepisl.
1255 3902 1383 3966 italiana,

174 4034 175 4039 =
203 4005 259 4059 vol.
274 4006 296 4072 Ι,
310 4024 369 4077 cap.
385 4008 413 4061 6.
431 4036 468 4049 -
487 4006 653 4062 Canonistae
672 4024 737 4062 vero
757 4007 855 4063 sedulo
873 4008 1046 4078 explicantes
1063 4007 1192 4077 singulae
1211 4008 1383 4077 probationis

204 4110 326 4165 indolem
346 4117 375 4167 et
394 4113 505 4182 regulas
517 4118 700 4183 suggerentes
719 4119 748 4169 et
765 4115 844 4169 varia
857 4113 985 4183 exempla
1002 4113 1036 4166 ad
1055 4112 1134 4167 illins
1151 4113 1209 4165 vim
1221 4118 1298 4167 recte
1316 4129 1383 4181 pen·

204 4216 329 4283 sandam,
348 4220 508 4288 exprimunt
525 4220 689 4289 sapientiam
711 4220 970 4274 iurisconsultorum
990 4235 1058 4273 rom.
1071 4224 1101 4273 et
1119 4218 1173 4273 fori
1192 4214 1392 4288 iuriaprndau?

203 4322 272 4375 tiam
292 4328 320 4378 et
339 4322 403 4378 hinc
422 4324 445 4378 si
465 4328 540 4379 recte
560 4324 756 4395 intelligantur
775 4324 932 4379 huiusmodi
957 4328 1115 4395 praecepta,
1135 4323 1234 4377 iudicis
1256 4324 1381 4378 animum

201 4429 324 4486 educunt
342 4436 371 4486 et
390 4432 541 4486 illustrant.
