3350 5117
344 288 410 353 368
867 311 952 358 raas
976 310 998 357 1.

433 429 515 506 Quia
539 433 689 500 voluntas
704 433 798 500 debet
822 435 1024 500 manifestari
1040 440 1073 500 et
1095 434 1223 499 factum
1247 433 1455 500 habitationis
1470 455 1527 518 po·

343 559 408 622 test
429 561 582 645 coniungi
609 580 680 626 cum
716 563 880 646 proposito
904 526 1056 627 manendi
1079 560 1130 626 rel
1156 563 1253 626 etiam
1281 559 1431 640 abeundi,
1454 565 1525 625 tum

343 699 403 764 pro
426 681 497 746 toro
522 688 659 748 externo
681 689 749 750 tum
767 703 824 769 pro
850 685 978 749 interno
1002 680 1049 770 (l)
1072 683 1115 748 ad
1137 682 1372 766 acquirendum
1395 681 1526 746 domici·

343 806 421 873 lium
451 810 628 893 requiritur
650 808 778 894 aliquod
802 813 929 874 certum
960 813 1187 894 argumentum
1211 808 1388 873 voluntatis
1410 825 1529 892 perpe-

344 938 419 997 tuae
441 931 656 998 habitationis.

433 1055 570 1140 Exque
597 1063 684 1141 patet
707 1059 739 1123 in
764 1057 826 1122 hac
856 1058 995 1122 materia
1016 1057 1190 1143 plurimum
1217 1053 1428 1120 tribuendum
1452 1071 1530 1118 esse

343 1177 533 1262 prudentiae
556 1187 589 1246 et
610 1181 724 1246 iudicis
746 1181 893 1264 arbitrio,
918 1183 972 1266 qui
995 1181 1140 1267 proinde,
1158 1189 1194 1246 ut
1216 1187 1309 1246 recte
1331 1180 1419 1246 ierat
1443 1179 1529 1244 iudi·

343 1301 426 1366 cium
458 1302 498 1368 de
529 1306 684 1390 acquisito
707 1306 761 1370 vel
791 1326 858 1371 non
881 1308 1038 1390 acquisito
1061 1305 1232 1378 domicilio,
1252 1304 1349 1372 debet
1379 1302 1526 1369 conside·

344 1445 420 1490 rare
443 1407 594 1494 adiuncta
616 1429 771 1502 locorum.
792 1449 1006 1514 personarum
1031 1430 1151 1494 atalia
1173 1429 1205 1492 id
1228 1448 1341 1515 genus.
1366 1428 1439 1493 Hoc
1462 1448 1529 1513 pro

343 1555 434 1615 certo
457 1550 624 1625 habeatur,
649 1552 690 1617 ad
712 1551 945 1636 acquirendum
969 1552 1164 1618 domicilium
1188 1571 1254 1616 non
1280 1552 1402 1634 requiri
1434 1550 1527 1616 habi-

342 1677 495 1740 tationem
520 1677 583 1740 iam
602 1676 733 1761 alonge
756 1681 903 1761 tempore
917 1675 1111 1746 inchoatam.
1124 1674 1181 1740 sed
1196 1676 1434 1760 quamprimum
1450 1674 1528 1758 quis

342 1800 493 1882 pervenit
521 1798 561 1864 ad
587 1800 693 1864 locum
729 1819 800 1864 cum
828 1800 936 1863 animo
972 1798 1015 1863 ibi
1051 1804 1208 1884 perpetuo
1243 1797 1455 1883 permanendi
1492 1803 1528 1862 et

342 1923 523 1990 huiusmodi
539 1905 736 1990 voluntatem
752 1924 1019 1995 manifestaverit,
1033 1924 1140 1989 statim
1156 1923 1353 1988 domicilium
1367 1921 1525 2007 acquirit.

346 2047 506 2122 Quocirca
536 2047 662 2131 quaudo
697 2049 762 2113 Dll.
787 2053 947 2123 asserunt,
971 2047 1012 2112 ad
1038 2047 1234 2112 domicilium
1267 2046 1525 2132 comparandum

343 2193 382 2239 eo
404 2174 633 2240 transferenda
656 2195 727 2240 esse
750 2175 860 2238 omnia
888 2193 947 2239 sua
976 2174 1061 2238 hona
1086 2178 1143 2238 aut
1164 2178 1291 2258 partem
1313 2191 1445 2237 suorum
1467 2170 1527 2236 ho

342 2317 459 2364 norum
482 2304 537 2364 aut
561 2297 823 2364 commorandum
848 2319 920 2364 esse
942 2318 1003 2382 per
1025 2297 1138 2364 decem
1160 2316 1264 2362 annos
1287 2302 1320 2360 et
1341 2297 1387 2360 ita
1408 2314 1524 2379 porro,

342 2423 491 2489 referunt
514 2425 735 2488 communiora
758 2423 855 2498 sacta,
870 2443 914 2488 ex
937 2423 1050 2507 quihus
1066 2424 1226 2488 evincitur
1248 2427 1283 2488 et
1303 2421 1527 2507 praesumitur

341 2549 490 2614 voluntas
513 2553 689 2634 perpetuae
712 2549 983 2614 commorationis.

431 2675 473 2740 Ut
495 2673 689 2751 domicilium
712 2693 792 2738 vero
816 2674 880 2738 iam
900 2674 1108 2738 constitutum
1131 2672 1327 2748 retineatur,
1351 2690 1417 2737 non
1440 2691 1526 2756 opus

343 2807 449 2870 estut
478 2801 548 2884 quis
578 2817 706 2883 semper
736 2796 853 2863 ibidem
888 2801 1027 2878 maneat,
1055 2795 1113 2862 sed
1134 2801 1240 2882 potest
1263 2796 1454 2881 quandoque
1478 2817 1524 2862 ex

342 2948 440 2995 causa
461 2927 515 2992 vel
538 2926 722 2990 necessaria
744 2924 796 2990 vel
819 2924 1013 2996 voluntaria,
1027 2944 1080 2988 ex.
1104 2945 1134 3009 g.
1159 2924 1442 3008 peregrinationis,
1465 2943 1521 2988 re·

342 3051 526 3124 creationis,
544 3051 598 3116 vel
612 3052 815 3137 negotiorum
831 3071 972 3131 suorum,
986 3049 1060 3115 inde
1083 3049 1261 3123 discedere,
1285 3048 1379 3114 modo
1403 3047 1524 3114 habeat

342 3177 497 3242 redeundi
524 3177 674 3242 animum.
711 3176 918 3262 Quapropter
949 3175 1011 3241 duo
1042 3175 1156 3240 haberi
1191 3178 1324 3259 possunt
1358 3173 1522 3241 domicilia

341 3304 473 3391 proprie
504 3303 598 3384 dicta,
633 3306 707 3387 quia
745 3303 838 3368 modo
874 3303 991 3368 morali
1021 3301 1210 3388 accipienda
1233 3307 1283 3367 est
1313 3301 1523 3370 continuitas

341 3429 555 3510 habitationis,
585 3429 632 3494 ita
654 3432 690 3494 ut
719 3429 841 3512 siquis
865 3448 924 3514 per
948 3447 1045 3494 unam
1079 3428 1157 3492 anni
1192 3432 1319 3512 partem
1353 3426 1452 3514 degat
1485 3430 1519 3494 iu

342 3551 432 3625 urhe,
456 3549 634 3636 paraliam
657 3548 729 3614 fere
753 3550 920 3634 aequalem
951 3555 1078 3634 partem
1100 3549 1176 3613 anni
1211 3548 1309 3634 degat
1342 3549 1374 3613 in
1411 3546 1522 3634 aliquo

341 3673 455 3760 oppido
471 3693 543 3739 cum
559 3673 722 3758 proposito
738 3673 782 3736 ita
798 3670 959 3736 dividendi
975 3672 1140 3756 propriam
1157 3669 1399 3750 habitationem,
1412 3672 1519 3754 acqui-

341 3805 394 3866 rat
411 3798 530 3884 duplex
556 3797 761 3863 domicilium.
777 3771 863 3862 Hinc
886 3816 962 3879 cap.
982 3797 1013 3863 2.
1029 3796 1080 3862 De
1101 3796 1221 3879 sepult.
1246 3794 1283 3860 io
1308 3795 1332 3859 ὅ
1355 3791 1431 3879 (ΙΙΙ,
1450 3794 1516 3880 12).

342 3920 489 3990 declarat
504 3919 618 3985 haberi
633 3918 695 3985 duo
712 3918 881 3984 domicilia:
901 3940 920 3981 c
935 3916 988 3984 Ab
1004 3937 1043 3984 eo
1066 3917 1126 4003 qui
1145 3918 1213 3984 duo
1230 3916 1331 3983 babet
1344 3916 1518 3984 donidio

430 4113 471 4185 (Ι)
490 4115 561 4169 Nam
580 4113 733 4168 iurisdictio
751 4113 836 4168 etiam
857 4113 886 4167 in
905 4113 965 4166 toro
978 4113 1089 4167 interno
1103 4112 1313 4166 administratur
1326 4110 1355 4164 in
1376 4109 1515 4174 subditum

341 4222 568 4293 quotiescumque
581 4237 649 4290 ergo
667 4221 730 4292 quis
748 4221 875 4275 subditus
892 4237 953 4276 asse
966 4221 1049 4276 debet
1066 4221 1175 4275 ratione
1187 4221 1326 4274 domicilii
1344 4217 1379 4272 ad
1397 4219 1514 4272 sortien-

342 4327 406 4382 dum
424 4329 543 4384 iudicem
561 4345 610 4383 sau
629 4328 799 4398 superiorem
812 4328 841 4382 in
854 4329 915 4383 toro
934 4328 1053 4395 interno,
1072 4325 1125 4382 hoc
1143 4328 1253 4382 obtinet
1278 4344 1328 4397 per
1345 4326 1514 4382 domicilium

342 4433 481 4488 resultans
500 4451 534 4489 ex
553 4435 696 4489 uoluntate
714 4437 743 4488 et
760 4438 845 4504 facio.

1655 4372 1657 4380 i
