3350 5117
535 364 579 413 nn
604 362 742 411 1uu1ous
766 362 1030 411 ecciesiasticis
1306 340 1374 405 549

280 486 356 554 556.
381 488 480 553 Hisce
502 461 697 574 praemissis,
721 492 809 573 patet
839 486 997 572 quomodo
1020 487 1224 551 interventus
1251 484 1373 569 triplici

190 610 318 677 ratione
340 610 447 677 locum
471 608 593 676 habere
616 615 742 695 potest:

284 736 314 822 l)
337 736 552 803 uoluntarius
574 752 619 800 ee
639 738 741 817 porte
764 734 854 801 tertii
875 734 1037 800 interesse
1060 731 1238 814 ltubentis3

280 862 313 948 2)
338 868 473 931 mactus
493 860 532 927 in
555 880 697 929 consone
720 860 761 927 ob
785 878 965 927 commune
986 857 1160 942 nepotinm
1170 879 1185 940 ,·

281 984 315 1070 3)
338 992 472 1053 coaetus
495 985 695 1052 auctoritate
709 983 832 1049 indicis
854 1002 915 1049 sen
937 1002 983 1049 en
1005 982 1113 1068 officio
1129 982 1176 1048 od
1195 983 1299 1065 plene
1314 980 1370 1047 de·

187 1108 380 1192 finiendum
403 1112 553 1181 cansam.
578 1127 675 1193 qnae,
699 1125 769 1174 non
793 1108 892 1175 citato
916 1107 1012 1172 tertio
1033 1105 1192 1171 interesse
1216 1104 1368 1178 habente,

188 1230 329 1317 definiri
347 1232 451 1313 plene
473 1250 544 1296 non
564 1236 683 1314 potest.

280 1356 356 1423 557.
381 1356 419 1421 In
451 1356 585 1441 primam
617 1354 758 1439 speciem
782 1353 938 1419 habemus
961 1352 1113 1417 disertam
1138 1352 1365 1439 praescriptio-

190 1498 264 1544 nem
289 1497 363 1563 cop.
387 1480 422 1559 2,
446 1478 499 1545 Ne
522 1479 568 1544 iit.
590 1478 693 1562 pend.
718 1478 851 1563 aliquid
872 1477 986 1543 innon.
1010 1477 1087 1542 ind
1111 1474 1168 1561 (ΙΙ,
1194 1477 1226 1563 8)
1251 1478 1285 1541 in
1306 1496 1369 1561 quo

189 1602 235 1667 ita
258 1602 396 1669 edicitur
423 1602 463 1667 de
493 1601 630 1687 quadam
661 1602 718 1668 lite
748 1598 946 1666 beneficiali:
974 1621 993 1663 ‹
1016 1599 1051 1665 Si
1080 1598 1121 1664 ad
1144 1599 1365 1665 defensionem

190 1729 289 1813 ipsius
312 1730 376 1793 litis
400 1730 508 1812 aliqui,
532 1748 667 1813 quorum
691 1728 834 1799 interest,
859 1728 1013 1812 petierint
1035 1746 1070 1792 se
1093 1725 1225 1801 admitti,
1250 1745 1306 1791 eos
1336 1728 1372 1791 in

189 1851 246 1916 illo
270 1858 355 1918 statu
379 1872 440 1937 quo
464 1854 565 1937 ipsam
588 1853 783 1932 invenerint,
808 1851 1013 1916 decernimus
1035 1850 1249 1918 admittendos
1272 1874 1303 1914 ».
1328 1851 1372 1920 Et

190 1978 246 2044 hic
268 1978 422 2045 traditur:

284 2103 315 2189 l)
339 2102 487 2168 Genuina
517 2104 604 2167 notio
636 2103 838 2168 interventus
864 2101 1051 2169 oolientarii
1073 2102 1106 2165 in
1130 2120 1269 2174 oausam,
1295 2102 1371 2184 quia

193 2229 346 2294 Pontifex
368 2232 466 2293 antea
488 2228 635 2292 decernit
658 2226 780 2292 nullum
808 2226 928 2292 debere
950 2226 1105 2293 substitui
1127 2228 1160 2289 iu
1183 2226 1289 2291 locum
1313 2244 1368 2289 re·

190 2332 380 2419 nunciantis'
389 2352 580 2419 beneficium
595 2353 778 2437 litigiosum,
796 2352 850 2417 vel
868 2351 947 2417 illud
963 2351 1081 2417 eliade
1105 2370 1203 2416 causa
1225 2349 1369 2416 cedentis
1458 2396 1462 2401 -

192 2494 211 2537 ‹
235 2494 287 2556 ne,
311 2476 364 2547 ait,
386 2480 531 2558 propter
552 2492 657 2540 nonos
679 2472 897 2539 adversarios
912 2471 986 2557 (qni
1008 2471 1175 2538 malitiose
1189 2471 1365 2539 interdum

186 2600 388 2685 petitoribus
416 2606 661 2687 stcrropontur)
686 2601 794 2688 litipio
825 2600 862 2665 in
885 2600 1115 2667 Ecclesiorum
1146 2599 1366 2683 dispendium

186 2726 378 2813 prorepant
400 2726 571 2812 eontinpot
589 2746 618 2802 »;
643 2727 799 2811 permittit
821 2744 901 2790 vero
924 2724 1116 2811 inpressum
1139 2726 1298 2789 interesse
1314 2724 1370 2789 ha·
1470 2719 1474 2731 ‘

190 2845 343 2921 bentium,
369 2868 441 2915 cum
464 2850 515 2915 isti
539 2849 732 2916 naturaliter
756 2854 880 2934 partem
902 2848 935 2911 in
967 2867 1066 2913 causa
1088 2850 1284 2912 censeantur
1306 2846 1369 2911 ha·

189 2970 270 3040 bere
294 2991 336 3037 ex
359 2977 477 3038 natura
499 2974 629 3057 negotii.

279 3096 314 3183 2)
337 3100 547 3171 Advertatur,
564 3100 817 3164 intervenientes
840 3097 963 3164 admitti
988 3098 1106 3164 debere
1130 3100 1163 3163 in
1184 3118 1314 3164 causam
1329 3099 1369 3164 in

188 3242 229 3289 eo
253 3228 342 3289 statu
365 3222 401 3289 in
424 3242 491 3307 quo
514 3224 627 3306 ipsane
643 3223 842 3305 inuenerint,
859 3225 927 3288 sive
951 3225 984 3287 in
1008 3224 1112 3308 prima
1133 3224 1203 3289 sive
1226 3223 1260 3287 in
1283 3223 1368 3290 ulte·

191 3346 272 3410 riori
297 3346 446 3411 instantia
469 3348 502 3411 in
526 3346 630 3431 gradu
653 3347 885 3432 appellationis,
911 3366 952 3412 ne
975 3353 1071 3413 antea
1092 3351 1167 3412 aeta
1189 3349 1292 3433 repeti
1318 3346 1370 3413 de

191 3467 288 3534 beant
312 3490 384 3534 cum
408 3472 552 3555 graviori
576 3471 741 3556 dispendio
765 3472 910 3556 priorum
932 3471 1137 3555 litigantium.

281 3592 314 3675 3)
340 3594 571 3659 Tantummodo
594 3594 627 3658 in
651 3595 756 3659 causis
779 3592 1018 3660 beneficialibus
1037 3596 1063 3660 si
1088 3593 1196 3661 deficit
1219 3615 1301 3662 unus
1325 3614 1369 3661 ex

189 3712 399 3803 litigantibus,
416 3716 577 3783 aliusnon
597 3716 793 3804 subrogatur
808 3720 899 3782 iuxta
918 3721 1153 3806 praescriptum
1170 3720 1304 3805 regulae
1320 3720 1371 3785 2·ρ

193 3840 426 3908 Concellorioe
448 3842 640 3927 inscriptae:
658 3840 710 3908 De
724 3842 954 3929 subropondis
970 3842 1196 3929 litipontibns3
1219 3842 1276 3907 sed
1293 3844 1366 3928 Epi·

189 3983 305 4049 scopus
328 3972 384 4030 aut
407 3966 475 4031 eius
497 3966 664 4055 delegatus
687 3972 782 4035 curat
803 3967 843 4033 de
866 3986 906 4033 ea
928 3967 985 4033 lite
1008 3964 1202 4045 delinienda;
1227 3990 1303 4035 nam
1329 3971 1364 4035 in

188 4089 261 4155 aliis
285 4093 398 4165 causis,
419 4089 588 4157 deficiente
613 4112 676 4157 una
692 4097 793 4178 parte,
811 4094 844 4157 in
869 4094 938 4159 eius
961 4093 1067 4158 locum
1090 4099 1283 4180 surrogatur
1302 4094 1369 4169 ille,

189 4214 244 4299 qui
267 4214 382 4301 probat
404 4236 440 4280 se
463 4216 656 4281 successisse
679 4218 712 4281 in
736 4216 785 4282 ius
808 4215 962 4283 cedentis.

280 4338 314 4427 4)
339 4341 465 4407 Exinde
489 4346 576 4428 patet
605 4338 787 4407 differentia
810 4342 1062 4429 snbropotionis
1091 4342 1132 4409 ab
1162 4344 1368 4428 interuentn,·

189 4482 264 4529 cum
288 4463 481 4551 subrogatus
504 4464 649 4551 suppleat
672 4484 769 4530 uuum
794 4485 837 4530 ex
859 4464 1068 4552 litigantibus,
1092 4465 1312 4532 interveniens
1336 4489 1372 4534 se
