3350 5117
680 313 788 362 lunax
816 314 936 362 aanuu
1334 297 1402 364 683

327 437 422 487 currat
447 431 598 488 remedium
624 433 810 500 ordinarium,
836 434 889 488 hoc
914 436 1118 492 concedendum
1142 440 1199 503 est,
1221 452 1276 490 non
1381 453 1383 457 ’

326 538 411 606 illud,
432 540 557 610 exceptis
581 539 748 604 minoribus,
772 540 873 611 quibus
898 541 1059 597 conceditur
1083 541 1277 598 extraordina-

325 647 409 712 rium,
428 646 588 716 posthabito
606 647 757 715 ordinario,
776 648 814 702 sit
832 647 901 703 illud
920 649 958 704 sit
975 649 1065 719 magis
1084 649 1188 720 pingue
1222 689 1229 702 .
1262 667 1329 720 paq.
1348 648 1402 703 304

219 753 281 806 m
301 753 420 815 Quinam
437 754 552 822 veniant
570 755 683 810 nomina
701 754 839 809 minorum
868 795 875 808 .
913 795 920 807 .
956 795 964 810 .
1001 795 1009 809 .
1038 759 1045 773 ⁸
1047 795 1275 811 ......
1313 756 1404 814 »305

224 861 286 916 273.
305 861 447 923 Quomodo
465 863 645 918 beneficiario
660 863 688 917 in
701 863 808 918 iuribus
827 862 1037 919 beneficialibus
1055 862 1109 918 hoc
1125 863 1277 919 remedium

327 971 468 1026 invocare·
476 977 617 1043 competat
644 1011 1277 1027 ...............
1315 987 1333 1029 a
1350 971 1405 1025 300

226 1080 287 1134 274.
307 1081 353 1134 Aa
372 1078 424 1135 hoc
444 1083 584 1151 competat
603 1080 703 1134 minori
716 1096 765 1134 ssu
778 1079 957 1150 privilegiato
975 1081 1106 1136 adversus
1124 1080 1210 1135 alium
1228 1080 1280 1134 mi·

327 1201 423 1242 norem
442 1202 491 1241 seu
509 1184 719 1254 privilegiatum
732 1225 1272 1240 .............
1310 1200 1328 1240 »
1364 1183 1403 1237 ibi

221 1297 283 1352 275.
304 1294 392 1350 Datur
411 1292 622 1365 quadriennium
641 1292 711 1348 utils
730 1293 780 1363 pio
798 1291 853 1348 hoc
871 1293 992 1349 remedio
1009 1293 1183 1362 implorando
1226 1332 1231 1343 .
1270 1334 1276 1346 .
1314 1307 1333 1346 »
1350 1292 1404 1346 307

223 1403 286 1456 276.
305 1400 411 1456 Contra
428 1399 535 1470 lapsum
555 1399 689 1468 temporis
708 1415 762 1452 non
781 1398 863 1452 datur
882 1399 1024 1454 restitutio
1043 1399 1071 1453 in
1090 1399 1231 1469 integrum
1271 1439 1277 1452 .
1315 1397 1405 1455 »308

222 1508 285 1560 277.
305 1504 420 1567 Quando
438 1504 580 1560 restitutio
599 1507 740 1573 competat
758 1504 910 1558 maioribus
928 1509 1023 1559 aetate
1048 1543 1276 1558 ......
1315 1520 1333 1560 a
1351 1503 1406 1558 300

222 1615 284 1668 278.
304 1613 420 1676 Quando
438 1603 554 1682 incipiat
572 1612 719 1667 decurrere
738 1612 950 1684 quadriennium
969 1629 1020 1683 pro
1038 1614 1188 1668 maioribus
1225 1654 1232 1668 .
1268 1654 1274 1666 .
1313 1630 1331 1670 »
1364 1615 1404 1669 ibi

223 1721 285 1775 279.
305 1720 348 1775 Ad
367 1719 543 1789 allegandam
562 1719 722 1776 nullitatem
742 1720 921 1791 professionis
939 1719 1089 1790 religiosae
1106 1722 1188 1776 datur
1201 1723 1281 1793 quin·

331 1829 497 1900 quennium:
516 1845 552 1882 an
577 1831 675 1882 contra
699 1823 807 1898 lapsum
832 1827 1014 1899 quinquennii
1038 1828 1120 1882 detur
1138 1827 1281 1883 restitutio

330 1935 358 1991 in
377 1936 519 2006 integrum
556 1974 1278 1997 .................
1315 1950 1333 1991 a
1366 1935 1405 1989 ibi

226 2042 288 2096 280.
308 2042 384 2096 Haec
402 2041 484 2096 datur
502 2039 635 2096 adversus
655 2045 733 2094 actus
747 2043 807 2094 tum
820 2039 973 2108 iudiciales,
986 2045 1046 2095 tum
1058 2035 1281 2098 extraiuddum-

330 2145 411 2202 modo
423 2145 487 2200 dolo
506 2145 644 2200 commissi
664 2160 719 2199 non
738 2145 795 2200 sint
813 2147 849 2200 ab
868 2161 902 2200 so
919 2146 967 2217 qui
986 2147 1057 2216 petit
1075 2147 1281 2201 restitutionem
1317 2144 1402 2202 »311

223 2255 286 2310 281.
305 2254 425 2316 Quinam
443 2253 525 2310 iudex
544 2253 581 2306 sit
599 2256 759 2321 competens
777 2250 806 2304 iu
826 2266 910 2305 cause
928 2252 1144 2306 restitutionis.
1181 2291 1188 2304 .
1225 2291 1232 2306 .
1270 2292 1276 2303 .
1314 2267 1332 2306 »
1365 2251 1404 2305 ibi

735 2463 833 2520 Carus·
853 2464 897 2519 111.

603 2593 605 2596 ’
621 2613 653 2646 ns
672 2611 862 2646 sacarnouraos
878 2612 904 2646 nr
920 2610 1010 2645 arsura.

226 2793 287 2848 282.
308 2792 353 2846 lus
372 2791 536 2862 positivum,
555 2789 708 2846 concedens
726 2787 880 2851 actionem,
898 2784 1034 2855 implicite
1055 2781 1184 2836 concedit
1199 2781 1283 2835 etiam

331 2899 525 2968 exceptionem
561 2924 1233 2950 ................
1271 2901 1334 2956 pap.
1354 2883 1409 2938 312

226 3005 288 3061 283.
309 3003 472 3075 Explicatur
491 3001 656 3072 principium
674 3013 776 3069 «quae
794 3000 976 3066 temporanea
993 2997 1058 3048 suot
1081 2991 1116 3046 ad
1136 2983 1284 3060 agendum,

332 3118 467 3185 perpetua
485 3113 557 3166 fiunt
576 3110 610 3164 ad
629 3107 852 3178 excipiendum»
873 3139 1282 3157 ··········
1319 3114 1337 3157 »
1355 3098 1410 3153 313

230 3222 291 3276 284.
312 3220 416 3276 Rerum
434 3217 479 3274 vel
498 3217 639 3272 actionum
655 3212 846 3285 praescriptio,
858 3214 909 3265 aut
920 3209 1116 3264 instantiarum
1130 3206 1285 3277 peremptio

336 3325 486 3396 opponitur
505 3323 533 3377 in
552 3320 661 3376 iudiciis
681 3319 731 3373 sub
750 3320 839 3372 torma
858 3313 1029 3390 exceptionis
1052 3349 1283 3365 ......
1320 3324 1338 3369 »
1356 3308 1409 3364 311

609 3557 626 3618 5
649 3552 670 3604 l.
692 3551 733 3606 De
750 3549 1027 3622 praescriptionibus.

227 3759 290 3813 285.
311 3753 498 3824 Praescriptio
516 3747 675 3805 introducta
693 3750 736 3801 est
754 3745 782 3799 in
801 3745 903 3798 bouum
924 3741 1066 3811 publicum
1097 3775 1282 3792 .....
1321 3749 1338 3793 »
1356 3732 1411 3786 315

205 3833 208 3842 i
228 3865 291 3920 286.
312 3861 444 3920 Definitio
463 3855 688 3929 praescriptionis
695 3881 1284 3907 ..............
1321 3839 1411 3899 »317

230 3975 294 4029 287.
316 3967 519 4052 Praescriptio,
544 3968 575 4019 ut
600 3963 730 4020 ellectum
757 3961 905 4031 producat,
930 3957 1055 4029 pluribus
1083 3955 1287 4011 conditionibus

335 4075 444 4144 indiget
473 4099 1239 4127 ..................
1271 4060 1282 4112 “.
1320 4075 1338 4116 n
1371 4060 1410 4112 ibi

224 4183 291 4238 288.
311 4183 517 4236 Enumerantur
536 4175 708 4231 conditiones
726 4171 878 4242 requisitae
921 4201 1285 4223 .........
1322 4159 1412 4217 »320

230 4291 292 4346 289.
314 4289 368 4344 Res
387 4291 454 4357 apta
476 4310 1282 4339 ...................
1321 4282 1339 4323 »
1372 4268 1411 4321 ibi

229 4398 291 4453 290.
311 4397 389 4451 Bona
406 4394 474 4450 fides
517 4416 1282 4444 ..................
1320 4390 1337 4431 »
1355 4373 1405 4428 321
