3350 5117
496 352 539 399 un
571 350 710 399 mnrcns
739 350 1005 397 nccnnsusrrcrs
1276 329 1338 395 159

155 476 344 569 conditione
371 476 423 541 vel
455 478 488 540 in
519 481 719 562 perpetuum,
744 474 786 539 ct.
811 476 832 539 t.
858 475 879 539 t.
903 471 938 547 3,
962 472 996 549 4,
1018 475 1055 557 ff.
1078 473 1129 539 De
1147 477 1336 555 procurat,

156 605 191 665 et
214 602 270 665 uni
294 605 351 666 aut
378 600 523 687 pluribus
543 599 637 665 simul
661 596 936 684 procuratoribus.

250 722 386 811 Qssdo
407 722 527 822 plures
558 724 810 799 constituuntur,
840 722 944 808 popul
975 726 1007 787 et
1035 719 1242 803 simpliciter,
1273 736 1338 782 non

157 848 286 915 adiecta
303 849 448 915 clausula
470 852 508 915 ia
530 848 687 921 solidum.
699 852 779 939 tppc
801 866 885 945 unps
907 848 978 937 siue
1001 845 1063 911 alio
1079 843 1259 933 procedere
1274 860 1339 933 nou

157 980 279 1059 potest;
305 994 350 1040 em
372 993 447 1057 cap.
471 974 495 1039 6
518 974 549 1039 b.
574 979 595 1039 t.
620 975 657 1038 iu
680 973 704 1038 6
727 972 764 1059 (l,
791 974 856 1059 19).
880 973 944 1037 Vel
967 973 1078 1064 plures
1108 972 1203 1036 simul
1225 970 1264 1037 ia
1285 989 1339 1036 so·

159 1068 272 1191 lidum
288 1102 537 1199 constituuntur,
555 1105 683 1189 ottone
697 1099 789 1165 iltius
803 1099 925 1165 metior
948 1104 996 1165 est
1019 1098 1176 1170 conditio,
1192 1096 1253 1183 qui
1270 1115 1339 1179 per

158 1227 229 1291 litis
244 1192 518 1293 eordesldtioaem
533 1225 707 1325 ’leffium
721 1224 890 1309 primitus
914 1223 1110 1310 occupari&
1126 1224 1172 1287 uti
1192 1221 1341 1288 decernit

158 1352 215 1417 cit.
240 1372 316 1436 cap.
334 1352 356 1416 6
379 1351 415 1417 iu
431 1352 464 1416 6.
479 1384 523 1399 -
540 1353 675 1435 iuquam
697 1350 800 1415 simul
816 1351 1056 1415 constituuntur
1072 1351 1108 1414 iu
1124 1349 1272 1416 solidum
1287 1350 1340 1414 vel

160 1477 373 1559 simpliciter,
389 1476 506 1560 quiesi
522 1474 651 1540 diverso
666 1479 813 1560 tempore
831 1474 1037 1559 deputentur,
1050 1474 1129 1540 dato
1146 1475 1339 1557 posteriori,

155 1600 292 1684 prioris
322 1606 407 1667 esset
423 1600 624 1683 procuratio
651 1604 820 1673 revocata,
845 1600 890 1665 ait
913 1618 987 1682 cop.
1011 1598 1053 1663 14
1074 1597 1126 1663 De
1143 1617 1285 1681 procur.
1309 1596 1345 1661 X

159 1726 201 1811 (Ι,
219 1727 287 1814 38).
302 1763 346 1778 -
363 1728 551 1808 Praeterea,
568 1725 769 1811 ‹pbjavorem
785 1746 956 1819 causarum
972 1725 1185 1813 spiritualium
1209 1725 1241 1787 in
1265 1742 1340 1807 cop.

160 1853 216 1919 eit.
242 1852 275 1927 6,
300 1852 352 1919 De
370 1872 466 1935 proc.
491 1852 529 1917 ia·
552 1852 584 1927 6,
612 1852 633 1933 ἓ
657 1852 692 1925 2,
718 1850 914 1931 decernitur,
939 1869 981 1914 ex
1010 1847 1155 1934 pluribus
1184 1866 1342 1934 procura-

159 1975 288 2039 toribus
319 1974 517 2057 sirapliciter
547 1972 740 2053 constitutis,
772 1971 892 2042 debere
922 1971 1059 2037 iudicem
1089 1990 1188 2035 unum
1219 1970 1343 2055 eligere

160 2100 267 2207 magis
283 2096 442 2177 idoneum,
467 2096 519 2197 qui
540 2096 627 2187 solus
641 2096 791 2182 prosequi
809 2096 843 2158 in
858 2096 987 2183 negotio
1002 2095 1114 2182 possit;
1131 2093 1194 2158 alio
1210 2112 1275 2157 nou
1290 2091 1344 2158 ad·

161 2226 270 2295 misso,
296 2223 359 2289 nisi
382 2224 504 2307 primus
526 2222 669 2307 legitime
692 2241 712 2286 a
734 2220 852 2285 iudicio
874 2218 1097 2306 prosequendo
1124 2219 1327 2305 impediatur.

255 2350 487 2414 Procuratoris
501 2367 581 2413 vero
598 2353 656 2420 est,
673 2366 746 2413 cum
760 2346 884 2431 primis,
896 2363 988 2411 suum
1003 2346 1143 2431 probare
1158 2345 1343 2412 mandatum

160 2471 232 2535 sire
245 2488 306 2554 per
321 2468 530 2551 scripturam
542 2469 611 2533 sive
626 2486 686 2553 per
699 2471 794 2533 testes
809 2468 879 2531 sive
894 2486 953 2551 per
964 2468 1279 2549 praeumptionem
1285 2485 1300 2550 ;
1311 2469 1345 2529 et

161 2597 197 2659 in
213 2594 343 2661 casibus
358 2612 456 2678 supra
472 2594 625 2678 expositis
642 2592 737 2687 debet
753 2610 873 2657 cavere
888 2591 941 2656 rel
957 2592 999 2657 de
1014 2591 1162 2657 iudicato
1183 2590 1343 2657 solvendo

160 2724 217 2787 vel
248 2723 291 2789 de
318 2726 407 2788 rato.
432 2756 476 2771 —
501 2723 538 2785 ln
561 2720 713 2787 iudicium
745 2719 900 2785 admissus
931 2719 1019 2784 litem
1049 2717 1257 2783 introducere
1287 2738 1345 2783 seu

160 2845 344 2911 contestari
359 2843 463 2917 debet,
481 2848 513 2908 et
528 2844 584 2909 lite
600 2848 788 2914 contestata,
806 2840 842 2907 fit
857 2843 1017 2909 domiuus
1032 2842 1109 2921 litis,
1126 2843 1233 2927 prouti
1249 2840 1346 2905 edicit

163 2970 272 3037 Bonis.
286 2970 372 3036 VIII
386 2970 421 3034 in
433 2970 485 3035 cit.
499 2988 572 3053 cap.
586 2968 613 3041 1,
627 2970 649 3051 ἓ
663 2969 690 3044 1,
707 2968 757 3033 De
768 2988 864 3051 proc.
878 2970 915 3032 ia
931 2968 963 3031 6.
984 2967 1132 3042 -Quod
1152 2972 1346 3053 procurator

162 3093 226 3175 fiat
249 3092 411 3160 domimus
434 3090 510 3164 litis,
534 3088 695 3176 significat
718 3111 760 3156 ex
783 3092 855 3155 iure
878 3110 959 3154 rom.
976 3093 1222 3174 procuratorem
1243 3089 1289 3154 ita
1312 3088 1345 3152 in

162 3234 202 3279 se
225 3216 393 3299 suscipere
415 3213 514 3285 litem.
532 3219 566 3278 ut
586 3210 683 3278 iudex
706 3232 778 3279 curu
803 3214 871 3298 ipsu
894 3217 985 3277 ectus
1008 3232 1178 3297 processus
1194 3210 1345 3275 ordinare

165 3334 284 3401 debeat
307 3340 339 3401 et
363 3338 464 3421 ipsam
488 3337 680 3402 sententiam
701 3334 897 3421 regulariter
919 3335 953 3398 in
976 3340 1221 3418 procuratorem
1244 3333 1344 3416 ferre,

163 3456 327 3545 quesnois
358 3458 510 3525 emecutio
541 3458 617 3544 fieri
647 3457 762 3523 debeat
791 3458 824 3523 in
855 3455 947 3521 bonis
977 3456 1108 3522 domini.
1132 3456 1195 3523 Sed
1218 3458 1252 3520 in
1275 3458 1346 3522 iure

165 3586 340 3649 camisiae
359 3584 440 3648 iuris
463 3584 587 3647 romani
612 3582 802 3648 subtilitates
826 3582 1065 3666 disparuerunt,
1083 3580 1167 3646 unde
1189 3582 1347 3666 praescri·

165 3709 234 3793 ptio
258 3706 424 3772 referendi
456 3708 555 3793 ipsam
580 3708 687 3774 iudicii
710 3708 903 3774 sententiam
927 3708 960 3770 in
983 3710 1238 3791 procuratorem,
1257 3705 1347 3789 quasi

164 3830 233 3897 litis
257 3830 434 3915 domiuum,
451 3834 581 3897 omnino
604 3852 671 3897 non
693 3834 792 3919 viget.
817 3836 886 3899 lmo
909 3830 1054 3917 pluribus
1078 3833 1110 3894 in
1134 3831 1259 3896 casibus
1282 3852 1347 3897 non

165 3962 218 4024 eet
240 3956 404 4044 possibile,
417 3958 517 4024 veluti
540 3960 574 4022 in
597 3960 703 4024 causis
730 3956 1029 4038 matrimonialibus,
1053 3953 1293 4021 beneficialibus
1317 3960 1349 4021 et

164 4078 400 4167 spiritualibus.
431 4080 480 4146 Gi.
507 4078 728 4156 Reiffenstuel
758 4082 796 4147 ia
826 4082 874 4147 tit.
898 4080 949 4145 De
976 4099 1070 4163 proc.
1102 4099 1136 4143 a.
1160 4079 1222 4143 117
1244 4084 1277 4146 et
1307 4080 1346 4144 cl.

166 4205 214 4269 De
238 4204 375 4290 Angelis
399 4204 471 4272 eod.
496 4204 542 4271 at.
565 4226 600 4271 n.
626 4205 658 4270 7.

258 4332 383 4400 Deinde
396 4334 500 4399 Bonis.
514 4334 599 4399 Vlll
612 4332 649 4398 iu
664 4333 716 4399 cit.
734 4352 810 4417 cap.
822 4333 845 4416 ἓ
856 4334 876 4395 1
883 4332 1003 4417 ‚statuit
1017 4336 1262 4419 procuratorem
1279 4332 1351 4425 post

164 4458 256 4524 litem
274 4462 498 4530 contestatam,
511 4462 621 4545 utpote
641 4456 818 4525 mortuum
839 4457 915 4532 titis,
930 4476 1022 4545 posse
1042 4455 1139 4520 alium
1163 4458 1349 4540 procurato
1447 4454 1450 4460 '
