3350 5117
321 324 388 389 648
846 344 931 391 Palis
956 344 978 390 1.

322 468 405 533 Utile
429 474 477 532 est
507 469 540 532 iu
570 467 622 532 his
653 468 883 532 controversiis
904 466 1136 534 iuramentum
1164 469 1431 536 aestimatorinm
1459 465 1497 530 in

305 590 410 668 ‚litem
419 611 433 672 ;
456 609 530 677 erp.
551 592 701 673 capuit.
720 589 770 656 Dc
785 590 837 655 bis
859 609 949 675 qnae
962 593 997 656 ei
1011 599 1160 660 aretusae
1175 595 1210 658 X
1230 592 1268 677 (1,
1287 593 1343 679 40)
1367 613 1418 658 ex.
1432 611 1498 675 quo

319 718 441 782 taxatio
457 736 672 802 expensarum
688 737 708 781 a
728 723 820 801 parte
836 717 928 781 cuius
942 719 1078 783 interest
1093 719 1145 783 vel
1162 739 1182 782 a
1197 719 1303 784 iudice
1315 719 1410 790 facta
1423 737 1497 782 con-

319 837 468 905 lirrnatur
490 843 671 908 iuramento
686 843 797 927 partis,
813 861 895 926 quae
911 841 1069 908 indemnis
1088 839 1159 906 lieri
1176 842 1279 907 debet.
1297 843 1345 910 af.
1362 863 1396 906 n.
1414 838 1496 904 aar.

408 966 483 1031 673.
509 967 551 1031 Et
574 968 606 1030 in
631 967 690 1032 has
710 985 870 1051 expensas
886 967 1120 1032 condemnatur
1135 968 1248 1040 victus,
1262 967 1388 1052 quando
1404 964 1498 1031 adest

318 1091 456 1176 simplex
478 1093 643 1158 temeritas
666 1092 786 1176 absque
809 1093 894 1160 dole.
918 1094 951 1160 Si
974 1089 1078 1162 adfuit
1100 1094 1201 1168 dolus,
1222 1099 1301 1161 tunc
1322 1093 1499 1158 damnatur

319 1216 413 1278 etiam
437 1214 474 1280 in
493 1215 622 1281 domna
638 1235 694 1280 seu
711 1217 743 1279 in
761 1217 927 1290 interesse,
944 1217 1069 1281 scilicet
1085 1236 1148 1282 non
1164 1217 1267 1282 solum
1283 1217 1317 1280 iu
1333 1235 1495 1302 expensas

317 1339 452 1422 positive
475 1337 578 1404 lactas
601 1339 770 1404 occasione
793 1338 910 1411 iudicii,
935 1338 1110 1404 sedetiam
1134 1340 1167 1403 in
1190 1338 1307 1403 damna
1336 1337 1497 1403 indirecte

317 1464 551 1545 promanantia.
584 1463 652 1526 Duo
686 1469 761 1527 sunt
795 1483 889 1528 casus
922 1463 1064 1548 potiores
1097 1462 1138 1527 de
1172 1462 1285 1547 quibus
1318 1464 1367 1528 ius
1401 1463 1495 1546 posit

318 1599 472 1665 expresse
495 1581 650 1656 decernit,
676 1603 805 1669 nempe:

408 1703 439 1790 1)
463 1725 556 1770 casus
573 1709 794 1773 contumaciae
810 1729 853 1772 ex
869 1726 943 1791 cap.
960 1709 995 1790 5,
1012 1709 1062 1774 De
1080 1708 1157 1776 doio
1174 1714 1208 1775 et
1220 1708 1435 1774 contumacia
1451 1707 1494 1779 Χ,

317 1829 411 1894 etde
435 1831 497 1896 hoc
522 1833 582 1896 iarn
608 1837 746 1920 egimus3

405 1959 439 2044 2)
462 1979 557 2026 casus
575 1961 656 2042 plns
676 1961 856 2044 petitionis,
882 1963 926 2026 uti
949 1961 1184 2027 determinatur
1215 1961 1247 2026 in
1278 1961 1326 2026 tit.
1342 1959 1393 2025 De
1411 1961 1495 2042 pias

313 2084 540 2166 petitionibus,
567 2084 601 2147 X
620 2087 677 2170 (ll,
703 2086 768 2171 ll).

405 2208 480 2274 674.
505 2212 583 2275 lure
609 2229 740 2275 romanu
765 2212 797 2274 in
820 2211 892 2296 plus
914 2215 1060 2294 petentes
1083 2211 1253 2296 graviores
1277 2228 1401 2295 poenae
1424 2213 1493 2276 sta·

314 2336 403 2398 tutae
426 2338 535 2399 erant:
559 2334 581 2417 ἓ
605 2331 643 2399 Si
659 2334 736 2418 quis
751 2353 865 2420 opens.
884 2333 944 2400 33.
962 2336 1043 2400 Inst.
1062 2335 1143 2400 last.
1161 2335 1207 2400 tit.
1225 2334 1278 2400 De
1294 2333 1494 2401 actionibus.

314 2495 358 2508 -
383 2459 461 2533 Quis
484 2480 565 2525 vero
589 2460 661 2544 plus
685 2460 772 2544 petit,

403 2583 437 2670 a)
462 2603 575 2660 causa,
593 2587 620 2650 si
643 2605 702 2670 pro
726 2586 819 2650 rein
843 2586 1041 2671 genere'vel
1065 2588 1260 2652 alternative
1284 2585 1391 2652 debita
1413 2586 1494 2672 petit

313 2729 382 2772 rem
407 2708 661 2790 determinatam,
687 2731 738 2777 ex.
763 2732 812 2797 gr.
839 2714 864 2776 si
897 2733 982 2778 cum-
1002 2711 1179 2778 debeantur
1207 2713 1252 2780 50
1282 2716 1408 2778 scutata
1437 2712 1493 2776 vel

314 2853 424 2917 equus,
448 2837 519 2919 quis
542 2837 621 2920 petit
644 2835 855 2902 determinate
872 2857 1010 2922 ¹equum3

403 2955 434 3041 b)
457 2975 506 3031 re,
531 2959 584 3040 qui
608 2958 687 3042 petit
712 2958 775 3024 100
799 2978 870 3023 cum
895 2957 1073 3023 debeantur
1095 2959 1154 3034 50;

401 3078 431 3165 c)
455 3081 537 3156 loco,
562 3083 615 3165 qui
639 3083 718 3166 petit
741 3081 931 3146 solutionem
955 3083 988 3147 iu
1011 3081 1083 3147 loco
1111 3082 1260 3146 solutioni
1291 3100 1357 3145 non
1380 3080 1491 3146 deter-

312 3203 449 3278 minato;

401 3325 436 3410 d)
461 3327 588 3391 tandem
604 3327 676 3410 plus
692 3328 772 3410 petit
791 3333 940 3410 tempore
963 3334 1077 3412 petens
1099 3337 1243 3413 tempore
1259 3328 1408 3393 solutioni
1424 3348 1492 3392 non

182 3477 185 3482 ·
311 3453 439 3514 statuto.
457 3484 500 3496 —
517 3449 693 3533 Gregorius
709 3449 759 3514 lX
775 3450 807 3512 in
824 3449 887 3514 lroc
902 3451 995 3514 titulo
1011 3470 1131 3534 poenas
1154 3427 1310 3515 emollivit
1332 3451 1412 3514 iuris
1436 3471 1493 3514 ro-

311 3573 398 3637 mani
421 3577 573 3644 statuens,
591 3573 662 3656 plus
685 3578 848 3658 petentem
871 3575 1000 3640 solvere
1024 3575 1143 3640 debere
1165 3575 1354 3641 adversario
1378 3575 1490 3641 iudicii
1520 3643 1524 3648 ,

311 3715 470 3782 expensas
493 3703 526 3762 et
548 3699 706 3762 interesse
731 3701 762 3762 in
787 3718 919 3784 genere,
937 3719 993 3764 seu
1018 3701 1128 3784 quanti
1148 3701 1306 3767 intererat
1323 3702 1354 3763 in
1371 3699 1490 3765 iudicio

311 3825 382 3908 plus
405 3827 538 3909 petitum
561 3845 626 3889 non
650 3825 759 3890 fuisse.
778 3828 815 3890 ln
839 3826 949 3909 specie
964 3847 1044 3891 vero
1059 3827 1130 3913 plus
1150 3833 1311 3913 petentem
1327 3833 1488 3910 tempore,

311 3948 457 4013 decernit
472 3945 634 4020 Pontifex,
660 3955 791 4033 praeter
815 3970 982 4035 expensas,
1005 3952 1126 4017 habere
1150 3951 1327 4037 duplicatas
1336 3953 1490 4043 ⁴inducias

310 4074 485 4139 solutionis.
514 4109 554 4122 -
571 4074 651 4138 Dein
675 4075 770 4138 etiam
796 4074 991 4139 consuetudo
1016 4075 1074 4140 lias
1089 4077 1362 4161 praescriptiones
1385 4078 1488 4162 magis

310 4200 477 4284 mitigavit,
494 4199 647 4282 siquidem
664 4217 749 4263 nunc
766 4200 836 4264 iure
853 4201 1014 4265 communi
1038 4205 1072 4268 et
1094 4221 1137 4266 ex
1159 4203 1266 4286 praxi.
1286 4203 1359 4286 plus
1374 4209 1490 4288 petens

309 4323 397 4402 iloto,
414 4322 528 4386 victori
546 4320 780 4386 condemnatur
802 4323 835 4387 in
860 4343 1019 4408 expensas
1043 4330 1075 4388 et
1099 4326 1268 4407 iuteresse,
1285 4325 1341 4392 sed
1362 4328 1388 4391 si
1403 4325 1489 4392 adsit

309 4446 377 4510 sola
392 4446 557 4510 temeritas
573 4446 626 4512 vel
641 4443 738 4518 nulla,
753 4445 967 4512 observantur
982 4448 1117 4534 regulae
1130 4447 1313 4513 ordinariae
1325 4469 1385 4534 pro
1397 4449 1484 4514 refe·
