3350 5117
506 417 549 463 ne
574 416 713 463 marcus
737 416 1003 490 nccrnsrasrmrs
1279 397 1345 462 613

165 542 226 605 hoc
244 538 455 606 confirmatur
471 559 545 623 cup.
564 540 596 612 7,
614 539 644 603 b.
663 544 683 603 l.
701 539 784 623 quod
801 546 905 623 copul
919 539 993 604 dum
1009 541 1059 604 ius
1078 539 1260 625 appellandi
1276 545 1344 605 tum

165 666 251 730 victo
273 669 341 730 tum
359 654 474 730 victori
498 662 654 744 attribuit,
679 661 873 727 determinat
896 663 1146 748 quidagendum
1162 665 1251 730 sitin
1268 684 1345 729 casu

165 807 230 873 quo
243 808 326 854 unus
343 774 439 853 antea
463 787 604 873 appellet
619 786 659 851 ad
682 786 819 851 iudicem
844 786 1026 853 immediate
1046 789 1246 872 superiorem
1271 793 1347 874 puta

166 915 464 1001 Archiepiseopum,
483 920 515 978 et
539 912 619 976 alius
643 911 682 975 ad
702 912 831 995 Papam.
850 912 956 977 Edicit
975 914 1059 976 enim
1076 912 1188 978 valere
1204 915 1346 999 appella-

166 1040 285 1103 tionem
306 1039 368 1101 iam
386 1040 565 1121 promotam
581 1038 613 1099 et
628 1040 702 1099 acta
718 1034 792 1098 inde
808 1040 952 1118 sequuta,
969 1036 995 1099 si
1011 1035 1109 1101 iudex
1125 1035 1261 1101 inferior
1276 1058 1348 1122 pro·

166 1162 263 1227 cessit
285 1160 441 1247 ignoraus
463 1160 597 1223 alterius
621 1158 660 1223 ad
686 1160 806 1244 Papam
831 1158 1088 1244 appellationem.

258 1285 291 1367 4)
316 1288 384 1349 Imo
408 1284 579 1369 aliquando
604 1283 695 1349 adest
719 1284 870 1370 obligatio
893 1274 1076 1369 appellandi
1100 1303 1120 1348 a
1146 1286 1217 1350 iure
1239 1285 1347 1386 impos

166 1413 229 1476 sita
253 1410 292 1474 oh
324 1412 518 1496 gravitatem
549 1429 737 1484 causarum;
769 1410 815 1475 uti
839 1408 1007 1491 Defensor
1037 1410 1157 1475 vinculi
1187 1412 1349 1478 matrimo-

168 1535 263 1601 nialis
286 1541 320 1602 et
342 1536 551 1621 professionis
574 1536 746 1622 religiosae
778 1534 873 1636 debet
904 1537 1003 1600 certis
1029 1536 1062 1601 in
1094 1536 1220 1602 casibus
1242 1537 1348 1622 appel·

167 1657 320 1722 lationem
345 1657 565 1741 interponere.
583 1658 706 1727 Tamen
730 1662 806 1721 sunt
824 1676 918 1721 casas
935 1658 1143 1742 exceptionis,
1161 1657 1233 1740 quia
1248 1677 1348 1726 nemo

165 1801 230 1849 sec
252 1800 356 1867 apere
379 1800 441 1847 aee
464 1782 642 1863 appellare
665 1780 791 1846 lucitus
814 1780 851 1844 in
875 1779 1027 1845 civilibus
1050 1781 1191 1866 copitar.

254 1905 333 1997 eal.
360 1905 539 1970 Praeterea
562 1905 720 1991 appellari
752 1878 856 1989 potest
886 1904 1033 1969 omnihus
1061 1905 1095 1968 in
1125 1908 1231 1971 causis
1254 1907 1349 1972 etiarn

167 2032 308 2095 minimis
330 2035 362 2094 et
385 2030 571 2111 levioribus,
589 2032 649 2095 nisi
667 2051 823 2116 expresse
839 2029 1050 2115 prohibeatur
1065 2050 1086 2095 a
1100 2032 1181 2096 iure.
1198 2033 1350 2099 Decrevit

166 2155 253 2217 enim
277 2154 448 2218 Alex.¹lll
475 2157 508 2219 in
532 2174 606 2237 cup.
632 2155 677 2236 11,
704 2155 733 2219 b.
761 2160 781 2219 l.
811 2156 855 2219 X:
881 2176 900 2215 «
923 2154 970 2219 De
997 2154 1263 2239 appellationibus
1290 2176 1350 2243 pro

165 2278 276 2342 causis
300 2278 440 2342 minimis
464 2280 673 2364 interpositis
698 2278 848 2344 volumus
878 2284 910 2343 te
940 2284 1064 2362 tenere,
1089 2281 1170 2363 quod
1201 2282 1247 2345 eis
1278 2279 1350 2366 (pro

65 2418 67 2423 '
166 2424 371 2489 quacumque
394 2405 457 2470 levi
483 2424 580 2469 causa
603 2402 693 2489 fiant)
711 2424 776 2469 uon
801 2384 907 2470 minus
932 2410 981 2469 est
1003 2424 1098 2489 quam
1122 2408 1148 2470 si
1171 2426 1231 2492 pro
1254 2409 1351 2473 maio

167 2529 259 2595 ribus
282 2528 409 2601 fierent,
432 2528 642 2594 deserendum
661 2550 690 2592 a.
708 2530 882 2594 Dumtaxat
896 2530 1068 2616 appellatio
1085 2550 1150 2595 non
1164 2531 1349 2615 attenditur,

166 2656 196 2718 si
219 2654 347 2737 friuola
379 2657 420 2718 sit
452 2660 485 2719 et
514 2654 749 2736 frustratoria,
774 2674 832 2719 seu
864 2654 943 2719 nulli
975 2656 1016 2719 sit
1047 2658 1162 2720 rationi
1193 2655 1351 2742 probabili

168 2779 291 2843 innixa.
318 2776 372 2863 (l).

261 2900 336 2965 632.
363 2900 563 2965 Prohibetur
585 2920 667 2965 vero
699 2902 881 2987 appellatio,
910 2901 1081 2987 aliqnando
1113 2904 1238 2971 ratione
1263 2924 1349 2988 per-

167 3147 281 3210 mnatis,
300 3147 325 3199 si
341 3164 415 3200 ullus
434 3149 512 3201 solus
531 3151 568 3201 acl
586 3150 785 3218 appellationis
806 3148 969 3219 beneficium
988 3152 1187 3217 convolaverit,
1206 3153 1287 3206 illius
1308 3154 1351 3205 ei-

165 3256 258 3308 cloria
273 3252 336 3307 iure
350 3254 497 3318 communi,
513 3254 611 3307 ceteris
622 3257 807 3325 suffragatur,
820 3254 842 3307 si
857 3256 994 3307 communi
1011 3255 1069 3309 iure
1083 3254 1213 3308 inventur
1224 3255 1352 3325 idemque

168 3358 314 3428 negotium
334 3363 363 3413 et
382 3358 477 3413 eadem
497 3376 581 3413 caiisa
600 3360 767 3414 defensionis
787 3361 929 3415 existat».
949 3361 988 3416 De
1008 3379 1073 3415 casu
1092 3378 1148 3432 quo
1169 3379 1204 3416 ex
1226 3361 1352 3431 pluribus

168 3466 231 3520 litis
254 3465 429 3519 consortibus
456 3483 525 3518 sinus
552 3470 659 3519 lantum
687 3467 727 3529 ad¹
746 3468 946 3536 appellationis
969 3468 1100 3522 iudicium
1126 3474 1299 3537 provocetur,
1312 3470 1354 3523 ita

163 3570 283 3625 disserit
303 3570 374 3625 Voel
393 3570 450 3640 (Ad
470 3572 625 3626 l'undectns
646 3574 692 3626 lib.
715 3574 817 3627 XLIX
835 3584 889 3627 art.
911 3574 924 3625 1
943 3592 968 3626 a
989 3574 1037 3641 18)
1060 3574 1261 3642 interpretatus
1285 3592 1354 3628 uon·

166 3676 248 3730 nulla
270 3676 382 3744 Ulpiani
403 3666 567 3746 fragmenta,
588 3679 666 3732 aiens
685 3678 743 3731 «Si
763 3678 854 3731 vietus
879 3696 896 3731 a
921 3678 1046 3747 pluribus
1072 3678 1192 3733 eiusdem
1212 3679 1271 3734 litis
1289 3696 1354 3734 con·

163 3785 292 3839 sortibus
309 3766 528 3854 appellationem
543 3785 674 3839 adversus
687 3802 772 3839 uniun
786 3800 882 3839 eorum
897 3786 1102 3854 interposuerit,
1115 3784 1246 3840 adversus
1258 3802 1354 3842 omnes

162 3910 280 3964 quoque
301 3910 464 3962 provocasse
484 3893 659 3963 intelligitur,
680 3893 703 3945 si
725 3892 805 3945 modo
830 3909 888 3945 urm
911 3893 1035 3947 omnium
1057 3893 1194 3946 victorum
1213 3909 1296 3946 carisa
1321 3911 1354 3948 ac

161 4000 294 4055 defensio
313 4006 484 4071 appareat».
506 4002 543 4053 At
562 4000 591 4052 in
611 3997 753 4053 hodiernis
771 3999 913 4052 codicibus
931 3976 1086 4052 huiusmodi
1107 3999 1222 4053 effeetus
1234 3999 1355 4069 appella·

164 4107 257 4163 tionis
274 4109 363 4163 realis
382 4107 473 4179 quoad
492 4122 589 4160 omnes
607 4105 666 4159 litis
685 4108 827 4159 consortes
843 4121 896 4159 non
910 4104 991 4174 plene
1008 4106 1226 4174 recognoscitur,
1238 4106 1285 4160 sed
1304 4123 1354 4176 pe·

164 4218 228 4271 tius
255 4216 386 4270 inductus
413 4217 466 4268 suit
494 4214 610 4269 effectus
637 4212 806 4283 personalis.
836 4212 876 4265 Cf.
903 4212 1064 4280 Mattirol0,
1090 4214 1139 4283 Op.
1163 4218 1206 4267 cit.
1230 4214 1288 4268 Vol.
1312 4215 1359 4267 lv

163 4342 196 4377 n.
218 4322 283 4375 344
302 4338 357 4391 seq.

262 4431 300 4498 (l)
321 4431 359 4484 Cl.
387 4430 458 4499 apud
480 4432 547 4483 Actu
575 4431 600 4481 S.
622 4428 717 4505 Sedis.
745 4428 798 4480 eol.
820 4426 870 4490 IV,
895 4446 920 4498 p.
941 4428 1019 4494 389,
1038 4428 1205 4483 decisionem
1229 4430 1255 4483 S.
1276 4430 1304 4486 C.
1324 4433 1354 4486 C.

162 4534 346 4590 231anuarii
370 4534 445 4588 1809.
918 4512 924 4518 ¹
