3350 5117
344 313 410 377 354
869 329 952 376 nans
977 329 998 374 1.

343 453 383 518 de
406 455 517 520 valore
541 455 722 528 iuramenti,
747 454 892 538 quaestio
916 460 965 520 est
983 454 1154 537 privative
1177 452 1361 538 spiritualis.
1385 456 1418 516 et
1450 449 1526 536 pla-

344 597 421 642 num
446 581 503 644 est.

432 701 466 787 cl)
480 703 659 767 Praeterea
672 721 788 767 causae
805 721 917 768 omnes
932 700 1116 787 spirituales
1129 706 1161 766 et
1173 701 1300 771 eccles..
1314 697 1440 783 quando
1455 697 1524 782 agi·

341 829 453 890 tantur
475 824 533 889 snb
555 825 691 910 simplici
707 831 840 910 aspectu
863 825 1073 911 possessionis
1089 825 1137 888 rei
1161 822 1213 888 vel
1237 823 1327 907 quasi
1351 822 1523 908 possessio

341 952 392 1014 nis
414 951 502 1024 iuris,
519 951 595 1034 quia
609 952 767 1035 possessio
782 970 848 1016 non
863 950 902 1015 in
924 950 1001 1015 iare
1023 947 1080 1014 sed
1094 948 1133 1013 ia
1147 947 1239 1030 sacto
1264 947 1419 1021 consistit,
1437 944 1519 1010 finnt

341 1075 433 1140 mixti
457 1074 530 1150 fori,
546 1076 663 1159 quippe
678 1076 773 1139 etiam
789 1093 810 1138 a
826 1073 933 1139 iudice
948 1073 1032 1138 laico
1055 1070 1183 1136 definiri
1199 1076 1340 1156 possunt.
1365 1071 1413 1137 cf.
1432 1070 1516 1136 Reii·

341 1197 489 1271 fenstueL
515 1198 560 1264 tit.
587 1197 619 1271 2,
645 1197 699 1263 lib.
725 1197 772 1269 ΙΙ,
796 1217 831 1262 n.
859 1196 936 1262 158.

430 1323 459 1406 e)
485 1323 539 1386 lus
561 1341 640 1386 vero
658 1321 917 1423 praeventionis
940 1321 986 1384 ita
1007 1319 1233 1406 applicandum
1258 1324 1320 1392 est,
1341 1320 1387 1384 uti
1413 1338 1431 1381 c
1455 1317 1515 1384 ubi

339 1451 493 1529 coeptum
516 1453 566 1512 est
586 1448 688 1513 semet
711 1447 886 1519 iudicium,
917 1444 965 1512 ibi
995 1435 1027 1512 et
1059 1447 1162 1532 finem
1190 1444 1345 1528 accipere
1378 1442 1517 1526 debeat3

340 1593 409 1658 arg.
434 1573 456 1637 l.
480 1575 501 1638 t.
526 1573 558 1646 7,
584 1572 642 1654 30,
667 1571 783 1656 3417?
810 1573 860 1639 De
885 1573 957 1639 iad.

429 1699 519 1762 Haec
542 1697 628 1763 dicta
643 1687 717 1762 su'nt
732 1703 766 1762 ut
781 1697 991 1763 declarentur
1002 1699 1236 1783 competentiae
1251 1698 1368 1764 limites
1382 1697 1518 1764 ratione

338 1821 463 1896 obiecti,
488 1822 571 1908 quod
596 1789 740 1890 eamdem
771 1823 926 1890 obsolute
953 1827 985 1888 et
1006 1823 1197 1890 necessario
1228 1822 1433 1904 determinat,
1457 1837 1517 1888 sen

337 1951 403 2011 tam
431 1945 533 2020 firme,
553 1953 588 2013 ut
617 1947 815 2034 litigantibus
840 1953 872 2012 et
903 1947 1059 2014 iudicibus
1088 1949 1165 2033 ipsis
1189 1945 1367 2012 huiusmodi
1397 1947 1518 2012 limites

337 2072 521 2159 transgredi
545 2095 609 2138 non
632 2077 682 2138 fas
706 2075 756 2138 sit.

425 2198 501 2263 325.
518 2200 597 2263 Item
613 2201 826 2283 competentia
844 2199 981 2265 ratione
995 2198 1128 2284 predas
1147 2197 1351 2263 hierarchici
1366 2196 1515 2262 determi-

338 2326 422 2396 nata,
447 2323 639 2388 necessario
662 2330 711 2388 est
735 2328 768 2387 et
791 2323 955 2389 absoluta.

426 2448 600 2532 Loquimur
615 2450 701 2513 enim
717 2447 756 2512 de
773 2447 966 2512 hierarchia
981 2445 1210 2512 iurisdictionis
1225 2445 1374 2512 ordinata
1390 2467 1450 2532 per
1465 2448 1513 2511 ius

337 2571 495 2656 publicum
521 2571 647 2644 eccles,
672 2570 757 2636 unde
781 2570 941 2637 iudicibus
967 2571 1144 2637 distributis
1173 2593 1233 2656 per
1258 2573 1368 2637 varios
1396 2571 1513 2657 gradus

336 2695 457 2761 ordinis
473 2695 587 2760 eccles.
606 2702 697 2760 certa
721 2694 877 2762 tribuitur
901 2695 1060 2760 iudicandi
1077 2701 1234 2780 potestas;
1259 2701 1292 2761 et
1307 2695 1382 2761 inde
1398 2696 1513 2762 consti-

335 2823 469 2884 tuuntur
491 2819 610 2905 gradus
633 2821 758 2905 primae
782 2821 954 2885 instantiae
977 2824 1010 2884 et
1031 2820 1264 2904 appellationis.

426 2940 505 3006 Nam
522 2942 554 3005 in
578 2943 683 3026 prima
706 2943 858 3008 instantia
880 2942 1024 3008 actiones
1039 2940 1266 3027 proponendae
1289 2947 1365 3008 sunt
1388 2949 1509 3008 tantum

335 3063 419 3149 apud
435 3065 570 3132 iudicem
587 3065 626 3131 ab
643 3069 711 3152 ipso
727 3068 798 3132 iure
814 3065 1029 3152 designatum,
1044 3086 1064 3130 a
1080 3086 1142 3151 quo
1158 3067 1185 3131 si
1200 3069 1374 3153 appellatio
1390 3065 1456 3143 flat
1472 3068 1509 3133 ad

335 3188 424 3252 illum
447 3189 617 3275 dirigenda
640 3197 698 3271 est,
716 3193 769 3275 qui
785 3190 873 3256 solus
896 3190 1008 3256 videre
1031 3196 1137 3276 potest
1156 3190 1196 3257 de
1223 3212 1320 3258 causa
1342 3193 1508 3279 appellata,

335 3330 392 3378 scu
407 3315 460 3396 qui
476 3316 509 3378 in
533 3315 597 3380 tale
621 3317 784 3402 negotium
808 3318 1056 3402 competentiam
1073 3317 1181 3382 habet.
1199 3317 1326 3384 Gradus
1350 3320 1436 3382 enim
1447 3317 1508 3383 hie

334 3439 504 3505 rarchicus
515 3441 651 3527 gradum
664 3441 810 3528 designat
822 3444 1067 3526 competentiae,
1081 3443 1134 3525 qui
1147 3441 1226 3508 ordo
1239 3443 1300 3507 nisi
1312 3448 1464 3508 servetur
1476 3443 1507 3507 in

334 3565 512 3638 iudicando,
536 3572 627 3631 actus
651 3565 807 3631 nullitatis
831 3568 909 3630 vitio
933 3564 1126 3640 afficiuntur,
1140 3568 1285 3651 quamvis
1308 3573 1419 3652 partes
1442 3567 1505 3632 liti-

333 3691 448 3770 gantes
471 3691 503 3751 et
523 3686 622 3752 iudex
646 3688 731 3754 ultro
754 3689 905 3771 citroque
920 3690 1133 3752 convenerint
1156 3687 1208 3752 vel
1229 3692 1462 3768 consenserint,
1475 3695 1507 3753 ut

333 3809 647 3893 praetermitteretur
670 3809 788 3894 gradus
812 3810 998 3875 ordinarius
1023 3812 1147 3896 primae
1177 3811 1350 3876 instantiae
1385 3813 1436 3876 vel
1458 3831 1505 3896 ap

333 3933 525 4019 pellationis.

422 4057 497 4123 326.
514 4060 647 4123 Demum
663 4057 770 4125 habito
786 4061 979 4144 praesertim
1003 4065 1155 4145 respectu
1180 4059 1258 4127 hohi
1273 4062 1413 4144 privati,
1426 4081 1505 4128 com·

332 4183 475 4267 petentia
490 4180 703 4246 determinata
719 4181 779 4246 fuit
798 4182 937 4248 ratione
951 4181 1122 4263 territorii,
1136 4204 1194 4250 seu
1205 4183 1341 4270 singulis
1354 4185 1501 4250 iudicibus

333 4305 474 4370 eiusdem
496 4305 615 4390 gradus
638 4305 837 4370 hierarchici
854 4313 977 4371 certum
993 4309 1189 4398 assignatum
1213 4309 1274 4376 fuit
1297 4311 1501 4389 territorium,

332 4433 365 4496 in
390 4452 451 4516 quo
474 4437 596 4498 tantum
614 4434 661 4497 ius
676 4431 822 4499 dicerent
846 4438 879 4498 et
901 4434 1074 4502 interillos
1097 4434 1244 4501 dicerent
1271 4437 1305 4500 in
1328 4436 1391 4502 hoc
1416 4436 1502 4503 terri·
