3350 5117
536 321 580 367 nn
604 318 743 367 runicus
769 318 1037 367 nccnnsrasricis
1233 296 1238 304 “
1306 299 1371 365 633

692 585 805 653 Osrur
829 586 872 650 ΙΙ.

224 778 270 832 DE
290 778 466 840 QUERELA
487 777 707 835 NULLl'l'A'l'lS
729 776 958 832 SENTENl'lAE
978 776 1147 837 ALllSQUE
1171 776 1343 833 REMEDIIS

296 903 346 958 Al)
364 884 600 959 SENTENTIAM
621 902 903 959 lnrruuNnNnaM
927 901 1273 959 EXTRAORDINARIIS.

193 1114 413 1172 summarium.
430 1144 468 1159 -
484 1117 547 1171 652
568 1117 691 1176 Querela
708 1117 850 1170 nullituu's
874 1125 915 1169 cst
937 1118 1096 1171 remedium
1114 1114 1373 1179 extraordinarium,

285 1224 352 1294 qnia
370 1223 503 1293 supponit
526 1208 694 1278 sententiam
721 1222 828 1277 nullam
853 1239 921 1278 esse.
947 1222 1019 1277 Hinc
1037 1228 1135 1292 suapte
1154 1228 1253 1277 natura
1274 1238 1373 1293 propo·

284 1334 377 1389 nenda
395 1332 467 1404 apud
491 1333 581 1403 ipsum
604 1333 723 1389 iudicem
744 1334 791 1404 qui
810 1334 980 1389 sententiam
998 1334 1072 1389 tulit.
1093 1363 1126 1377 -
1145 1332 1206 1389 653.
1226 1333 1374 1395 Quaeritur

285 1457 321 1494 an
339 1439 410 1495 haec
433 1439 549 1511 querela
573 1440 689 1509 proponi
715 1438 803 1509 possit
824 1439 897 1509 apud
919 1439 1038 1495 iudicem
1063 1441 1240 1509 superiorem.
1260 1440 1295 1493 Et
1314 1440 1373 1494 iure

285 1564 346 1601 cau.
366 1552 509 1617 receptum
528 1551 621 1603 estut
642 1545 801 1601 cumuletur
819 1564 883 1601 cum
901 1547 963 1617 ipso
982 1546 1103 1602 remedio
1122 1546 1325 1615 appellationis,
1345 1552 1374 1601 et

286 1651 328 1706 ita
341 1651 521 1721 pertrahatur
538 1651 573 1705 ad
591 1650 710 1706 iudicem
730 1650 912 1720 superiorem.
924 1679 961 1693 -
975 1651 1036 1705 654.
1051 1654 1095 1705 An
1108 1649 1223 1721 qraerela
1236 1651 1374 1705 nullitatis

285 1764 393 1815 moveri
412 1760 513 1815 debeat
530 1762 606 1813 iutra
624 1760 798 1815 decendium.
818 1787 852 1801 -
871 1758 932 1813 655.
950 1757 1090 1819 Quomodo
1107 1760 1268 1829 beneficium
1285 1756 1394 1815 uoooe'

285 1866 445 1922 audientiae
466 1867 576 1921 differat
594 1866 629 1919 ab
649 1864 847 1935 appellatione.
865 1893 902 1907 -
919 1865 980 1919 656.
1000 1866 1143 1919 Recursus
1161 1864 1311 1936 aliquando
1328 1882 1374 1919 as·

286 1972 405 2025 sumitur
424 1986 475 2039 pro
496 1971 558 2039 ipsa
582 1969 772 2039 appellatione
797 1968 1003 2024 extraiudiciali
1022 1986 1078 2023 non
1099 1968 1220 2023 habente
1245 1970 1374 2025 effectum

286 2076 490 2145 suspensivum.
511 2102 545 2116 -
563 2073 625 2127 657.
644 2074 788 2128 Recursus
814 2072 966 2127 assumitur
984 2090 1034 2143 pro
1052 2072 1113 2142 ipso
1137 2074 1259 2127 remedio
1278 2082 1375 2127 exuu-

286 2182 431 2236 crdiuario
450 2181 632 2235 restitutionis
651 2181 681 2232 in
698 2181 850 2252 iussurum.
868 2207 904 2221 -
922 2179 984 2233 658.
1004 2178 1119 2234 Domum
1134 2196 1267 2234 recursus
1286 2179 1375 2249 signi-

286 2286 354 2339 ficat
365 2285 606 2355 supplicationem,
619 2300 674 2357 qua
690 2283 840 2354 superioris
853 2284 945 2353 gratia
964 2283 1135 2353 imploratur.
1150 2313 1184 2325 —
1196 2284 1257 2339 659.
1272 2285 1375 2339 Huius·

286 2393 359 2447 modi
374 2392 496 2448 remedia
514 2392 735 2447 extraordinaria
754 2408 864 2462 semper
881 2390 1013 2447 differunt
1026 2393 1060 2446 ub
1074 2391 1262 2462 appellatione
1274 2393 1376 2462 quippe

286 2512 342 2551 uon
362 2494 467 2551 habent
491 2497 620 2552 effectum
640 2497 851 2567 suspemivum‚·
871 2500 901 2551 et
924 2512 959 2551 ne
977 2497 1169 2551 devolutiuum
1193 2496 1302 2567 quidem
1321 2497 1375 2551 ali·

286 2608 406 2677 quoties.

288 2804 364 2870 652.
389 2805 529 2870 Praeter
552 2804 777 2890 appellationis
809 2805 1007 2870 ordinarium
1039 2805 1216 2871 remedium
1239 2804 1279 2869 ad
1303 2824 1376 2870 sen-

195 2931 331 2995 tentiam
354 2928 620 3016 impugnandam,
645 2936 774 3014 praesto
797 2936 873 2995 sunt
901 2932 996 2995 etiem
1020 2929 1163 2995 remedia
1194 2929 1378 2995 extraordi-

197 3055 300 3127 naria,
317 3053 431 3139 quibus
454 3054 636 3120 sententiae
658 3061 858 3121 revocantur
873 3061 930 3121 aut
953 3056 1191 3121 rescinduntur.
1213 3056 1291 3123 Cum
1315 3058 1378 3144 pri·

196 3180 259 3246 mis
280 3178 483 3245 recensenda
504 3184 554 3247 est
572 3180 712 3265 querela
734 3180 901 3245 uullitutis
924 3199 987 3263 qua
1010 3182 1080 3264 quis
1103 3180 1276 3254 contendit,
1302 3202 1376 3247 sen-

196 3304 330 3369 tentiam
365 3304 524 3389 prolatam
559 3303 681 3369 nullam
704 3323 792 3386 esse,
817 3304 933 3390 quippe
956 3304 1034 3369 vitio
1058 3303 1258 3371 substantiali
1289 3305 1378 3371 labo-

199 3436 336 3497 rantem.
361 3431 471 3506 Quare
496 3430 537 3497 ab
560 3430 777 3517 appellatione
800 3428 909 3495 differt
931 3432 1071 3515 quercla
1093 3431 1266 3505 uullitulia

289 3552 321 3640 1)
345 3554 420 3638 quia
454 3552 536 3617 haec
569 3553 676 3617 locum
712 3550 815 3617 habet
845 3550 972 3635 quando
1003 3554 1163 3617 sententia
1188 3559 1239 3619 est
1261 3552 1380 3618 nullius

197 3677 333 3753 valoris,
358 3679 414 3745 illa
431 3676 561 3764 quando
585 3683 635 3744 est
649 3677 770 3751 valida,
788 3676 846 3743 sed
869 3678 932 3742 iuri
951 3678 1056 3742 minus
1079 3678 1263 3752 conformis,
1288 3678 1381 3762 siqui-

196 3804 271 3869 dem
286 3805 501 3891 appellatione
524 3804 654 3891 patitur‚
669 3809 703 3869 ut
725 3804 893 3869 sententia
914 3801 1096 3869 infirmetur
1116 3804 1166 3869 vel
1184 3804 1378 3890 corrigatur.

181 3921 184 3926 ’
287 3926 321 4011 2)
354 3924 476 3991 Deinde
508 3924 681 4011 appellatio
715 3926 912 4011 proponitur
945 3924 1029 4010 apud
1063 3924 1200 3991 indicem
1234 3927 1379 4011 superio-

198 4069 284 4125 rem,
312 4050 445 4135 querela
473 4070 492 4114 e
519 4055 633 4115 contra
659 4049 743 4135 apud
777 4049 886 4136 ipsum
921 4050 1067 4125 iudicem,
1100 4053 1154 4135 qui
1189 4052 1379 4117 sententiam

198 4177 333 4262 protulit
367 4182 403 4241 ut
438 4174 599 4248 declaret,
636 4174 781 4240 eamdem
819 4194 885 4241 non
923 4176 1044 4242 valere.
1081 4178 1153 4242 Hoc
1188 4176 1380 4262 pronunciat

198 4300 297 4367 iudex
328 4301 537 4376 ordinarius,
564 4302 639 4386 qnia
662 4301 809 4386 quamvis
834 4300 933 4367 iudex
956 4322 1015 4388 per
1038 4303 1216 4373 sententiae
1240 4322 1379 4388 pronun-

197 4424 370 4493 ciationem
401 4446 459 4492 suo
493 4425 598 4493 officio
635 4427 766 4493 functus
802 4427 863 4508 sit,
896 4446 957 4493 nec
996 4428 1094 4514 possit
1133 4428 1270 4514 amplius
1304 4446 1378 4494 rea-
