3350 5117
328 285 396 351 284
484 246 487 253 Ι
853 305 937 352 rans
963 305 985 350 1.

327 431 418 492 actus
441 429 727 512 praetermittatur,
751 426 904 493 iudicium
936 429 1059 494 nullum
1084 433 1142 494 est.
1167 429 1279 496 Veluti
1302 431 1329 495 si
1352 428 1507 494 iudicium

329 557 537 635 instauretur,
561 573 706 639 congrue
728 573 793 618 non
817 555 916 620 citata
939 553 1078 618 adversa
1100 559 1202 639 parte,
1227 555 1280 620 rel
1312 555 1415 620 eidem
1439 573 1506 618 non

330 679 414 745 iacta
436 678 532 764 plena
553 677 707 745 facultate
731 699 766 742 se
789 677 982 744 defendendi
1009 683 1066 744 aut
1088 677 1245 763 probandi
1275 697 1366 744 suam
1396 680 1506 744 inten-

326 805 457 874 tionem,
481 821 652 888 processus
674 802 832 868 iudicialis
856 803 1002 869 nullitate
1024 801 1151 867 laborat
1172 803 1358 874 intrinseca,
1383 822 1503 888 nempe

328 948 370 992 ex
393 928 461 1012 ipso
484 929 555 992 inre
571 926 721 991 naturali.
739 963 783 977 -
799 927 880 992 Nam
896 932 986 992 actus
1001 945 1172 1012 processus
1187 925 1377 1013 potestesse
1394 927 1505 992 nullus

327 1052 361 1114 in
383 1070 419 1114 se
441 1055 603 1134 spectatus
625 1049 666 1114 ob
689 1048 850 1114 defectum
880 1049 1070 1123 naturalem,
1095 1051 1208 1134 utputa
1238 1047 1328 1112 nulla
1359 1053 1408 1114 est
1437 1047 1506 1116 litis

326 1177 518 1241 contestatio
540 1175 581 1240 ab
603 1196 642 1241 eo
665 1175 761 1248 iacta,
787 1177 840 1259 qui
864 1195 941 1241 suae
971 1176 1088 1241 mentis
1111 1193 1241 1262 compos
1269 1195 1333 1239 non
1357 1181 1414 1241 est.
1441 1175 1507 1242 Sed

326 1319 391 1366 non
414 1301 514 1366 semel
537 1303 664 1368 omissio
687 1308 744 1369 aut
767 1301 958 1386 imperfecta
981 1302 1094 1386 positio
1117 1300 1253 1364 alicuius
1283 1305 1375 1364 actus
1402 1297 1507 1364 inlicit

327 1425 488 1508 integrum
510 1441 706 1508 processum,
735 1443 871 1507 eumque
894 1422 1016 1488 nullum
1039 1422 1128 1488 iacit.
1158 1421 1373 1498 Quamobrem
1400 1423 1506 1508 inspi-

325 1547 439 1613 cienda
462 1553 511 1613 est
533 1550 602 1634 ipsa
625 1568 794 1633 processus
810 1553 929 1614 natura
952 1553 984 1614 et
1007 1549 1142 1613 intentio
1158 1549 1312 1632 cuiusque
1332 1549 1507 1616 instantiae

325 1673 490 1746 iudicialis,
507 1680 543 1739 ut
566 1674 771 1756 decernatur,
787 1695 829 1739 an
850 1675 964 1758 aliquis
987 1679 1078 1739 actus
1098 1680 1190 1740 certa
1205 1673 1310 1739 forma
1326 1676 1506 1740 instructus

324 1798 509 1862 necessario
533 1798 719 1881 requiratur
742 1803 777 1863 ut
800 1817 971 1884 processus
994 1798 1102 1862 valeat
1126 1795 1182 1882 (1).

413 1924 446 2008 5)
470 1923 622 1989 Deiectus
645 1928 753 1990 autem
776 1925 932 1990 nullitatis
956 1927 1060 2010 potest
1075 1925 1183 1989 sanari
1200 1922 1256 1988 sed
1272 1923 1502 1990 diversimode.

263 2077 266 2080 ⁴
326 2048 404 2111 Nam
421 2047 552 2114 nullitas
565 2048 635 2112 sive
650 2047 862 2132 proveniata
884 2049 955 2113 iure
972 2051 1046 2128 nat,
1064 2047 1133 2112 sive
1152 2067 1172 2111 a
1188 2048 1258 2112 iure
1274 2047 1366 2131 posit.
1383 2044 1501 2110 decer-

325 2171 413 2235 nitur
428 2168 468 2234 ad
484 2170 740 2254 praecavendam
756 2170 930 2236 laesionem
946 2171 1083 2256 alterius
1096 2170 1204 2256 partis.
1231 2169 1322 2235 Unde
1339 2168 1394 2233 ille
1409 2167 1505 2233 cuius

323 2294 467 2366 interest,
484 2296 680 2359 renunciare
694 2300 799 2379 potest
814 2296 878 2359 iuri
893 2314 950 2359 suo
973 2299 1006 2362 et
1021 2293 1139 2359 exinde
1154 2293 1304 2378 supplere
1321 2291 1500 2357 delectum.

325 2420 366 2486 Ut
389 2439 475 2501 ecce,
499 2421 527 2485 si
549 2439 626 2506 pars
648 2439 713 2485 non
736 2421 844 2494 citata,
869 2419 954 2484 ultro
985 2423 1170 2504 compareat
1200 2419 1233 2482 in
1263 2416 1381 2481 iudicio
1405 2419 1438 2479 et
1460 2433 1499 2480 se

269 2625 272 2630 ,
322 2563 467 2628 congrue
488 2542 650 2622 defendat,
667 2543 798 2627 impedit
821 2543 999 2608 nullitatem
1023 2560 1202 2628 processus.
1221 2539 1346 2605 Verum
1368 2537 1499 2624 saepius

321 2672 411 2733 actus
432 2665 560 2731 iubetur
581 2676 637 2733 aut
660 2673 751 2732 certa
766 2667 872 2732 forma
887 2667 1120 2753 praescribitur
1135 2667 1169 2731 in
1188 2665 1307 2730 bonum
1323 2663 1502 2749 publicum,

321 2797 355 2855 et
372 2795 449 2856 tunc
465 2797 574 2876 partes
589 2811 654 2854 non
671 2791 780 2858 ralent
796 2811 1006 2877 compensare
1021 2796 1114 2856 actus
1129 2789 1282 2863 deiectus,
1300 2785 1356 2852 sed
1371 2789 1499 2851 tantum

322 2912 503 2998 Legislator
525 2912 587 2977 hac
602 2913 701 2998 pollet
715 2915 918 2988 auctoritate,
935 2915 1051 3000 quippe
1066 2913 1140 2977 boni
1157 2910 1275 3000 publici
1299 2910 1501 2975 moderator.

320 3041 479 3126 Exemplo
503 3041 544 3107 sit
566 3043 618 3106 cit.
635 3041 743 3107 Const.
766 3040 884 3106 Bened.
902 3039 995 3114 XIV,
1021 3059 1102 3124 quae
1125 3039 1158 3103 in
1182 3039 1248 3103 suis
1271 3034 1503 3123 praescriptio-

322 3164 414 3232 nibus
437 3165 477 3232 de
500 3170 605 3232 causis
621 3167 906 3232 matrimonialibus
923 3172 1046 3231 tantum
1069 3185 1090 3230 a
1114 3167 1205 3230 Rom.
1225 3162 1383 3230 Pontifloe
1406 3165 1502 3230 dero·

320 3292 391 3376 gari
415 3297 532 3376 potest.

408 3415 441 3502 6)
466 3415 592 3481 Exinde
615 3416 680 3480 alia
701 3414 770 3482 fluit
793 3417 924 3502 regula3
948 3418 1102 3482 nimirum
1129 3415 1396 3484 declarationem
1418 3421 1503 3484 nul·

320 3539 431 3614 litatis,
455 3559 537 3624 quae
553 3539 700 3604 ordinata
722 3542 764 3605 sit
786 3542 820 3604 in
843 3539 962 3605 bonum
977 3542 1148 3626 privatum,
1165 3560 1184 3604 a
1204 3538 1308 3604 iudice
1333 3559 1397 3604 non
1421 3561 1498 3626 pro·

319 3665 467 3728 nunciari
490 3665 551 3728 nisi
574 3665 620 3729 col
642 3664 841 3729 instantiam
865 3666 965 3750 partis
995 3666 1086 3731 cuius
1117 3665 1268 3740 interest;
1293 3664 1376 3730 haec
1405 3667 1495 3730 enirn

319 3788 379 3852 nisi
403 3789 508 3860 instet,
522 3792 673 3853 censetur
689 3789 751 3852 iuri
767 3807 824 3851 suo
841 3789 1058 3853 renunciasse.
1076 3788 1104 3853 N
1108 3788 1212 3854 uilitas
1228 3809 1307 3854 vero
1322 3795 1424 3872 actus,
1438 3791 1496 3875 qni

407 4089 445 4158 (l)
464 4089 495 4142 ln
514 4089 571 4142 cod.
585 4091 632 4143 cit.
645 4087 727 4157 Greg.
740 4088 781 4140 ita
794 4099 993 4141 enumerantur
1011 4086 1135 4142 defectus
1151 4087 1351 4142 substantiales
1365 4094 1417 4142 art
1432 4087 1497 4144 78&

319 4194 418 4248 ‹Sunt
441 4195 566 4250 deiectus
589 4193 801 4248 substantiales:
824 4193 850 4262 l)
869 4192 981 4246 omissio
1007 4192 1163 4260 citationis3
1183 4195 1356 4256 apparentia
1381 4195 1498 4249 iurisdi-

316 4301 416 4352 ctionis
433 4301 463 4353 in
481 4300 585 4365 iudice;
605 4299 633 4368 3)
646 4299 771 4354 carentia
784 4297 907 4351 mandati
922 4299 1106 4368 procuratorii
1121 4317 1146 4364 a,
1166 4301 1195 4353 et
1208 4298 1237 4352 in
1250 4314 1353 4368 genere
1366 4298 1497 4354 carentia

316 4406 461 4476 qualitatis
481 4423 613 4476 personae
632 4407 764 4460 iuridicne
784 4406 818 4460 ad
837 4405 965 4459 standum
986 4407 1014 4460 in
1036 4407 1145 4460 indicio.
