3350 5117
734 582 916 649 TITULUS
944 578 1109 649 UNlCUS.

477 775 520 823 DE
545 775 745 826 sanxerimus
768 777 927 833 sansone
952 779 1118 828 vacantis
1141 779 1365 835 RXEQUENDIS.

680 901 731 942 linc
746 899 855 944 referant.
870 901 906 944 tit.
921 901 958 953 27,
972 901 1008 954 29,
1028 901 1078 944 Lib.
1093 901 1161 944 xt-x.

334 1073 551 1132 summarium.
570 1107 604 1118 -
623 1077 684 1133 683.
704 1079 733 1132 ln
753 1079 805 1134 hoc
825 1079 910 1134 titulo
928 1081 1022 1150 agitur
1043 1080 1069 1150 1)
1088 1081 1122 1136 69
1140 1079 1329 1150 competentia
1346 1077 1516 1143 executoris3

420 1185 449 1256 2)
468 1189 497 1240 et
515 1185 548 1240 de
567 1185 649 1241 modo
668 1187 850 1242 executionis.
862 1188 973 1242 -684,
993 1189 1090 1250 Quoad
1102 1189 1318 1258 competentiam
1331 1189 1518 1258 distinguitur

419 1293 502 1349 iudex
521 1295 580 1349 sive
599 1293 756 1348 ordinarius
774 1294 833 1350 sive
852 1293 998 1364 delegatus
1011 1311 1029 1348 a
1040 1298 1128 1350 meato
1141 1299 1191 1350 aut
1209 1313 1287 1350 mero
1306 1299 1465 1350 executore.
1479 1323 1515 1336 -

419 1401 480 1456 685.
501 1401 571 1463 Quid
591 1403 677 1472 possit
696 1419 800 1468 mertis,
818 1402 885 1473 quid
903 1405 1008 1456 micatus
1026 1407 1167 1460 executor.
1179 1431 1216 1446 -
1233 1403 1296 1457 686.
1315 1401 1466 1463 Quaeritur
1478 1418 1515 1454 au

419 1505 501 1561 iudex
520 1506 717 1576 appellationis
735 1509 905 1562 senteutiam
924 1508 1096 1578 appellatam
1112 1509 1211 1580 exequi
1230 1508 1332 1563 valeat
1345 1537 1380 1549 -
1392 1507 1455 1561 687.
1469 1509 1515 1561 An

419 1612 607 1668 admittendae
626 1613 682 1666 sint
701 1615 879 1682 exceptiones
903 1619 953 1668 aut
978 1615 1182 1683 appellationes
1200 1619 1298 1670 contra
1318 1615 1514 1671 executionem

419 1722 631 1776 sententiarum.
651 1750 685 1762 -
704 1721 765 1776 688.
785 1721 949 1777 Huiusmodi
963 1723 1142 1793 quaestiones
1155 1727 1362 1792 pertractantur
1375 1737 1516 1793 processit

419 1829 581 1882 summario.
603 1855 637 1869 -
656 1827 717 1880 689.
737 1829 781 1882 An
801 1827 954 1898 appellatio
980 1829 1015 1882 ab
1040 1829 1204 1884 executione
1228 1827 1359 1882 admittat
1382 1828 1515 1881 effectum

419 1931 611 2002 suspensivum
621 1930 667 1986 vel
677 1933 776 1998 minus,
788 1932 890 2002 pendet
902 1949 919 1985 a
932 1931 1156 2002 generalioribus
1170 1932 1319 2004 principiis.
1330 1959 1365 1972 -
1377 1931 1440 1984 690.
1452 1930 1516 1983 Μο-

419 2039 469 2093 dus
488 2040 661 2094 executionis
679 2039 737 2094 sive
759 2021 936 2094 voluntariae
956 2042 1016 2095 sive
1029 2045 1143 2096 coactae
1155 2041 1228 2095 alius
1246 2043 1290 2094 est
1308 2040 1337 2093 in
1355 2039 1516 2092 actionibus

415 2143 706 2214 personalibus,alius
732 2145 761 2197 in
779 2143 917 2200 realibus.
937 2173 972 2186 -
991 2145 1053 2198 691.
1079 2143 1174 2200 Media
1198 2144 1369 2199 executionis
1393 2151 1512 2198 coactae.

418 2281 456 2296 -
473 2253 534 2306 6921
554 2252 696 2313 Quomodo
716 2271 780 2306 usus
799 2253 967 2307 muletarum
982 2259 1155 2323 opportunus
1168 2253 1213 2306 sit.
1225 2281 1262 2294 ·-
1274 2250 1335 2304 693.
1348 2250 1388 2306 De
1406 2249 1515 2302 duobus

419 2359 574 2430 privilegiis
606 2359 770 2414 clericorum
802 2359 892 2430 quoad
924 2361 1120 2415 executionem
1151 2359 1368 2422 sententiarum,
1398 2371 1513 2425 nempe:

421 2467 446 2538 1)
466 2467 499 2522 69
517 2467 669 2536 privilegio
690 2468 903 2539 competentiam
919 2467 948 2537 2)
962 2468 995 2522 69
1017 2467 1166 2537 privilegio
1186 2485 1220 2522 ex
1234 2468 1272 2520 rit.
1285 2467 1328 2522 De
1341 2467 1453 2520 clericis
1462 2483 1516 2535 pe·

417 2575 635 2642 remittentibus,
657 2573 686 2626 X
705 2573 749 2640 (ll,
768 2573 825 2642 29).

419 2789 493 2856 683.
520 2792 558 2855 ln
580 2789 643 2854 hoc
667 2755 759 2854 titulo
784 2790 976 2875 exponenda
992 2795 1043 2857 est
1066 2792 1149 2855 ratio
1172 2789 1367 2874 procedendi
1384 2789 1417 2853 in
1433 2807 1513 2852 exe·

330 2913 463 2998 quendis
486 2917 654 2980 sententiis
677 2915 880 2981 iudicialibus
902 2915 1041 3000 aliisque
1065 2915 1206 2982 decret-is
1220 2935 1241 2980 a
1256 2913 1359 2979 iudice
1381 2913 1455 2978 latis
1471 2911 1513 2977 ad

329 3043 451 3104 rectem
489 3039 678 3105 iudiciorum
718 3041 956 3106 ordinationem
992 3047 1025 3106 et
1060 3042 1296 3107 executionem.
1327 3074 1371 3086 -
1403 3038 1515 3113 Quare

328 3186 477 3252 agemus:

419 3292 450 3376 1)
475 3290 514 3356 69
538 3295 722 3358 executoris
745 3295 974 3379 competentia:

417 3415 450 3498 2)
474 3413 512 3479 69
537 3415 630 3480 modo
657 3415 867 3482 executionis.

417 3541 492 3605 684.
510 3540 621 3615 Quoad
639 3542 886 3627 competentiam
903 3542 1093 3605 executoris
1108 3538 1315 3624 distinguitur
1330 3537 1398 3621 ipse
1413 3537 1513 3601 iudex

329 3666 397 3729 sive
421 3663 619 3730 ordinarius
642 3663 710 3728 sive
734 3664 909 3750 delepatus
933 3663 986 3746 qui
1010 3683 1099 3728 suam
1123 3663 1297 3746 exequitur
1319 3659 1512 3725 sententiam

328 3807 349 3852 a
372 3806 466 3854 mmo
490 3793 544 3853 aut
569 3788 677 3853 minio
703 3793 890 3854 executore.
906 3786 954 3852 De
977 3788 1192 3873 competentia
1213 3785 1326 3850 iudicis
1340 3785 1514 3852 ordinarii

329 3919 397 3979 sive
419 3914 566 3999 delepati
591 3916 623 3977 in
650 3913 886 3979 onerationem
909 3931 987 3976 suae
1010 3913 1189 3977 sententiae
1211 3911 1352 3975 vidimus
1367 3929 1424 3976 suo
1440 3909 1514 3974 loco

327 4057 359 4101 n.
384 4037 438 4102 45.

416 4159 492 4226 685.
519 4158 550 4241 1)
571 4159 690 4224 illerde
715 4163 872 4225 executor
895 4159 949 4223 ille
974 4160 1090 4242 estqui
1107 4157 1307 4243 proceditad
1331 4157 1412 4222 certi
1433 4157 1516 4222 iuris

331 4285 553 4348 executionem
584 4282 705 4367 absque
735 4284 801 4348 ulla
832 4285 1016 4369 cognitione
1046 4287 1151 4350 meriti
1188 4283 1394 4368 quaestionis,
1418 4283 1513 4347 cuius

330 4408 522 4472 sententiam
554 4407 620 4492 ipse
654 4407 797 4492 suscepit
825 4408 1058 4493 exequendam.
1092 4408 1183 4474 Unde
1212 4426 1328 4474 meras
1356 4411 1514 4472 executor
