3350 5117
518 331 563 377 nn
587 330 726 380 romeus
750 331 1016 380 neeunsmsrrcrs
1288 315 1356 381 335

169 453 257 538 plius
280 460 356 520 sunt
368 441 580 536 facultatium
593 455 649 520 sed
674 454 741 541 lapi
764 454 898 521 subsunt
922 453 1135 540 obligationis.
1153 455 1226 521 Hoc
1248 460 1357 539 pateat

169 579 288 643 melius
312 577 479 664 exemplis.
504 579 583 654 Quis
606 599 666 665 per
692 579 756 646 100
779 598 882 644 annos
906 579 1097 664 etamplius
1120 581 1170 643 ire
1189 580 1358 644 consuevit

169 702 212 767 ad
242 703 379 770 alicuius
407 673 636 778 molendinum,
669 707 753 770 citra
783 725 913 770 omnem
939 706 1196 770 conventionem.
1228 704 1356 771 Exinde

168 847 252 893 sane
274 829 367 895 nnlla
389 829 587 916 obligatione
609 831 730 918 ligatur
752 830 793 896 ad
818 830 901 896 idem
925 831 958 896 in
981 835 1147 917 posterum
1170 829 1355 896 accedendi.

168 951 235 1017 Sed
250 953 286 1016 'si
302 971 469 1040 ponamus,
494 956 742 1019 conventionem
757 955 982 1021 intercessisse
998 960 1031 1019 et
1052 954 1140 1021 banc
1159 973 1219 1040 per
1241 954 1286 1020 30
1301 959 1357 1021 ant

169 1078 283 1162 plnres
307 1097 410 1144 annos
433 1098 498 1143 non
523 1078 702 1161 observari,
727 1079 874 1146 eamdem
901 1099 961 1166 per
984 1081 1274 1166 praescriptionem
1296 1099 1356 1144 ex·

169 1202 277 1288 tingui
302 1203 463 1268 usuvenit.

263 1325 430 1393 Nonnulla
454 1329 524 1394 iura
547 1348 626 1394 vero
651 1328 775 1394 civibus
797 1348 818 1392 a
840 1328 915 1414 lege
935 1327 1158 1394 conceduntur
1173 1348 1264 1413 qnae,
1281 1349 1355 1394 cum

169 1456 350 1516 coerceant
379 1451 516 1517 aliorum
533 1452 726 1524 libertatem,
752 1452 960 1517 continentur
975 1451 1169 1537 obligatione
1185 1472 1205 1516 a
1219 1451 1293 1537 lege
1308 1451 1354 1516 al-

168 1577 236 1640 teri
251 1577 411 1642 adversus
435 1577 571 1643 alterum
595 1578 754 1662 imposita;
780 1577 919 1643 ethaeo
942 1578 1178 1664 extinguuntur
1201 1580 1291 1662 qnasi
1315 1579 1355 1644 ob
1452 1620 1454 1624 -

169 1701 467 1776 renunciationem,
493 1703 602 1786 siper
628 1707 754 1767 certum
780 1707 908 1787 tempus
938 1722 1004 1767 non
1040 1707 1269 1769 exerceantur.
1303 1705 1354 1768 Ita

169 1825 236 1896 lex.
255 1827 356 1891 certis
380 1823 438 1890 snb
455 1825 698 1898 conditionibus,
716 1827 765 1891 ins
782 1825 836 1890 dat
852 1799 1044 1911 impediendi
1068 1827 1167 1890 alium
1182 1825 1222 1891 ab
1242 1824 1352 1891 aedili-

175 1950 292 2032 oando,
308 1969 360 2026 ne,
377 1951 475 2016 altius
488 1950 606 2016 tollens
629 1971 720 2016 suam
744 1951 883 2024 domum,
896 1950 1069 2016 luminibus
1089 1951 1187 2014 vicini
1211 1949 1282 2035 (sen
1309 1949 1362 2016 fe-

169 2075 305 2158 nestris)
331 2072 461 2140 officiat.
486 2073 577 2139 Tunc
597 2075 623 2138 si
645 2074 748 2140 altero
772 2073 1070 2160 superaedificante,
1087 2073 1172 2140 alter
1193 2078 1300 2139 taceat
1323 2079 1356 2139 et

167 2201 318 2282 quiescat
333 2203 406 2285 post
422 2205 548 2266 certum
563 2204 697 2284 tempus,
716 2199 764 2265 ius
781 2199 980 2266 reclamandi
993 2200 1249 2286 praescriptione
1264 2200 1354 2264 amit·

169 2324 219 2387 tit.
238 2323 311 2388 Hoc
334 2328 439 2407 pacto,
456 2304 658 2409 extinguitur
674 2325 723 2390 ius
746 2329 946 2410 patronatus,
970 2325 1020 2389 ins
1043 2324 1223 2391 decimandi
1237 2330 1270 2390 et
1289 2326 1355 2390 alia

169 2447 204 2513 id
228 2469 333 2534 genus
357 2449 430 2513 iura
453 2449 683 2516 ecclesiastica.

262 2568 339 2634 306.
364 2567 536 2649 Possessio
559 2570 714 2653 requisita
730 2569 855 2634 iuribus
879 2568 1105 2654 extinguendis
1128 2574 1178 2633 est
1194 2570 1354 2654 specialis,

168 2695 248 2775 qnia
270 2694 422 2777 negative
445 2697 598 2758 versatur
620 2695 710 2759 cirea
733 2692 893 2760 obiectum
909 2693 1172 2778 praescriptionis
1196 2698 1228 2757 et
1250 2695 1356 2778 potius

167 2816 319 2880 consistit
342 2817 376 2881 in
400 2837 460 2882 usu
482 2837 559 2882 suae
582 2817 742 2882 libertatis
765 2817 817 2881 vel
834 2835 913 2882 snae
928 2817 988 2890 rei,
1009 2834 1049 2879 ac
1071 2815 1181 2880 sinon
1203 2821 1288 2881 esset
1302 2815 1354 2880 ad·

170 2958 287 3004 versus
314 2939 413 3003 alium
435 2936 599 3026 20bstricta
627 2945 717 3004 certo
752 2940 832 3004 iuris
861 2939 1004 3004 vinculo.
1033 2937 1144 3014 Quare
1174 2936 1354 3003 huiusmodi

168 3065 331 3146 possessio
356 3065 401 3130 ita
416 3069 521 3150 potest
536 3063 599 3129 dici
623 3064 783 3130 contineri
797 3063 815 3126 't
828 3063 867 3128 in
883 3062 987 3130 labero
1011 3063 1173 3128 caeratio
1185 3062 1355 3145 propriae

169 3185 336 3252 tabertatis
358 3189 410 3254 vet
433 3206 516 3254 atde
537 3187 598 3270 rei,
623 3189 720 3254 natta
745 3187 861 3254 habito
883 3187 1017 3252 ratione
1046 3186 1135 3252 turis
1157 3189 1299 3254 attestor
1322 3209 1353 3252 ›.

169 3309 267 3390 Quae
290 3314 447 3396 possessio
479 3314 562 3378 iusta
590 3317 639 3377 est
661 3313 714 3377 vel
738 3313 857 3376 iniusta
887 3313 977 3375 iuxta
1008 3317 1183 3396 conceptus
1210 3314 1272 3376 iam
1300 3332 1355 3377 ex·

170 3437 304 3522 positos.

263 3579 338 3643 307.
365 3581 446 3645 Item
477 3579 566 3646 bono
600 3581 684 3666 fides
710 3581 887 3664 requiritur
909 3581 943 3644 in
967 3599 1063 3646 sensu
1086 3582 1149 3644 iam
1182 3579 1353 3665 explicato,

172 3704 219 3766 ita
251 3708 285 3768 ut
312 3705 469 3772 consistat
491 3707 523 3770 in
548 3707 755 3790 persuasione
786 3707 990 3791 possessoris,
1012 3705 1066 3788 qui
1089 3705 1199 3770 taliter
1228 3704 1353 3789 agendo

168 3831 262 3912 putat
283 3847 319 3894 se
343 3829 462 3892 nemini
486 3829 637 3894 iniuriam
661 3829 794 3894 inferre.
821 3831 982 3904 Quocirca
1005 3831 1031 3894 si
1056 3830 1208 3915 obligatio
1234 3829 1287 3893 vel
1304 3830 1354 3893 ius

170 3950 458 4034 praescribendum
470 3953 621 4062 importet
637 3971 688 4017 me
711 3952 829 4036 aliquid
843 3953 964 4025 facere,
981 3951 1070 4034 dare,
1094 3958 1272 4037 praestare,
1291 3973 1354 4038 ego

170 4072 200 4136 si
224 4073 379 4158 ignorans
395 4073 622 4160 obligationem
647 4095 711 4139 non
735 4075 904 4161 adimpleo,
928 4079 995 4139 toto
1017 4080 1164 4159 tempore
1187 4095 1206 4138 a
1228 4075 1354 4160 legibus

171 4189 313 4267 delinito,
332 4199 448 4260 contra
471 4195 616 4261 eamdem
640 4195 839 4282 praescribo.
867 4198 899 4262 Si
923 4215 1004 4260 vero
1027 4197 1094 4261 scio
1110 4217 1162 4262 me
1179 4197 1352 4283 obligatum

171 4337 253 4391 esse.
263 4339 382 4386 versor
394 4323 426 4386 in
439 4343 480 4388 m.
494 4323 527 4398 f.
538 4323 663 4407 quando
677 4323 830 4408 obligatio
844 4330 939 4409 urget
950 4343 1002 4388 me
1014 4323 1133 4406 aliquid
1146 4324 1256 4390 facere
1269 4325 1353 4408 quod

171 4457 233 4524 ego
261 4460 327 4506 non
350 4442 434 4508 facio
458 4443 511 4508 rel
527 4463 591 4509 non
608 4449 747 4530 praest0‚
765 4465 817 4511 ex.
836 4466 867 4530 g.
885 4445 1024 4511 reddere
1038 4467 1107 4512 rem
1132 4445 1261 4523 domino
1284 4469 1355 4538 suo,¹
