3350 5117
318 301 381 366 120
840 319 925 367 esus
949 320 971 365 r.

313 442 373 510 luti
396 442 430 508 in
452 440 611 511 inlinitum
635 444 832 529 producendi
856 446 947 513 litem
969 445 1028 531 (1).
1053 481 1098 495 -
1121 446 1261 511 Aliunde
1284 448 1311 511 si
1335 466 1392 512 reo
1417 466 1495 532 pro·

311 560 485 627 hibeantur
508 566 725 649 exceptiones,
750 583 815 629 non
839 569 948 629 tamen
970 564 1161 649 prohibetur
1184 564 1381 647 appellatio,
1405 563 1495 630 ordi·

312 686 440 751 narium
465 686 643 753 remedium
666 686 851 773 corrigendi
876 688 1067 753 sententiam
1091 686 1257 753 interioris
1276 685 1399 763 iudicia
1417 691 1450 751 et
1476 706 1495 751 e

314 817 476 879 contrusi
500 814 672 899 aliquando
704 814 744 879 ob
767 815 888 899 negotii
912 814 1099 897 qualitatem
1129 813 1226 879 iudici
1255 813 1407 899 delegato
1437 810 1495 877 fiat

312 945 521 1025 praeceptum
544 960 609 1006 non
632 939 820 1005 admittendi
837 940 1112 1024 appellationem,
1129 960 1195 1005 non
1210 937 1416 1005 interdicitur
1432 958 1493 1003 err·

312 1066 526 1151 perimentum
541 1068 683 1131 omnium
699 1064 924 1151 probationum
944 1070 977 1133 et
992 1065 1239 1149 acceptionum,
1257 1063 1372 1149 quibus
1388 1065 1491 1129 omni·

311 1189 405 1254 mode
427 1196 538 1275 partes
561 1191 594 1257 in
617 1191 721 1274 prima
745 1188 897 1254 instantia
919 1209 1011 1254 sunm
1032 1189 1081 1254 ius
1104 1175 1250 1274 experiri
1266 1193 1300 1255 et
1314 1186 1492 1253 defendere

311 1314 444 1379 valeant
467 1310 523 1401 (2).

378 1412 379 1415 Ἴ
401 1437 455 1505 93.
480 1440 529 1504 lte
557 1438 683 1523 quidem
706 1458 787 1503 vera
817 1409 914 1503 etiam
946 1439 1090 1504 clausula
1112 1439 1147 1503 in
1170 1438 1329 1522 rescripto
1359 1436 1492 1523 delega-

311 1558 408 1624 tionis
431 1561 584 1645 apposita,
602 1564 637 1627 ut
655 1558 852 1643 procedatur
878 1580 897 1622 s
920 1560 1015 1625 omni
1043 1559 1272 1643 appellatione
1300 1563 1433 1650 rcnrota
1459 1579 1491 1640 »,

311 1682 506 1766 exprimitur
537 1686 569 1747 et
599 1680 811 1768 perpenditur
837 1681 870 1745 in
894 1700 969 1763 cap.
993 1680 1052 1755 53,
1076 1682 1119 1747 cle
1141 1681 1275 1764 Appell.
1299 1681 1335 1745 X
1355 1678 1492 1765 (Il-28),

312 1806 370 1871 sed
392 1810 460 1873 eius
482 1810 532 1873 vis
555 1806 595 1873 ad
620 1812 727 1873 certos
742 1826 836 1871 casus
853 1808 1078 1891 restringitur;
1104 1824 1219 1891 nempe
1237 1828 1255 1866 s
1272 1805 1365 1890 quod
1387 1823 1491 1889 quae·

311 1928 389 1995 libet
405 1930 604 2013 prouocatio
635 1929 845 2015 iutellipilur
862 1929 1031 1996 remoueri
1052 1927 1123 2012 (seu
1146 1926 1332 2013 appellatio)
1355 1944 1445 2011 quae
1468 1943 1491 1988 α

311 2058 386 2123 ture
408 2077 478 2124 nort
507 2056 705 2143 indulpetur
735 2074 896 2138 capresse
919 2076 950 2118 ».
976 2054 1067 2121 Unde
1089 2053 1130 2119 ab
1154 2055 1226 2119 Ino.
1252 2054 1300 2117 lll
1333 2070 1491 2137 expresse

311 2182 366 2247 hic
395 2180 596 2268 significatur
625 2181 718 2246 valor
748 2179 922 2245 clausulae.
953 2177 1016 2244 Sed
1045 2184 1135 2243 certe
1162 2178 1225 2243 hoc
1248 2196 1312 2241 non
1338 2172 1492 2261 prohibet

310 2305 478 2387 quominus
509 2304 657 2371 Summus
688 2302 853 2382 Pontifex,
884 2304 1001 2387 quippe
1030 2304 1101 2366 iure
1132 2301 1293 2365 communi
1323 2297 1489 2383 superior,

309 2430 522 2517 delegationis
552 2430 628 2495 alat
658 2428 851 2501 mandatum,
876 2427 1051 2514 prohibens
1080 2447 1208 2491 omnem
1239 2424 1490 2510 appellationem

397 2727 438 2799 tl)
456 2727 603 2782 Caeterum
617 2743 652 2781 ne
665 2726 896 2781 contendentibus
915 2723 986 2793 apud
1005 2724 1110 2777 iudices
1128 2723 1272 2791 delegatos
1293 2721 1407 2776 daretur
1419 2738 1490 2776 ansa

309 2830 388 2886 litem
407 2829 566 2900 implicandi
582 2846 631 2900 per
644 2846 726 2884 veras
744 2834 793 2883 aut
811 2829 928 2883 fictitias
945 2828 1132 2897 exceptiones,
1142 2828 1236 2880 omnia
1248 2824 1391 2880 subtiliter
1402 2832 1490 2880 cauta

308 2940 382 3004 sunt,
401 2942 461 2990 tum
479 2937 507 2990 in
528 2935 718 2991 Decretalibus
730 2935 859 3005 Gregorii
872 2935 913 2989 IX
926 2939 985 2988 tum
999 2935 1027 2987 iu
1040 2940 1119 2989 sexto
1133 2933 1321 2998 Bonifaciano,
1341 2936 1373 2986 ut
1385 2932 1490 2987 huius·

309 3044 382 3099 modi
400 3043 503 3099 iudicia
527 3046 598 3099 bene
621 3044 823 3099 ordinarentur.
844 3072 878 3085 -
898 3042 975 3095 Tunc
993 3042 1127 3111 temporis
1152 3040 1246 3095 omnia
1271 3039 1333 3093 loca
1357 3039 1441 3094 bellis
1459 3046 1490 3096 et

309 3148 437 3203 civilibus
456 3149 599 3203 discordiis
617 3148 813 3218 implebantur,
833 3155 862 3203 et
880 3148 913 3201 de
932 3165 988 3202 una
1006 3148 1121 3201 civitate
1139 3145 1174 3199 ad
1194 3144 1278 3199 aliam
1297 3143 1418 3197 difficilis
1437 3152 1488 3198 aut

308 3270 363 3308 non
381 3258 460 3308 tutus
477 3259 539 3309 erat
557 3255 656 3308 aditus.
670 3285 703 3296 -
717 3254 789 3309 Hinc
808 3254 837 3307 in
857 3272 879 3307 c.
894 3272 916 3307 c.
937 3254 973 3305 13
993 3255 1034 3307 De
1047 3254 1094 3324 off.
1112 3253 1170 3306 iud.
1187 3250 1279 3322 delep.
1298 3251 1329 3304 in
1350 3252 1371 3303 6
1389 3250 1487 3320 (litu

309 3372 335 3415 et
353 3359 384 3414 11
403 3360 444 3413 De
463 3361 590 3431 rescript.
610 3363 639 3413 in
660 3360 680 3414 6
698 3360 775 3432 (l·3);
795 3370 822 3413 et
839 3360 883 3413 28
902 3361 945 3414 De
962 3362 1092 3428 rescript.
1114 3358 1143 3411 X
1160 3356 1224 3427 (1-3)
1245 3356 1326 3426 plura
1351 3355 1488 3410 determi-

308 3468 376 3519 nata
391 3466 514 3531 fuerunt,
533 3470 565 3520 ut
583 3465 729 3535 delegatus
747 3464 879 3518 iudicium
898 3469 1028 3519 exerceat
1047 3466 1077 3516 in
1096 3464 1156 3518 loco
1175 3467 1237 3517 tuto
1255 3465 1285 3516 et
1303 3460 1488 3531 litigantibus

308 3574 375 3640 apto
393 3571 529 3637 eliacili3
547 3588 619 3641 quae
637 3572 731 3625 omnia
749 3575 845 3625 tamen
863 3571 893 3624 in
911 3571 1085 3624 commodum
1097 3568 1219 3639 partium
1233 3584 1319 3638 quum
1332 3570 1489 3623 constituta

308 3680 374 3747 sint,
392 3678 427 3735 de
451 3680 573 3749 partium
598 3695 732 3735 consensu
759 3680 862 3733 mutari
885 3679 989 3734 valent
1008 3679 1144 3739 Quocirca
1168 3675 1260 3746 hodie,
1279 3683 1437 3748 temporum
1457 3685 1488 3734 et

307 3785 431 3840 locorum
451 3786 565 3839 mutatis
583 3785 730 3851 adiunctis,
742 3782 812 3839 haec
831 3788 897 3838 sunt
914 3785 973 3839 fere
986 3783 1090 3837 nullius
1104 3782 1240 3853 ponderis,
1256 3784 1364 3853 praxim
1376 3782 1488 3840 hodier-

306 3911 371 3947 nam
389 3910 444 3949 non
464 3893 607 3963 attingunt
625 3912 715 3965 neque
733 3893 820 3948 ullum
840 3895 981 3947 facessunt
999 3892 1153 3961 negotium.
1164 3920 1198 3933 -
1212 3890 1286 3945 Idem
1301 3908 1336 3946 ex
1356 3892 1485 3947 subiecta

306 3999 432 4065 materia,
447 3998 609 4054 advertatur
622 3998 712 4070 quoad
732 3998 801 4053 alias
819 3998 848 4053 id
866 4014 955 4068 genus
974 3996 1214 4068 praescriptiones,
1227 3996 1371 4051 ordinatas
1384 4005 1488 4069 suapte

306 4110 407 4159 natura
424 4106 545 4162 maxime
564 4106 592 4160 in
612 4105 764 4161 utilitatem
782 4106 915 4175 partium.

394 4212 433 4279 (2)
453 4212 555 4266 Facilis
573 4213 744 4282 exceptionis
762 4212 872 4266 occasio
890 4216 933 4267 est
951 4212 1075 4267 detectus
1088 4211 1287 4267 iurisdictionis
1306 4228 1355 4267 seu
1375 4228 1488 4282 compe·

305 4318 412 4373 tentiae
427 4335 510 4389 quem
529 4318 612 4373 iudici
639 4334 702 4388 pars
721 4318 844 4373 obiiciat.
864 4347 898 4360 -
917 4318 1001 4373 Iudex
1020 4335 1087 4374 vero
1105 4319 1261 4388 delegatus,
1282 4336 1341 4389 arg.
1362 4335 1422 4389 cup.
1442 4319 1487 4371 33

306 4420 347 4475 Dc
365 4422 491 4491 rescript.
513 4422 542 4475 X
559 4420 635 4493 (1-3),
655 4422 815 4491 plenissime
839 4438 1007 4491 cognoscere
1032 4420 1109 4475 valet
1132 4437 1168 4474 an
1186 4440 1237 4475 sua
1262 4423 1299 4476 sit
1318 4422 1485 4477 iurisdictio.
