3350 5117
312 310 376 375 134
540 311 542 318 '
835 329 919 376 raas
944 330 966 376 r.

315 451 461 517 meminit
483 450 524 517 cl.
542 451 631 517 Santi
655 452 715 516 Tit.
733 450 793 533 32,
818 450 871 517 Dc
886 452 994 537 officio
1018 452 1139 519 iudicis
1153 473 1188 517 n.
1205 454 1255 533 17,
1278 454 1353 519 heic
1369 456 1496 522 Romae

315 573 407 639 adest
429 580 463 640 et
485 575 605 640 eminet
628 576 688 641 Pia
704 576 919 661 Congregatio
935 576 1164 642 advocatorum
1187 582 1221 642 et
1242 584 1491 663 procuratorum

315 716 336 761 a
358 697 389 763 S.
410 698 509 762 lvoue
524 704 717 783 nuncupata,
732 701 822 765 cuius
838 700 1098 785 congregationis
1114 700 1298 766 confratres
1313 722 1494 787 pauperum

316 821 537 887 defensionem
559 841 624 905 pra
641 841 759 889 amore
774 822 838 889 Dei
856 824 1033 908 suscipiunt
1048 823 1104 910 (1).
1122 825 1260 889 -Inde
1283 827 1379 891 etiam
1402 833 1492 911 patet

316 944 567 1011 christianorum
590 966 697 1011 mores
721 947 957 1031 quammaxime
972 946 1166 1033 adprobasse
1181 949 1416 1017 ordinationem
1439 951 1492 1015 os·

316 1069 382 1137 licii
411 1072 557 1137 advocati
587 1074 657 1137 iure
684 1092 819 1137 romano
848 1072 1009 1138 inductam
1037 1080 1070 1139 et
1095 1081 1343 1159 procuratorum
1373 1098 1495 1142 munus

318 1194 391 1261 sere
414 1195 525 1261 eadem
553 1198 679 1262 ratione
710 1198 923 1262 constituisse.
947 1199 991 1263 At
1014 1218 1155 1263 canones
1176 1200 1259 1263 haec
1287 1202 1412 1265 servari
1435 1221 1493 1266 ex·

316 1341 429 1411 presse
452 1340 517 1385 non
541 1321 661 1403 iubent,
685 1342 727 1388 ne
750 1324 856 1388 nimiis
875 1323 1042 1409 implicent
1063 1320 1303 1389 difficultatibus
1326 1325 1410 1409 apud
1432 1328 1491 1392 Gu-

315 1416 382 1512 rias
398 1446 613 1513 Dioecesanas
629 1447 818 1513 iudiciorum
835 1449 1051 1534 agitationem.
1061 1482 1108 1495 ·—
1125 1450 1219 1514 Iurat
1241 1468 1320 1513 sane
1340 1468 1492 1534 suprema

316 1572 513 1638 lineamenta
536 1570 634 1637 ol'ficii
657 1574 733 1639 ada.
748 1579 780 1639 rt
791 1592 888 1657 proc.
907 1574 1065 1646 retulisse,
1085 1595 1182 1657 quum
1198 1574 1345 1639 civilibus
1362 1576 1491 1661 populo

317 1715 388 1760 rum
405 1696 529 1781 legibus
541 1698 623 1761 haec
635 1700 754 1762 statuta
769 1697 841 1761 sera
855 1698 981 1783 integra
996 1703 1189 1763 conservata
1203 1698 1283 1772 sint;
1300 1703 1334 1763 et
1349 1699 1380 1762 iu
1394 1699 1496 1764 Curia

319 1818 468 1882 Romana
490 1818 607 1883 iamdiu
631 1824 741 1884 coelus
763 1818 835 1883 adr.
854 1825 886 1884 et
908 1840 995 1904 proc.
1014 1821 1058 1885 ila
1080 1821 1243 1886 institutus
1265 1823 1316 1892 sit
1333 1826 1366 1885 et
1387 1841 1495 1907 nuper

318 1946 351 2009 in
375 1949 461 2011 statu
485 1943 654 2011 Pontificio
671 1966 714 2011 ex
729 1946 841 2013 Editio
861 1946 961 2012 Cora.
982 1945 1180 2012 Gamberini
1198 1946 1286 2029 §28
1299 1966 1366 2033 aeq.
1383 1954 1417 2013 et
1429 1948 1492 2015 Re·

319 2067 511 2151 palumento
532 2068 657 2149 penate
683 2065 906 2153 Greporiano,
930 2072 995 2132 art.
1012 2066 1097 2148 205,
1121 2088 1185 2133 non
1210 2088 1302 2134 secus
1326 2069 1498 2137 ordinatus

314 2188 414 2255 fuerit
438 2188 495 2274 (2).

317 2420 389 2474 licus
415 2418 467 2475 hoc
492 2426 616 2505 systema
640 2420 783 2490 amplexus
809 2425 858 2475 est.
878 2422 918 2475 Cf.
939 2421 1091 2490 llattirol0,
1111 2440 1155 2493 op.
1174 2424 1218 2477 cit.
1237 2421 1313 2478 Part.
1335 2423 1358 2490 J,
1382 2423 1433 2476 Tit.
1452 2423 1496 2493 II,

317 2538 376 2592 cap.
399 2523 419 2575 6
431 2552 445 2564 -
458 2527 576 2593 append.

409 2628 450 2699 (1)
469 2629 593 2684 Ecclesia
619 2626 786 2698 peculiarem
812 2647 899 2700 neque
923 2630 1139 2686 sollicitudiuem
1163 2631 1234 2684 fovit
1249 2631 1284 2683 in
1305 2647 1441 2699 pauperes
1464 2635 1494 2685 et

319 2734 493 2790 miserabiles
511 2752 651 2805 personas,
664 2742 693 2791 et
706 2737 739 2789 ad
753 2754 832 2789 suum
845 2739 935 2791 forum
949 2738 1046 2792 horum
1059 2754 1157 2792 causas
1169 2739 1295 2793 revocavi
1300 2742 1324 2791 t:
1337 2738 1372 2791 cs.
1385 2736 1492 2805 Valter,

315 2842 452 2897 Manuale
477 2844 508 2896 di
531 2843 888 2909 DirinoEccl.,Lib.1V‚
912 2846 931 2908 5
952 2844 1016 2910 184,
1036 2845 1080 2897 La
1101 2844 1201 2897 Cinara
1224 2860 1301 2898 canae
1324 2844 1389 2909 [ὀνο
1414 2844 1494 2898 delle

315 2966 437 3021 persone
457 2952 601 3022 bisopnose
618 2951 649 3003 di
667 2952 763 3004 tutela.
782 2978 815 2991 -
835 2950 866 3003 ln
886 2950 968 3003 ltalia
986 2951 1134 3019 praecipue
1152 2952 1306 3003 floruerunt
1329 2950 1392 3018 piae
1410 2949 1496 3002 advo-

315 3061 441 3111 catorum
460 3061 490 3111 et
503 3062 712 3126 procuratorum
726 3058 947 3112 consociationes
959 3057 1102 3111 ordinatae
1121 3057 1155 3110 ad
1173 3074 1325 3126 pauperum
1338 3056 1493 3125 gratuitum

319 3165 517 3233 patrocinium:
538 3168 572 3219 cs.
592 3166 716 3232 Dubeux,
738 3166 842 3221 Elatiae
866 3182 917 3221 aar
942 3166 1122 3219 l'institution
1146 3169 1182 3220 de
1208 3165 1325 3219 l'aeacat
1347 3169 1398 3219 des
1416 3182 1496 3235 pau·

312 3292 379 3329 crea
400 3284 459 3339 eta,
479 3275 567 3340 Paris,
584 3274 651 3327 1847
670 3280 699 3328 et
717 3273 851 3345 Dorigny,
865 3276 907 3329 De
920 3275 1091 3329 l'aasiatance
1105 3274 1259 3345 judiciati-a
1278 3283 1304 3328 et
1322 3274 1372 3327 des
1389 3274 1494 3327 inemu-

319 3379 391 3436 nita's
408 3380 558 3435 accorde'ea
576 3398 634 3434 aaa
652 3382 815 3449 indipenten
836 3381 923 3447 Paris,
938 3381 1015 3435 1851.
1029 3410 1063 3423 -
1076 3380 1164 3436 Hodie
1183 3380 1255 3449 apud
1274 3378 1320 3432 SS.
1333 3378 1419 3448 Cong.
1433 3396 1495 3447 spe·

322 3487 380 3541 cies
405 3488 521 3556 gratuiti
548 3488 694 3557 patrocinii
720 3487 839 3543 hahetur
864 3490 892 3541 in
916 3488 989 3542 rotie
1007 3486 1212 3554 Consultorum‚
1227 3487 1274 3557 qui
1299 3486 1425 3540 scribunt
1443 3501 1497 3555 pro

320 3589 442 3645 veritate
461 3590 488 3643 in
508 3590 599 3643 causis
621 3590 706 3644 etiarn
731 3589 920 3654 contentiosis,
936 3589 1084 3660 praecipue
1107 3587 1369 3653 matrimonialibus,
1384 3586 1498 3657 quando

327 3702 421 3765 partes
440 3696 603 3750 advocatum
623 3696 793 3749 constituere
812 3710 867 3749 non
886 3702 1009 3765 possunt
1023 3726 1056 3738 -
1070 3698 1099 3750 ln
1119 3694 1217 3759 Curiis,
1228 3707 1278 3762 pro
1291 3710 1321 3746 re
1339 3696 1415 3759 nata,
1424 3692 1497 3745 assi·

324 3803 405 3871 gnari
424 3802 507 3856 debet
526 3802 639 3871 pauperi
659 3798 783 3870 litiganti
809 3801 968 3868 advocatus,
986 3802 1065 3855 cuius
1088 3799 1266 3854 honorarium
1292 3801 1390 3867 postea
1411 3796 1495 3851 deeu-

323 3915 415 3963 metur
435 3924 468 3963 ex
488 3910 561 3962 taxis
579 3907 718 3961 ordinarie
743 3906 882 3962 devolutis
906 3909 940 3961 ad
965 3907 1088 3961 tribunal
1107 3906 1152 3961 uel
1170 3922 1205 3961 ex
1223 3905 1352 3974 expensis
1374 3904 1402 3957 in
1426 3920 1500 3975 quas

323 4012 524 4069 condemnetur
549 4028 612 4081 pars
631 4012 713 4078 victa,
732 4012 778 4088 vel
797 4012 918 4077 aliunde,
937 4012 976 4065 uti
998 4012 1134 4081 praecipit
1150 4010 1251 4065 Beued.
1269 4008 1336 4062 XIV
1354 4009 1383 4063 in
1402 4006 1496 4061 Cenat

319 4124 373 4177 Dei
391 4123 572 4177 Misernn'one
591 4125 608 4186 ἕ
629 4122 673 4188 12,
692 4137 780 4190 agens
798 4120 831 4175 de
851 4120 1000 4175 Defensore
1019 4118 1189 4172 matrimonii
1208 4135 1243 4171 ex
1260 4116 1359 4171 officio.

405 4232 446 4299 (2)
466 4228 608 4291 Quomodo
626 4227 753 4282 advocati
769 4232 798 4283 et
810 4234 1003 4297 procuratores
1022 4242 1102 4279 suum
1116 4223 1247 4295 expleant
1257 4239 1358 4277 munus
1370 4220 1398 4274 iu
1412 4220 1499 4275 Curia

323 4356 452 4405 romana;
472 4354 619 4410 quemnam
645 4337 760 4406 gradum
786 4342 815 4391 et
839 4336 963 4390 ordinem
981 4334 1137 4400 obtineant,
1155 4333 1308 4387 videbimus
1325 4334 1442 4401 agentes
1463 4330 1501 4386 de

316 4449 402 4505 Curia
420 4464 535 4503 romana
553 4448 582 4499 iu
603 4449 723 4500 tractatu
744 4446 786 4500 De
804 4448 863 4499 iud.
883 4447 913 4498 in
931 4448 1030 4514 specie.
