3350 5117
341 295 407 360 318
504 271 508 282 ’
864 313 948 360 ruas
972 313 995 360 1.

337 441 409 523 ptio
432 458 503 505 aon
521 438 723 522 procedit».
740 437 868 503 Exinde
891 458 955 502 non
971 438 1117 504 obstante
1133 439 1247 526 regula
1270 441 1350 506 iuris
1363 441 1405 506 18
1420 441 1456 506 in
1471 442 1513 505 6.·

344 581 448 628 ‹aoa
469 564 630 649 firmatur
652 567 780 629 tractas
804 563 966 645 temporis
995 564 1089 648 quod
1111 564 1154 630 de
1175 564 1252 631 iare
1274 564 1318 630 ab
1340 564 1435 630 initio
1458 565 1512 629 oi-

343 689 465 755 tiosum
486 693 534 754 est
557 708 588 770 ›,
613 706 671 773 per
694 689 927 772 possessionem
955 694 1045 754 certo
1067 694 1213 774 tempore
1236 697 1269 755 et
1294 689 1389 755 modo
1412 692 1514 754 conti·

343 817 470 878 nuatam
494 819 651 880 sanantur
673 818 764 880 actus
780 813 869 895 nulli,
883 814 1033 879 nimirum
1057 821 1215 880 sanantur
1237 815 1383 882 defectus
1404 817 1514 898 acqui·

342 938 465 1004 sitionis
489 958 609 1004 rerum.
634 938 838 1025 Quapropter
854 959 968 1006 verum
985 948 1042 1014 est,
1062 943 1134 1008 soto
1151 947 1301 1025 tempore
1319 961 1384 1008 non
1408 943 1517 1006 sanari

342 1064 485 1131 defectus
509 1071 600 1132 actus
623 1067 812 1151 acquisitiva
845 1068 906 1132 nisi
933 1068 1100 1150 possessio
1116 1067 1260 1136 accedat.
1286 1068 1376 1134 Unde
1408 1069 1518 1133 taliter

343 1196 433 1260 actus
456 1192 565 1256 sanari
589 1211 652 1256 non
676 1199 818 1278 possunt,
832 1191 959 1276 quando
983 1194 1015 1258 in
1039 1213 1150 1258 eorum
1182 1194 1306 1259 obiecto
1330 1193 1417 1258 nulla
1441 1213 1518 1257 ver-

343 1322 432 1382 satur
456 1318 612 1401 possessio
635 1317 675 1382 ad
699 1318 999 1403 praescriptionem.

430 1439 464 1524 2)
483 1441 607 1525 Reapse
622 1439 767 1506 defectus
782 1442 1002 1525 acquisitionis
1016 1440 1156 1522 dominii,
1173 1442 1207 1507 in
1218 1444 1409 1526 acquisitiva
1425 1463 1520 1528 prae·

343 1568 517 1652 scriptione
541 1573 706 1633 sanantur.
733 1569 774 1633 Hi
798 1568 943 1634 defectus
958 1570 1129 1644 habentur,
1146 1572 1174 1634 si
1190 1572 1243 1654 qui
1261 1590 1330 1634 rem
1353 1572 1520 1651 alienavit,

345 1711 407 1756 non
432 1695 503 1756 erat
525 1690 679 1764 dominus,
693 1693 746 1756 vel
762 1691 908 1756 dominus
929 1691 1083 1757 alienavit
1102 1713 1167 1757 non
1187 1693 1349 1759 servando
1372 1694 1523 1759 solemni·

344 1819 426 1880 tates
449 1835 469 1880 a
492 1817 562 1880 iure
579 1817 714 1900 positivo
731 1817 901 1900 requisitas
924 1816 965 1882 ad
987 1816 1126 1882 validam
1142 1819 1379 1894 alienationem
1396 1818 1451 1883 vel
1467 1821 1522 1903 qui

344 1939 504 2010 alienavit,
527 1940 729 2022 quantumvis
763 1938 919 2014 dominus,
952 1941 1105 2007 facultate
1128 1940 1288 2006 alienandi
1317 1942 1440 2015 caruit;
1469 1943 1522 2004 vel

344 2063 496 2130 maturati
520 2063 683 2146 facultate,
696 2063 795 2129 veluti
819 2083 944 2139 amens;
977 2065 1027 2128 vel
1060 2065 1160 2140 citati,
1183 2066 1229 2130 uti
1256 2066 1393 2130 maritus
1417 2065 1523 2148 quoad

346 2189 428 2254 bona
451 2187 578 2262 dotalia,
603 2188 678 2254 iure
700 2209 787 2256 rom.

434 2311 467 2396 3)
492 2311 655 2376 Possessio
678 2309 773 2377 debet
795 2316 886 2376 certo
914 2318 1060 2396 tempore
1083 2312 1275 2384 continuari,
1298 2317 1331 2377 et
1353 2313 1522 2398 praescri-

346 2437 410 2520 ptio
426 2435 544 2501 dicitur
559 2435 748 2510 ordinario,
763 2437 787 2502 si
804 2437 964 2511 vicennio,
981 2436 1148 2507 decennio,
1165 2441 1221 2502 aut
1236 2438 1352 2502 minori
1367 2439 1524 2520 temporis

345 2563 448 2646 spatio
464 2559 583 2638 finitum
600 2562 893 2635 ecctrooritiecria
907 2564 933 2626 si
950 2563 1136 2647 requiratur
1158 2563 1353 2628 tricennium
1377 2568 1433 2628 aut
1457 2561 1523 2626 lon·

346 2687 416 2772 gius
439 2691 578 2772 tempus;
604 2692 652 2752 est
675 2689 871 2756 centenario
887 2708 970 2773 quae
985 2690 1088 2774 spatio
1104 2694 1232 2754 centum
1248 2709 1406 2754 annorum
1430 2709 1522 2755 com·

346 2813 462 2899 pletur;
478 2814 734 2882 immemoriotis
749 2815 839 2880 cuius
855 2816 979 2881 initium
1002 2815 1165 2880 hominum
1178 2815 1307 2880 excedit
1322 2817 1522 2880 memoriam.

435 2940 467 3026 4)
493 2942 761 3026 praescriptionis
789 2944 841 3006 vis
863 2963 882 3006 a
905 2943 976 3007 iure
1006 2942 1154 3026 positivo,
1179 2921 1250 3006 n'on‘
1274 2962 1294 3005 a
1324 2943 1396 3006 iure
1427 2947 1523 3006 natu-

346 3065 406 3130 rali
430 3065 606 3149 repetenda
629 3071 686 3130 est.
705 3067 835 3131 Revera
858 3086 922 3130 non
945 3065 1120 3130 defuerunt
1139 3065 1295 3131 Doctores
1318 3069 1524 3129 autumantes

347 3191 632 3275 praescriptionem
657 3192 724 3276 ipso
748 3189 887 3255 naturali
911 3192 981 3254 iure
1003 3191 1197 3263 consistere;
1218 3189 1261 3252 cf.
1280 3185 1477 3260 Lehmkuhl,
1495 3189 1522 3266 t,

347 3334 380 3378 a.
406 3315 470 3380 917
494 3311 550 3400 (l).

436 3439 560 3505 Verum
591 3459 611 3502 a
641 3441 779 3506 naturali
811 3441 883 3504 iure
905 3439 1132 3505 convenientia
1153 3438 1207 3502 vel
1239 3455 1322 3522 pene
1346 3437 1524 3503 necessitas

348 3565 447 3649 repeti
483 3570 587 3650 potest
617 3565 795 3630 institutum
826 3563 1088 3649 praescriptionis
1119 3563 1152 3626 in
1175 3562 1312 3647 positivo
1339 3562 1411 3627 iure
1434 3561 1523 3626 indu·

416 3813 456 3884 (1)
476 3811 515 3865 Cl.
537 3811 692 3866 Lehmkuhl
712 3811 730 3865 Ι.
750 3829 772 3864 c.
787 3811 917 3880 opinatur
931 3811 987 3866 vim
996 3809 1233 3880 praescripticam
1244 3808 1344 3863 saitem
1365 3808 1392 3861 in
1406 3807 1524 3862 nonnul-

348 3921 382 3975 lis
400 3921 509 3974 casibus
527 3920 646 3974 derivari
665 3921 700 3972 ob
719 3919 840 3990 spatium
859 3935 927 3973 vere
945 3917 1176 3972 immemorabilis
1202 3916 1336 3986 temporis
1354 3933 1372 3969 a
1389 3915 1451 3970 inre
1473 3932 1524 3969 na-

349 4026 440 4080 turali.
460 4025 520 4081 Non
541 4026 650 4081 videtur
669 4025 722 4080 hoc
740 4025 941 4080 admittendum
959 4041 1019 4079 esse
1038 4024 1105 4094 qnia
1116 4023 1239 4095 simplex
1251 4026 1360 4095 scotum
1372 4021 1523 4090 possessio·

349 4135 390 4188 nis
409 4135 461 4189 etsi
481 4135 634 4190 diutissime
653 4132 846 4188 continuatum
865 4148 920 4184 non
939 4135 982 4185 est
1001 4146 1089 4199 capax
1115 4129 1183 4183 iuris
1208 4126 1392 4198 prudncendi3
1410 4131 1441 4182 et
1459 4124 1523 4179 hinc

348 4241 489 4295 docuimus
508 4242 654 4295 interdicta
673 4245 702 4296 et
719 4240 970 4310 praescriptionem
989 4236 1146 4291 necessario
1163 4235 1253 4304 repeti
1272 4251 1290 4288 a
1309 4235 1370 4289 iure
1395 4234 1523 4303 positivo.

348 4349 388 4402 Cl.
409 4348 533 4417 Ruggori
552 4349 656 4402 refutat
675 4364 717 4418 op.
738 4351 781 4401 cit.
800 4354 818 4412 ,ξ
838 4346 902 4398 483
919 4363 974 4416 seq.
993 4345 1152 4414 opinionem
1172 4324 1375 4412 tum'Savigny
1395 4340 1443 4410 qni
1461 4339 1522 4410 opi·

347 4460 428 4512 rietus
446 4459 489 4512 est
506 4453 751 4526 praescriptionem
770 4451 912 4508 inductam
929 4452 1015 4506 fuisse
1032 4451 1128 4505 favore
1140 4447 1306 4520 possessoris
1325 4448 1351 4502 b.
1363 4448 1392 4511 f;
1413 4449 1473 4499 tum
1490 4443 1523 4499 it·
