3350 5117
506 313 550 358 DE
575 312 713 361 lUDlCllS
737 312 1001 361 uectusmsrlcls

655 631 768 700 Gneus
797 633 857 698 VI.

414 807 459 861 DE
479 806 581 860 ncrls
601 806 725 863 IUDICll
745 809 790 863 ΕΤ
810 810 914 864 Acrls
933 809 1087 865 cnUsnu.

161 1002 377 1061 summarium.
390 1035 427 1046 -
438 1004 498 1059 385.
513 1006 604 1067 Quare
622 1019 683 1065 ncta
702 1026 804 1065 causae
823 1008 1031 1077 distinguentur
1049 1009 1085 1062 sb
1103 1008 1173 1063 netis
1191 1008 1342 1061 iudicii.—

249 1110 310 1165 486.
331 1111 417 1165 Facta
436 1116 561 1167 actorum
580 1114 753 1168 iudicialium
772 1114 944 1179 recensione,
954 1118 1031 1183 patet
1050 1112 1185 1167 nonnulla
1203 1112 1341 1180 respicere
1443 1162 1447 1169 ,
1489 1102 1493 1110 “

249 1221 381 1273 meritum
400 1220 586 1291 quaestionis3
611 1220 680 1277 baec
702 1226 767 1275 sunl
785 1232 848 1276 acta
867 1238 984 1289 causae3
1008 1220 1066 1274 elia
1090 1221 1228 1290 respicere
1253 1222 1342 1273 ritum

251 1342 403 1395 processus,
423 1331 452 1381 et
470 1332 535 1381 sunt
553 1338 616 1381 actu
635 1329 738 1381 iudicii.
753 1358 786 1369 -
800 1328 862 1381 387.
879 1330 951 1382 Acta
969 1345 1069 1382 causae
1088 1327 1194 1396 vigent,
1212 1325 1341 1380 absolute

250 1436 399 1502 instantia3
418 1442 588 1491 evanescunt
607 1454 672 1491 vero
692 1414 753 1491 beta
773 1438 878 1492 iudicii.
897 1464 935 1479 -·
955 1436 1017 1490 388.
1037 1435 1142 1505 vigent
1161 1446 1222 1489 ncta
1241 1452 1341 1490 causus

249 1542 279 1593 in
297 1540 356 1593 alia
373 1541 504 1595 imantia
522 1542 595 1596 inter
608 1544 721 1597 easdem
731 1559 869 1613 personas
882 1542 912 1595 in
925 1544 1023 1596 eudem
1036 1558 1128 1595 causa.
1142 1568 1176 1581 -
1189 1538 1250 1592 389.
1270 1538 1340 1593 Nam

249 1662 297 1699 res
315 1646 389 1701 inter
405 1648 479 1700 clius
497 1656 559 1701 actu
577 1648 642 1701 aliis
664 1664 716 1701 nec
738 1664 839 1701 nocere
858 1665 911 1701 nec
924 1648 1062 1718 prodesse
1080 1647 1168 1700 debet.
1181 1673 1216 1685 —
1229 1643 1290 1697 390.
1305 1644 1342 1699 Et

249 1754 347 1822 vigent
365 1764 426 1809 actu
450 1771 560 1821 causae,
579 1754 705 1824 quamvis
730 1756 860 1809 conlecta
879 1754 983 1807 sintin
1002 1770 1131 1823 processu
1153 1753 1293 1807 ordinario
1312 1757 1342 1808 et

249 1865 346 1929 postes
364 1860 536 1915 adducentur
556 1862 584 1914 iu
604 1876 734 1931 processu
754 1860 913 1926 summario,
934 1861 1035 1914 ceteris
1054 1860 1175 1929 paribus.

249 2055 326 2122 385.
352 2056 518 2122 Hactenus
541 2058 666 2141 egimus
698 2055 977 2120 indiscriminatim
1001 2054 1041 2119 de
1065 2054 1189 2119 actibus
1211 2052 1341 2117 iudicia·

160 2176 259 2253 libus;
278 2176 372 2241 modo
388 2176 704 2262 distinguende‘suut
719 2182 796 2243 actu
812 2175 931 2243 iudicii
946 2177 1086 2243 abactis
1109 2196 1241 2242 causae.
1259 2176 1339 2239 Nam

158 2298 299 2363 diximus
324 2298 474 2364 iudicium
499 2298 777 2385 comprehendere
800 2320 918 2365 causae
942 2319 998 2364 seu
1022 2300 1218 2384 quaestionis
1242 2301 1340 2385 agita·

159 2422 280 2489 tionem
311 2424 402 2489 iuxta
434 2425 565 2511 regulas
595 2424 717 2489 ordinis
741 2424 919 2500 iudicialis3
947 2445 1004 2489 seu
1035 2425 1261 2509 complectitur
1285 2423 1340 2488 ius

160 2554 417 2615 controversum
440 2546 656 2613 deliniendum
679 2550 771 2613 iuxta
794 2548 934 2635 repulus
951 2566 1142 2630 processus.
1162 2582 1206 2595 -
1230 2547 1339 2622 Quare

160 2676 315 2741 nonnulla
339 2695 421 2760 quae
444 2679 586 2761 aguntur
609 2676 642 2740 in
665 2675 794 2748 iudicio,
812 2676 998 2760 respiciunt,
1015 2669 1067 2741 uti'
1084 2674 1167 2740 solet
1185 2675 1256 2749 dici,
1273 2694 1339 2740 rne-

159 2796 267 2864 ritum
290 2818 347 2865 seu
371 2799 588 2865 definitionem
614 2820 746 2875 causam
778 2800 843 2865 alia
870 2802 1033 2884 pertinent
1060 2799 1100 2864 ad
1138 2800 1243 2866 ritum
1281 2820 1339 2864 seu

159 2922 298 2988 formam
314 2945 492 3010 processus.
511 2924 602 2992 Unde
619 2924 653 2988 in
676 2923 806 2989 diversa
822 2944 945 3009 genera
960 2929 993 2987 et
1008 2926 1132 3010 species
1155 2924 1338 3009 dispescun-

158 3055 212 3115 tur
235 3056 309 3116 acta
332 3050 503 3129 iudicialia.

249 3176 326 3241 386.
352 3176 430 3243 Cum
454 3178 566 3261 primis
590 3194 726 3259 eaquae
751 3178 916 3259 ponuntur
938 3172 1088 3246 aiudice,
1106 3179 1181 3238 sunt
1199 3174 1252 3237 vel
1267 3192 1338 3239 sen·

159 3296 283 3363 tentiae
306 3298 505 3383 definitivae,
532 3298 585 3363 vel
607 3297 791 3363 sententiae
815 3297 1089 3363 interlocutoriae
1112 3317 1226 3361 causas
1256 3297 1337 3362 iuci-

159 3420 272 3487 dentes
295 3418 490 3497 definientes,
508 3423 561 3487 nel
577 3421 734 3507 simplicia
755 3422 892 3487 decreta
907 3441 965 3486 seu
980 3421 1207 3495 ordinationes,
1225 3422 1337 3506 quibus

157 3546 237 3610 ordo
262 3567 319 3611 seu
347 3548 429 3612 ritus
459 3566 629 3632 processus
660 3545 864 3612 observatur.
889 3548 1008 3632 Utputa
1039 3546 1165 3629 quando
1191 3546 1338 3611 deceruit

158 3670 256 3736 iudex
279 3691 417 3755 quonam
440 3671 521 3745 loco,
546 3691 684 3756 quanam
709 3672 759 3737 die
783 3671 947 3737 audientia
968 3671 1149 3753 habebitur,
1171 3676 1249 3736 tunc
1273 3671 1338 3737 edit

158 3800 298 3885 simplex
321 3799 496 3866 decretum.
522 3797 710 3865 Differentia
738 3802 824 3865 inter
848 3802 1039 3866 sententiam
1071 3806 1103 3864 et
1127 3799 1263 3884 simplex
1286 3799 1338 3864 de—

157 3927 283 3988 cretum
305 3928 365 3996 est,
384 3922 466 4007 quod
489 3924 545 3989 illa
569 3924 734 3997 emittitur,
752 3924 869 3990 auditis
884 3925 1024 4010 partium
1042 3924 1288 4009 allegationibus
1305 3930 1340 3989 et

157 4046 407 4123 defensionibus,
425 4067 481 4113 seu
504 4048 541 4113 iu
558 4049 819 4116 contradictorio
828 4070 842 4133 ;
858 4049 931 4114 dum
949 4050 1084 4116 decreta
1107 4047 1224 4114 dantur
1240 4050 1337 4115 etiam

157 4170 302 4256 pertibus
319 4169 468 4236 inauditis
483 4171 536 4237 vel
552 4191 617 4236 una
638 4177 762 4237 tantum
779 4178 872 4257 parte
889 4173 1038 4237 instante.
1056 4172 1241 4237 Sententiae
1257 4191 1336 4237 vero

156 4296 433 4364 interlocutoriae
466 4297 636 4382 aliquando
666 4302 804 4383 tangunt
827 4300 978 4363 meritum
1009 4316 1140 4373 causae3
1164 4296 1334 4381 aliquando

157 4420 322 4504 pertinent
336 4424 460 4487 tantum
473 4420 513 4485 ad
525 4419 736 4486 ordinandum
752 4439 939 4505 processum
955 4420 1137 4493 instantiae,
1150 4419 1249 4485 veluti
1262 4440 1335 4485 cum
