<?xml version="1.0" encoding="UTF-8"?>
<!DOCTYPE html PUBLIC "-//W3C//DTD XHTML 1.0 Transitional//EN"
    "http://www.w3.org/TR/xhtml1/DTD/xhtml1-transitional.dtd">
<html xmlns="http://www.w3.org/1999/xhtml" xml:lang="en" lang="en">
 <head>
  <title>
</title>
<meta http-equiv="Content-Type" content="text/html;charset=utf-8" />
  <meta name='ocr-system' content='tesseract 3.04.00' />
  <meta name='ocr-capabilities' content='ocr_page ocr_carea ocr_par ocr_line ocrx_word'/>
</head>
<body>
  <div class='ocr_page' id='page_1' title='image "./praelectionesin01legagoog_0121.png"; bbox 0 0 3350 5117; ppageno 0'>
   <div class='ocr_carea' id='block_1_1' title="bbox 526 328 1361 397">
    <p class='ocr_par' dir='ltr' id='par_1_1' title="bbox 526 328 1361 397">
     <span class='ocr_line' id='line_1_1' title="bbox 526 328 1361 397; baseline -0.001 -2"><span class='ocrx_word' id='word_1_1' title='bbox 526 348 571 395; x_wconf 82' lang='lat' dir='ltr'>nn</span> <span class='ocrx_word' id='word_1_2' title='bbox 594 348 734 397; x_wconf 83' lang='lat' dir='ltr'>ionicus</span> <span class='ocrx_word' id='word_1_3' title='bbox 757 348 1022 397; x_wconf 78' lang='lat' dir='ltr'>econasissnicis</span> <span class='ocrx_word' id='word_1_4' title='bbox 1295 328 1361 395; x_wconf 82' lang='lat'>119</span> 
     </span>
    </p>
   </div>
   <div class='ocr_carea' id='block_1_2' title="bbox 164 468 1411 3923">
    <p class='ocr_par' dir='ltr' id='par_1_2' title="bbox 180 468 1361 929">
     <span class='ocr_line' id='line_1_2' title="bbox 273 468 1361 558; baseline -0.004 -21"><span class='ocrx_word' id='word_1_5' title='bbox 273 468 335 537; x_wconf 86' lang='lat' dir='ltr'>Sed</span> <span class='ocrx_word' id='word_1_6' title='bbox 365 470 450 537; x_wconf 89' lang='lat' dir='ltr'>haec</span> <span class='ocrx_word' id='word_1_7' title='bbox 480 470 627 536; x_wconf 80' lang='lat' dir='ltr'>clausula</span> <span class='ocrx_word' id='word_1_8' title='bbox 657 470 789 555; x_wconf 87' lang='lat' dir='ltr'>speciali</span> <span class='ocrx_word' id='word_1_9' title='bbox 816 468 938 558; x_wconf 79' lang='lat' dir='ltr'>indiget</span> <span class='ocrx_word' id='word_1_10' title='bbox 968 470 1196 555; x_wconf 76' lang='lat' dir='ltr'>explanatione</span> <span class='ocrx_word' id='word_1_11' title='bbox 1225 468 1283 556; x_wconf 88' lang='lat'>(1).</span> <span class='ocrx_word' id='word_1_12' title='bbox 1315 468 1361 535; x_wconf 88' lang='lat' dir='ltr'>Si·</span> 
     </span>
     <span class='ocr_line' id='line_1_3' title="bbox 182 592 1361 683; baseline -0.002 -24"><span class='ocrx_word' id='word_1_13' title='bbox 182 593 310 679; x_wconf 88' lang='lat' dir='ltr'>quidem</span> <span class='ocrx_word' id='word_1_14' title='bbox 326 596 476 680; x_wconf 79' lang='lat' dir='ltr'>exceptio</span> <span class='ocrx_word' id='word_1_15' title='bbox 498 600 549 661; x_wconf 91' lang='lat' dir='ltr'>est</span> <span class='ocrx_word' id='word_1_16' title='bbox 570 597 695 683; x_wconf 89' lang='lat' dir='ltr'>species</span> <span class='ocrx_word' id='word_1_17' title='bbox 710 594 915 669; x_wconf 81' lang='lat' dir='ltr'>detensionis,</span> <span class='ocrx_word' id='word_1_18' title='bbox 932 613 1024 679; x_wconf 87' lang='lat' dir='ltr'>quae,</span> <span class='ocrx_word' id='word_1_19' title='bbox 1040 595 1109 679; x_wconf 88' lang='lat' dir='ltr'>ipso</span> <span class='ocrx_word' id='word_1_20' title='bbox 1124 592 1266 659; x_wconf 91' lang='lat' dir='ltr'>naturali</span> <span class='ocrx_word' id='word_1_21' title='bbox 1287 592 1361 657; x_wconf 91' lang='lat' dir='ltr'>iure</span> 
     </span>
     <span class='ocr_line' id='line_1_4' title="bbox 180 718 1359 807; baseline -0.001 -23"><span class='ocrx_word' id='word_1_22' title='bbox 180 718 323 801; x_wconf 88' lang='lat' dir='ltr'>iubente,</span> <span class='ocrx_word' id='word_1_23' title='bbox 347 722 456 786; x_wconf 91' lang='lat' dir='ltr'>neutri</span> <span class='ocrx_word' id='word_1_24' title='bbox 479 722 619 806; x_wconf 80' lang='lat' dir='ltr'>paruum</span> <span class='ocrx_word' id='word_1_25' title='bbox 643 720 834 807; x_wconf 84' lang='lat' dir='ltr'>deneganda</span> <span class='ocrx_word' id='word_1_26' title='bbox 856 726 915 793; x_wconf 75' lang='lat' dir='ltr'>est.</span> <span class='ocrx_word' id='word_1_27' title='bbox 939 726 1029 786; x_wconf 89' lang='lat' dir='ltr'>tanto</span> <span class='ocrx_word' id='word_1_28' title='bbox 1054 720 1160 785; x_wconf 87' lang='lat' dir='ltr'>minus</span> <span class='ocrx_word' id='word_1_29' title='bbox 1183 738 1251 792; x_wconf 81' lang='lat' dir='ltr'>reo,</span> <span class='ocrx_word' id='word_1_30' title='bbox 1267 719 1359 783; x_wconf 85' lang='lat' dir='ltr'>ouius</span> 
     </span>
     <span class='ocr_line' id='line_1_5' title="bbox 180 843 867 929; baseline 0.003 -22"><span class='ocrx_word' id='word_1_31' title='bbox 180 848 292 929; x_wconf 85' lang='lat' dir='ltr'>partes</span> <span class='ocrx_word' id='word_1_32' title='bbox 315 844 348 909; x_wconf 93' lang='lat' dir='ltr'>in</span> <span class='ocrx_word' id='word_1_33' title='bbox 372 843 490 910; x_wconf 91' lang='lat' dir='ltr'>iudicio</span> <span class='ocrx_word' id='word_1_34' title='bbox 513 848 588 909; x_wconf 89' lang='lat' dir='ltr'>sunt</span> <span class='ocrx_word' id='word_1_35' title='bbox 609 843 867 909; x_wconf 84' lang='lat' dir='ltr'>favorabiIiores.</span> 
     </span>
    </p>

    <p class='ocr_par' dir='ltr' id='par_1_3' title="bbox 164 958 1411 3923">
     <span class='ocr_line' id='line_1_6' title="bbox 271 958 1358 1057; baseline -0.002 -22"><span class='ocrx_word' id='word_1_36' title='bbox 271 972 422 1035; x_wconf 85' lang='lat' dir='ltr'>Iamvero</span> <span class='ocrx_word' id='word_1_37' title='bbox 444 990 516 1035; x_wconf 89' lang='lat' dir='ltr'>cum</span> <span class='ocrx_word' id='word_1_38' title='bbox 545 970 658 1055; x_wconf 88' lang='lat' dir='ltr'>primis</span> <span class='ocrx_word' id='word_1_39' title='bbox 688 969 888 1053; x_wconf 83' lang='lat' dir='ltr'>advertatur,</span> <span class='ocrx_word' id='word_1_40' title='bbox 911 971 1015 1057; x_wconf 90' lang='lat' dir='ltr'>ipsum</span> <span class='ocrx_word' id='word_1_41' title='bbox 1039 958 1230 1037; x_wconf 79' lang='lat' dir='ltr'>Ponuuecm</span> <span class='ocrx_word' id='word_1_42' title='bbox 1253 970 1358 1057; x_wconf 80' lang='lat' dir='ltr'>hypo-</span> 
     </span>
     <span class='ocr_line' id='line_1_7' title="bbox 178 1095 1359 1183; baseline 0 -22"><span class='ocrx_word' id='word_1_43' title='bbox 178 1096 298 1163; x_wconf 79' lang='lat' dir='ltr'>thesim</span> <span class='ocrx_word' id='word_1_44' title='bbox 331 1096 416 1163; x_wconf 88' lang='lat' dir='ltr'>hanc</span> <span class='ocrx_word' id='word_1_45' title='bbox 443 1098 595 1181; x_wconf 84' lang='lat' dir='ltr'>practice</span> <span class='ocrx_word' id='word_1_46' title='bbox 624 1096 746 1163; x_wconf 87' lang='lat' dir='ltr'>habere</span> <span class='ocrx_word' id='word_1_47' title='bbox 778 1098 850 1163; x_wconf 85' lang='lat' dir='ltr'>tere</span> <span class='ocrx_word' id='word_1_48' title='bbox 880 1095 1123 1183; x_wconf 90' lang='lat' dir='ltr'>impossibilem:</span> <span class='ocrx_word' id='word_1_49' title='bbox 1146 1102 1257 1163; x_wconf 88' lang='lat' dir='ltr'>tamen</span> <span class='ocrx_word' id='word_1_50' title='bbox 1282 1098 1359 1183; x_wconf 89' lang='lat' dir='ltr'>quia</span> 
     </span>
     <span class='ocr_line' id='line_1_8' title="bbox 180 1218 1358 1295; baseline -0.003 -9"><span class='ocrx_word' id='word_1_51' title='bbox 180 1220 328 1286; x_wconf 90' lang='lat' dir='ltr'>absolute</span> <span class='ocrx_word' id='word_1_52' title='bbox 351 1240 423 1286; x_wconf 90' lang='lat' dir='ltr'>eam</span> <span class='ocrx_word' id='word_1_53' title='bbox 446 1240 510 1285; x_wconf 91' lang='lat' dir='ltr'>non</span> <span class='ocrx_word' id='word_1_54' title='bbox 536 1222 653 1293; x_wconf 85' lang='lat' dir='ltr'>reiicit,</span> <span class='ocrx_word' id='word_1_55' title='bbox 686 1220 862 1288; x_wconf 80' lang='lat' dir='ltr'>theoretice</span> <span class='ocrx_word' id='word_1_56' title='bbox 884 1218 1056 1287; x_wconf 86' lang='lat' dir='ltr'>difficultas</span> <span class='ocrx_word' id='word_1_57' title='bbox 1085 1227 1242 1287; x_wconf 87' lang='lat' dir='ltr'>remanet.</span> <span class='ocrx_word' id='word_1_58' title='bbox 1267 1218 1358 1295; x_wconf 85' lang='lat' dir='ltr'>Quae</span> 
     </span>
     <span class='ocr_line' id='line_1_9' title="bbox 180 1344 1359 1432; baseline -0.001 -22"><span class='ocrx_word' id='word_1_59' title='bbox 180 1350 291 1410; x_wconf 83' lang='lat' dir='ltr'>tamen</span> <span class='ocrx_word' id='word_1_60' title='bbox 314 1346 480 1411; x_wconf 85' lang='lat' dir='ltr'>evanescit</span> <span class='ocrx_word' id='word_1_61' title='bbox 501 1346 528 1409; x_wconf 91' lang='lat' dir='ltr'>si</span> <span class='ocrx_word' id='word_1_62' title='bbox 552 1364 595 1410; x_wconf 91' lang='lat' dir='ltr'>ex</span> <span class='ocrx_word' id='word_1_63' title='bbox 617 1344 754 1411; x_wconf 86' lang='lat' dir='ltr'>historia</span> <span class='ocrx_word' id='word_1_64' title='bbox 784 1345 886 1432; x_wconf 85' lang='lat' dir='ltr'>magis</span> <span class='ocrx_word' id='word_1_65' title='bbox 916 1348 1084 1431; x_wconf 83' lang='lat' dir='ltr'>repetatur</span> <span class='ocrx_word' id='word_1_66' title='bbox 1113 1344 1238 1409; x_wconf 89' lang='lat' dir='ltr'>solutio.</span> <span class='ocrx_word' id='word_1_67' title='bbox 1266 1344 1359 1409; x_wconf 82' lang='lat' dir='ltr'>Tunc</span> 
     </span>
     <span class='ocr_line' id='line_1_10' title="bbox 181 1468 1358 1556; baseline -0.002 -21"><span class='ocrx_word' id='word_1_68' title='bbox 181 1472 338 1556; x_wconf 88' lang='lat' dir='ltr'>temporis</span> <span class='ocrx_word' id='word_1_69' title='bbox 361 1470 410 1535; x_wconf 92' lang='lat' dir='ltr'>ius</span> <span class='ocrx_word' id='word_1_70' title='bbox 433 1470 623 1535; x_wconf 88' lang='lat' dir='ltr'>canonicum</span> <span class='ocrx_word' id='word_1_71' title='bbox 646 1469 745 1535; x_wconf 85' lang='lat' dir='ltr'>veluti</span> <span class='ocrx_word' id='word_1_72' title='bbox 770 1468 970 1536; x_wconf 82' lang='lat' dir='ltr'>condebatur</span> <span class='ocrx_word' id='word_1_73' title='bbox 988 1468 1103 1554; x_wconf 75' lang='lat' dir='ltr'>(corut.</span> <span class='ocrx_word' id='word_1_74' title='bbox 1125 1469 1180 1536; x_wconf 87' lang='lat' dir='ltr'>cit.</span> <span class='ocrx_word' id='word_1_75' title='bbox 1196 1468 1288 1535; x_wconf 78' lang='lat' dir='ltr'>editu</span> <span class='ocrx_word' id='word_1_76' title='bbox 1309 1474 1358 1535; x_wconf 84' lang='lat' dir='ltr'>est</span> 
     </span>
     <span class='ocr_line' id='line_1_11' title="bbox 178 1592 1356 1681; baseline -0.003 -20"><span class='ocrx_word' id='word_1_77' title='bbox 178 1594 222 1661; x_wconf 83' lang='lat' dir='ltr'>ab</span> <span class='ocrx_word' id='word_1_78' title='bbox 240 1594 342 1661; x_wconf 75' lang='lat' dir='ltr'>Alere.</span> <span class='ocrx_word' id='word_1_79' title='bbox 359 1596 421 1661; x_wconf 94' lang='lat' dir='ltr'>III</span> <span class='ocrx_word' id='word_1_80' title='bbox 441 1614 532 1661; x_wconf 81' lang='lat' dir='ltr'>anno</span> <span class='ocrx_word' id='word_1_81' title='bbox 549 1594 606 1660; x_wconf 78' lang='lat'>117</span> <span class='ocrx_word' id='word_1_82' title='bbox 611 1595 656 1681; x_wconf 82' lang='grc'>7),</span> <span class='ocrx_word' id='word_1_83' title='bbox 680 1614 744 1659; x_wconf 92' lang='lat' dir='ltr'>non</span> <span class='ocrx_word' id='word_1_84' title='bbox 768 1594 950 1661; x_wconf 89' lang='lat' dir='ltr'>theoretica</span> <span class='ocrx_word' id='word_1_85' title='bbox 964 1594 1021 1659; x_wconf 88' lang='lat' dir='ltr'>sed</span> <span class='ocrx_word' id='word_1_86' title='bbox 1037 1596 1182 1680; x_wconf 87' lang='lat' dir='ltr'>practica</span> <span class='ocrx_word' id='word_1_87' title='bbox 1195 1592 1356 1667; x_wconf 83' lang='lat' dir='ltr'>methodo,</span> 
     </span>
     <span class='ocr_line' id='line_1_12' title="bbox 178 1718 1357 1807; baseline -0.001 -23"><span class='ocrx_word' id='word_1_88' title='bbox 178 1718 210 1785; x_wconf 94' lang='lat' dir='ltr'>id</span> <span class='ocrx_word' id='word_1_89' title='bbox 242 1728 310 1802; x_wconf 90' lang='lat' dir='ltr'>est,</span> <span class='ocrx_word' id='word_1_90' title='bbox 343 1718 527 1805; x_wconf 80' lang='lat' dir='ltr'>qnoddiana</span> <span class='ocrx_word' id='word_1_91' title='bbox 557 1720 709 1806; x_wconf 79' lang='lat' dir='ltr'>exigente</span> <span class='ocrx_word' id='word_1_92' title='bbox 740 1721 944 1807; x_wconf 82' lang='lat' dir='ltr'>negotiorum</span> <span class='ocrx_word' id='word_1_93' title='bbox 979 1718 1193 1805; x_wconf 86' lang='lat' dir='ltr'>expeditione.</span> <span class='ocrx_word' id='word_1_94' title='bbox 1225 1720 1307 1784; x_wconf 78' lang='lat' dir='ltr'>Nam</span> <span class='ocrx_word' id='word_1_95' title='bbox 1336 1737 1357 1783; x_wconf 87' lang='lat' dir='ltr'>a</span> 
     </span>
     <span class='ocr_line' id='line_1_13' title="bbox 177 1840 1354 1928; baseline -0.003 -19"><span class='ocrx_word' id='word_1_96' title='bbox 177 1842 318 1909; x_wconf 87' lang='lat' dir='ltr'>Summis</span> <span class='ocrx_word' id='word_1_97' title='bbox 343 1840 553 1909; x_wconf 87' lang='lat' dir='ltr'>Pontificibus</span> <span class='ocrx_word' id='word_1_98' title='bbox 577 1843 656 1908; x_wconf 86' lang='lat' dir='ltr'>luris</span> <span class='ocrx_word' id='word_1_99' title='bbox 671 1842 883 1928; x_wconf 89' lang='lat' dir='ltr'>peritissimis,</span> <span class='ocrx_word' id='word_1_100' title='bbox 899 1844 1091 1928; x_wconf 81' lang='lat' dir='ltr'>praesertIm</span> <span class='ocrx_word' id='word_1_101' title='bbox 1114 1841 1155 1907; x_wconf 87' lang='lat' dir='ltr'>ab</span> <span class='ocrx_word' id='word_1_102' title='bbox 1178 1841 1276 1909; x_wconf 82' lang='lat' dir='ltr'>Alex.</span> <span class='ocrx_word' id='word_1_103' title='bbox 1293 1842 1354 1924; x_wconf 91' lang='lat' dir='ltr'>III,</span> 
     </span>
     <span class='ocr_line' id='line_1_14' title="bbox 177 1964 1353 2052; baseline -0.003 -21"><span class='ocrx_word' id='word_1_104' title='bbox 177 1965 218 2031; x_wconf 90' lang='lat' dir='ltr'>ab</span> <span class='ocrx_word' id='word_1_105' title='bbox 236 1968 311 2033; x_wconf 93' lang='lat' dir='ltr'>Inn.</span> <span class='ocrx_word' id='word_1_106' title='bbox 326 1966 419 2039; x_wconf 89' lang='lat' dir='ltr'>lll‚a</span> <span class='ocrx_word' id='word_1_107' title='bbox 435 1968 531 2052; x_wconf 82' lang='lat' dir='ltr'>Greg.</span> <span class='ocrx_word' id='word_1_108' title='bbox 546 1968 605 2040; x_wconf 90' lang='lat' dir='ltr'>IX,</span> <span class='ocrx_word' id='word_1_109' title='bbox 622 1965 663 2031; x_wconf 90' lang='lat' dir='ltr'>ab</span> <span class='ocrx_word' id='word_1_110' title='bbox 680 1969 750 2033; x_wconf 93' lang='lat' dir='ltr'>Inn.</span> <span class='ocrx_word' id='word_1_111' title='bbox 766 1966 813 2032; x_wconf 92' lang='lat' dir='ltr'>IV</span> <span class='ocrx_word' id='word_1_112' title='bbox 831 1970 865 2031; x_wconf 86' lang='lat' dir='ltr'>et</span> <span class='ocrx_word' id='word_1_113' title='bbox 879 1986 899 2031; x_wconf 94' lang='lat' dir='ltr'>a</span> <span class='ocrx_word' id='word_1_114' title='bbox 915 1965 1020 2031; x_wconf 78' lang='lat' dir='ltr'>Bonis.</span> <span class='ocrx_word' id='word_1_115' title='bbox 1033 1965 1116 2029; x_wconf 82' lang='lat' dir='ltr'>VIII</span> <span class='ocrx_word' id='word_1_116' title='bbox 1134 1964 1175 2029; x_wconf 92' lang='lat' dir='ltr'>ad</span> <span class='ocrx_word' id='word_1_117' title='bbox 1191 1964 1353 2029; x_wconf 84' lang='lat' dir='ltr'>consulta·</span> 
     </span>
     <span class='ocr_line' id='line_1_15' title="bbox 178 2091 1356 2179; baseline -0.003 -23"><span class='ocrx_word' id='word_1_118' title='bbox 178 2093 302 2159; x_wconf 88' lang='lat' dir='ltr'>tionem</span> <span class='ocrx_word' id='word_1_119' title='bbox 319 2092 458 2158; x_wconf 91' lang='lat' dir='ltr'>iudicum</span> <span class='ocrx_word' id='word_1_120' title='bbox 479 2092 638 2159; x_wconf 84' lang='lat' dir='ltr'>dabantur</span> <span class='ocrx_word' id='word_1_121' title='bbox 653 2114 712 2178; x_wconf 88' lang='lat' dir='ltr'>pro</span> <span class='ocrx_word' id='word_1_122' title='bbox 728 2092 863 2179; x_wconf 82' lang='lat' dir='ltr'>singulis</span> <span class='ocrx_word' id='word_1_123' title='bbox 879 2091 1005 2158; x_wconf 85' lang='lat' dir='ltr'>casibus</span> <span class='ocrx_word' id='word_1_124' title='bbox 1024 2092 1260 2175; x_wconf 85' lang='lat' dir='ltr'>responsiones.</span> <span class='ocrx_word' id='word_1_125' title='bbox 1273 2108 1356 2174; x_wconf 86' lang='lat' dir='ltr'>quae</span> 
     </span>
     <span class='ocr_line' id='line_1_16' title="bbox 176 2213 1354 2299; baseline -0.004 -18"><span class='ocrx_word' id='word_1_126' title='bbox 176 2216 371 2281; x_wconf 89' lang='lat' dir='ltr'>solutionem</span> <span class='ocrx_word' id='word_1_127' title='bbox 395 2216 561 2282; x_wconf 89' lang='lat' dir='ltr'>contiuent</span> <span class='ocrx_word' id='word_1_128' title='bbox 583 2216 669 2283; x_wconf 89' lang='lat' dir='ltr'>dubii</span> <span class='ocrx_word' id='word_1_129' title='bbox 693 2218 772 2283; x_wconf 90' lang='lat' dir='ltr'>iuris</span> <span class='ocrx_word' id='word_1_130' title='bbox 787 2214 1061 2282; x_wconf 86' lang='lat' dir='ltr'>accommodatam</span> <span class='ocrx_word' id='word_1_131' title='bbox 1077 2215 1165 2280; x_wconf 86' lang='lat' dir='ltr'>casui</span> <span class='ocrx_word' id='word_1_132' title='bbox 1188 2213 1354 2299; x_wconf 86' lang='lat' dir='ltr'>peculiari.</span> 
     </span>
     <span class='ocr_line' id='line_1_17' title="bbox 175 2338 1356 2429; baseline -0.003 -23"><span class='ocrx_word' id='word_1_133' title='bbox 175 2341 248 2416; x_wconf 88' lang='lat' dir='ltr'>Quo</span> <span class='ocrx_word' id='word_1_134' title='bbox 272 2340 395 2407; x_wconf 84' lang='lat' dir='ltr'>factum</span> <span class='ocrx_word' id='word_1_135' title='bbox 426 2347 476 2407; x_wconf 89' lang='lat' dir='ltr'>est</span> <span class='ocrx_word' id='word_1_136' title='bbox 502 2342 592 2409; x_wconf 90' lang='lat' dir='ltr'>utin</span> <span class='ocrx_word' id='word_1_137' title='bbox 617 2342 743 2429; x_wconf 83' lang='lat' dir='ltr'>singulo</span> <span class='ocrx_word' id='word_1_138' title='bbox 775 2342 945 2427; x_wconf 84' lang='lat' dir='ltr'>rescripto,</span> <span class='ocrx_word' id='word_1_139' title='bbox 968 2342 1049 2406; x_wconf 89' lang='lat' dir='ltr'>iuris</span> <span class='ocrx_word' id='word_1_140' title='bbox 1079 2340 1243 2426; x_wconf 84' lang='lat' dir='ltr'>dispositIo</span> <span class='ocrx_word' id='word_1_141' title='bbox 1272 2338 1356 2403; x_wconf 89' lang='lat' dir='ltr'>adsit</span> 
     </span>
     <span class='ocr_line' id='line_1_18' title="bbox 175 2460 1355 2549; baseline -0.003 -23"><span class='ocrx_word' id='word_1_142' title='bbox 175 2461 324 2529; x_wconf 83' lang='lat' dir='ltr'>involuta</span> <span class='ocrx_word' id='word_1_143' title='bbox 346 2460 533 2547; x_wconf 89' lang='lat' dir='ltr'>quibusdam</span> <span class='ocrx_word' id='word_1_144' title='bbox 557 2464 635 2531; x_wconf 86' lang='lat' dir='ltr'>iacti</span> <span class='ocrx_word' id='word_1_145' title='bbox 658 2464 817 2530; x_wconf 88' lang='lat' dir='ltr'>adiunctis</span> <span class='ocrx_word' id='word_1_146' title='bbox 832 2465 963 2529; x_wconf 90' lang='lat' dir='ltr'>omnino</span> <span class='ocrx_word' id='word_1_147' title='bbox 978 2463 1129 2549; x_wconf 84' lang='lat' dir='ltr'>propriis,</span> <span class='ocrx_word' id='word_1_148' title='bbox 1145 2461 1259 2547; x_wconf 90' lang='lat' dir='ltr'>quibus</span> <span class='ocrx_word' id='word_1_149' title='bbox 1280 2480 1355 2545; x_wconf 90' lang='lat' dir='ltr'>spo-</span> 
     </span>
     <span class='ocr_line' id='line_1_19' title="bbox 172 2587 1354 2675; baseline 0 -24"><span class='ocrx_word' id='word_1_150' title='bbox 172 2588 249 2653; x_wconf 86' lang='lat' dir='ltr'>liari</span> <span class='ocrx_word' id='word_1_151' title='bbox 272 2587 371 2655; x_wconf 89' lang='lat' dir='ltr'>debet</span> <span class='ocrx_word' id='word_1_152' title='bbox 392 2609 470 2675; x_wconf 87' lang='lat' dir='ltr'>pars</span> <span class='ocrx_word' id='word_1_153' title='bbox 485 2588 672 2675; x_wconf 78' lang='lat' dir='ltr'>disposidra</span> <span class='ocrx_word' id='word_1_154' title='bbox 686 2591 776 2663; x_wconf 85' lang='lat' dir='ltr'>iuris,</span> <span class='ocrx_word' id='word_1_155' title='bbox 789 2596 823 2655; x_wconf 89' lang='lat' dir='ltr'>ut</span> <span class='ocrx_word' id='word_1_156' title='bbox 838 2596 985 2675; x_wconf 83' lang='lat' dir='ltr'>emergat</span> <span class='ocrx_word' id='word_1_157' title='bbox 999 2588 1154 2675; x_wconf 84' lang='lat' dir='ltr'>generale</span> <span class='ocrx_word' id='word_1_158' title='bbox 1169 2590 1249 2654; x_wconf 89' lang='lat' dir='ltr'>iuris</span> <span class='ocrx_word' id='word_1_159' title='bbox 1263 2589 1354 2673; x_wconf 93' lang='lat' dir='ltr'>priu-</span> 
     </span>
     <span class='ocr_line' id='line_1_20' title="bbox 173 2710 1354 2798; baseline 0.001 -23"><span class='ocrx_word' id='word_1_160' title='bbox 173 2711 304 2795; x_wconf 88' lang='lat' dir='ltr'>cipium.</span> <span class='ocrx_word' id='word_1_161' title='bbox 335 2710 387 2776; x_wconf 88' lang='lat' dir='ltr'>Ad</span> <span class='ocrx_word' id='word_1_162' title='bbox 417 2730 488 2777; x_wconf 90' lang='lat' dir='ltr'>rem</span> <span class='ocrx_word' id='word_1_163' title='bbox 518 2719 662 2779; x_wconf 89' lang='lat' dir='ltr'>nostram</span> <span class='ocrx_word' id='word_1_164' title='bbox 693 2712 777 2798; x_wconf 92' lang='lat' dir='ltr'>quod</span> <span class='ocrx_word' id='word_1_165' title='bbox 806 2716 938 2789; x_wconf 87' lang='lat' dir='ltr'>attinet,</span> <span class='ocrx_word' id='word_1_166' title='bbox 971 2712 1166 2798; x_wconf 86' lang='lat' dir='ltr'>quaestionis</span> <span class='ocrx_word' id='word_1_167' title='bbox 1199 2711 1354 2777; x_wconf 87' lang='lat' dir='ltr'>resolutio</span> 
     </span>
     <span class='ocr_line' id='line_1_21' title="bbox 173 2832 1353 2927; baseline -0.002 -23"><span class='ocrx_word' id='word_1_168' title='bbox 173 2838 316 2905; x_wconf 87' lang='lat' dir='ltr'>babetur</span> <span class='ocrx_word' id='word_1_169' title='bbox 339 2838 374 2905; x_wconf 93' lang='lat' dir='ltr'>in</span> <span class='ocrx_word' id='word_1_170' title='bbox 397 2840 543 2925; x_wconf 82' lang='lat' dir='ltr'>generali</span> <span class='ocrx_word' id='word_1_171' title='bbox 566 2841 724 2927; x_wconf 88' lang='lat' dir='ltr'>principio</span> <span class='ocrx_word' id='word_1_172' title='bbox 743 2860 760 2905; x_wconf 73' lang='lat' dir='ltr'>c</span> <span class='ocrx_word' id='word_1_173' title='bbox 776 2832 925 2907; x_wconf 83' lang='lat' dir='ltr'>iudicem</span> <span class='ocrx_word' id='word_1_174' title='bbox 947 2840 1139 2923; x_wconf 68' lang='lat' dir='ltr'>detructum</span> <span class='ocrx_word' id='word_1_175' title='bbox 1154 2838 1275 2905; x_wconf 86' lang='lat' dir='ltr'>debere</span> <span class='ocrx_word' id='word_1_176' title='bbox 1290 2838 1353 2903; x_wconf 82' lang='lat' dir='ltr'>arl-</span> 
     </span>
     <span class='ocr_line' id='line_1_22' title="bbox 173 2963 1352 3049; baseline -0.002 -20"><span class='ocrx_word' id='word_1_177' title='bbox 173 2964 309 3030; x_wconf 88' lang='lat' dir='ltr'>mittere</span> <span class='ocrx_word' id='word_1_178' title='bbox 333 2964 387 3029; x_wconf 83' lang='lat' dir='ltr'>ret</span> <span class='ocrx_word' id='word_1_179' title='bbox 409 2964 651 3048; x_wconf 71' lang='lat' dir='ltr'>defectionem,</span> <span class='ocrx_word' id='word_1_180' title='bbox 674 2965 777 3033; x_wconf 86' lang='lat' dir='ltr'>etiam</span> <span class='ocrx_word' id='word_1_181' title='bbox 807 2965 1023 3049; x_wconf 80' lang='lat' dir='ltr'>exceptiones</span> <span class='ocrx_word' id='word_1_182' title='bbox 1039 2984 1070 3041; x_wconf 72' lang='grc' dir='ltr'>»ς</span> <span class='ocrx_word' id='word_1_183' title='bbox 1094 2963 1151 3030; x_wconf 88' lang='lat' dir='ltr'>sed</span> <span class='ocrx_word' id='word_1_184' title='bbox 1175 2964 1266 3049; x_wconf 86' lang='lat' dir='ltr'>Papa</span> <span class='ocrx_word' id='word_1_185' title='bbox 1286 2983 1352 3028; x_wconf 89' lang='lat' dir='ltr'>non</span> 
     </span>
     <span class='ocr_line' id='line_1_23' title="bbox 173 3086 1353 3175; baseline -0.002 -24"><span class='ocrx_word' id='word_1_186' title='bbox 173 3086 320 3153; x_wconf 87' lang='lat' dir='ltr'>excludit</span> <span class='ocrx_word' id='word_1_187' title='bbox 341 3088 522 3173; x_wconf 89' lang='lat' dir='ltr'>aliquando,</span> <span class='ocrx_word' id='word_1_188' title='bbox 547 3088 588 3154; x_wconf 92' lang='lat' dir='ltr'>ob</span> <span class='ocrx_word' id='word_1_189' title='bbox 610 3088 687 3171; x_wconf 83' lang='lat' dir='ltr'>iacti</span> <span class='ocrx_word' id='word_1_190' title='bbox 711 3090 861 3174; x_wconf 89' lang='lat' dir='ltr'>speciem,</span> <span class='ocrx_word' id='word_1_191' title='bbox 885 3108 980 3175; x_wconf 88' lang='lat' dir='ltr'>posse</span> <span class='ocrx_word' id='word_1_192' title='bbox 1002 3088 1169 3175; x_wconf 86' lang='lat' dir='ltr'>prohiheri</span> <span class='ocrx_word' id='word_1_193' title='bbox 1198 3106 1240 3152; x_wconf 91' lang='lat' dir='ltr'>ne</span> <span class='ocrx_word' id='word_1_194' title='bbox 1266 3086 1353 3153; x_wconf 89' lang='lat' dir='ltr'>ullae</span> 
     </span>
     <span class='ocr_line' id='line_1_24' title="bbox 171 3208 1352 3298; baseline 0.002 -27"><span class='ocrx_word' id='word_1_195' title='bbox 171 3208 389 3277; x_wconf 87' lang='lat' dir='ltr'>admittantur</span> <span class='ocrx_word' id='word_1_196' title='bbox 405 3212 621 3298; x_wconf 86' lang='lat' dir='ltr'>exceptiones,</span> <span class='ocrx_word' id='word_1_197' title='bbox 639 3214 784 3297; x_wconf 83' lang='lat' dir='ltr'>quamvis</span> <span class='ocrx_word' id='word_1_198' title='bbox 807 3212 950 3279; x_wconf 85' lang='lat' dir='ltr'>fateatur</span> <span class='ocrx_word' id='word_1_199' title='bbox 970 3233 1005 3278; x_wconf 87' lang='lat' dir='ltr'>se</span> <span class='ocrx_word' id='word_1_200' title='bbox 1028 3232 1193 3297; x_wconf 90' lang='lat' dir='ltr'>nunquam</span> <span class='ocrx_word' id='word_1_201' title='bbox 1208 3212 1271 3277; x_wconf 89' lang='lat' dir='ltr'>hoc</span> <span class='ocrx_word' id='word_1_202' title='bbox 1285 3211 1352 3275; x_wconf 89' lang='lat' dir='ltr'>ius·</span> 
     </span>
     <span class='ocr_line' id='line_1_25' title="bbox 169 3336 1411 3424; baseline 0.001 -25"><span class='ocrx_word' id='word_1_203' title='bbox 169 3336 252 3401; x_wconf 86' lang='lat' dir='ltr'>sisse</span> <span class='ocrx_word' id='word_1_204' title='bbox 275 3356 383 3421; x_wconf 90' lang='lat' dir='ltr'>neque</span> <span class='ocrx_word' id='word_1_205' title='bbox 406 3336 519 3403; x_wconf 90' lang='lat' dir='ltr'>credat</span> <span class='ocrx_word' id='word_1_206' title='bbox 542 3336 729 3403; x_wconf 89' lang='lat' dir='ltr'>decessores</span> <span class='ocrx_word' id='word_1_207' title='bbox 752 3356 826 3403; x_wconf 90' lang='lat' dir='ltr'>suos</span> <span class='ocrx_word' id='word_1_208' title='bbox 845 3337 931 3403; x_wconf 86' lang='lat' dir='ltr'>hanc</span> <span class='ocrx_word' id='word_1_209' title='bbox 945 3337 1124 3404; x_wconf 89' lang='lat' dir='ltr'>clausulam</span> <span class='ocrx_word' id='word_1_210' title='bbox 1141 3336 1350 3424; x_wconf 87' lang='lat' dir='ltr'>expressisse,</span> <span class='ocrx_word' id='word_1_211' title='bbox 1407 3398 1411 3410; x_wconf 89' lang='grc'>,</span> 
     </span>
     <span class='ocr_line' id='line_1_26' title="bbox 168 3458 1349 3547; baseline 0.002 -25"><span class='ocrx_word' id='word_1_212' title='bbox 168 3458 208 3523; x_wconf 90' lang='lat' dir='ltr'>cb</span> <span class='ocrx_word' id='word_1_213' title='bbox 224 3459 275 3523; x_wconf 91' lang='lat' dir='ltr'>rei</span> <span class='ocrx_word' id='word_1_214' title='bbox 294 3458 447 3525; x_wconf 89' lang='lat' dir='ltr'>nimirum</span> <span class='ocrx_word' id='word_1_215' title='bbox 463 3461 667 3545; x_wconf 81' lang='lat' dir='ltr'>gravitatem.</span> <span class='ocrx_word' id='word_1_216' title='bbox 683 3496 727 3511; x_wconf 89' lang='lat'><em>-</em></span> <span class='ocrx_word' id='word_1_217' title='bbox 743 3460 845 3527; x_wconf 80' lang='lat' dir='ltr'>Casus</span> <span class='ocrx_word' id='word_1_218' title='bbox 860 3462 1060 3547; x_wconf 86' lang='lat' dir='ltr'>exceptionis</span> <span class='ocrx_word' id='word_1_219' title='bbox 1077 3466 1163 3529; x_wconf 89' lang='lat' dir='ltr'>esset</span> <span class='ocrx_word' id='word_1_220' title='bbox 1182 3460 1220 3526; x_wconf 80' lang='lat' dir='ltr'>ia</span> <span class='ocrx_word' id='word_1_221' title='bbox 1243 3477 1349 3527; x_wconf 82' lang='lat' dir='ltr'>causa</span> 
     </span>
     <span class='ocr_line' id='line_1_27' title="bbox 167 3585 1351 3672; baseline -0.001 -20"><span class='ocrx_word' id='word_1_222' title='bbox 167 3586 354 3660; x_wconf 63' lang='lat' dir='ltr'>seminati,</span> <span class='ocrx_word' id='word_1_223' title='bbox 380 3586 509 3671; x_wconf 90' lang='lat' dir='ltr'>quando</span> <span class='ocrx_word' id='word_1_224' title='bbox 533 3591 659 3653; x_wconf 86' lang='lat' dir='ltr'>constet</span> <span class='ocrx_word' id='word_1_225' title='bbox 682 3607 774 3653; x_wconf 90' lang='lat' dir='ltr'>reum</span> <span class='ocrx_word' id='word_1_226' title='bbox 797 3589 862 3653; x_wconf 90' lang='lat' dir='ltr'>iam</span> <span class='ocrx_word' id='word_1_227' title='bbox 892 3586 1081 3672; x_wconf 87' lang='lat' dir='ltr'>quibusdam</span> <span class='ocrx_word' id='word_1_228' title='bbox 1108 3585 1351 3672; x_wconf 87' lang='lat' dir='ltr'>exceptionibus</span> 
     </span>
     <span class='ocr_line' id='line_1_28' title="bbox 165 3712 1350 3801; baseline 0.002 -24"><span class='ocrx_word' id='word_1_229' title='bbox 165 3712 305 3779; x_wconf 87' lang='lat' dir='ltr'>elusisse</span> <span class='ocrx_word' id='word_1_230' title='bbox 328 3712 444 3779; x_wconf 91' lang='lat' dir='ltr'>iudicis</span> <span class='ocrx_word' id='word_1_231' title='bbox 467 3715 676 3791; x_wconf 87' lang='lat' dir='ltr'>sententiam;</span> <span class='ocrx_word' id='word_1_232' title='bbox 702 3714 753 3779; x_wconf 84' lang='lat' dir='ltr'>vel</span> <span class='ocrx_word' id='word_1_233' title='bbox 778 3715 874 3781; x_wconf 88' lang='lat' dir='ltr'>etiam</span> <span class='ocrx_word' id='word_1_234' title='bbox 897 3714 935 3780; x_wconf 82' lang='lat' dir='ltr'>tn</span> <span class='ocrx_word' id='word_1_235' title='bbox 957 3733 1063 3781; x_wconf 83' lang='lat' dir='ltr'>cause</span> <span class='ocrx_word' id='word_1_236' title='bbox 1078 3714 1178 3787; x_wconf 84' lang='lat' dir='ltr'>cicili,</span> <span class='ocrx_word' id='word_1_237' title='bbox 1196 3715 1223 3778; x_wconf 91' lang='lat' dir='ltr'>si</span> <span class='ocrx_word' id='word_1_238' title='bbox 1240 3718 1350 3801; x_wconf 88' lang='lat' dir='ltr'>pateat</span> 
     </span>
     <span class='ocr_line' id='line_1_29' title="bbox 164 3834 1349 3923; baseline 0.003 -26"><span class='ocrx_word' id='word_1_239' title='bbox 164 3834 319 3899; x_wconf 84' lang='lat' dir='ltr'>voluntas</span> <span class='ocrx_word' id='word_1_240' title='bbox 342 3836 392 3899; x_wconf 90' lang='lat' dir='ltr'>rei</span> <span class='ocrx_word' id='word_1_241' title='bbox 415 3855 476 3922; x_wconf 87' lang='lat' dir='ltr'>per</span> <span class='ocrx_word' id='word_1_242' title='bbox 499 3836 658 3922; x_wconf 86' lang='lat' dir='ltr'>captiosas</span> <span class='ocrx_word' id='word_1_243' title='bbox 674 3836 883 3921; x_wconf 86' lang='lat' dir='ltr'>exceptiones</span> <span class='ocrx_word' id='word_1_244' title='bbox 898 3835 1054 3923; x_wconf 83' lang='lat' dir='ltr'>fatigandi</span> <span class='ocrx_word' id='word_1_245' title='bbox 1070 3841 1215 3902; x_wconf 87' lang='lat' dir='ltr'>actorem</span> <span class='ocrx_word' id='word_1_246' title='bbox 1239 3842 1272 3902; x_wconf 92' lang='lat' dir='ltr'>et</span> <span class='ocrx_word' id='word_1_247' title='bbox 1293 3857 1349 3901; x_wconf 86' lang='lat' dir='ltr'>ve-</span> 
     </span>
    </p>
   </div>
   <div class='ocr_carea' id='block_1_3' title="bbox 163 4026 1352 4515">
    <p class='ocr_par' dir='ltr' id='par_1_4' title="bbox 163 4026 1352 4515">
     <span class='ocr_line' id='line_1_30' title="bbox 261 4026 1349 4100; baseline 0.001 -19"><span class='ocrx_word' id='word_1_248' title='bbox 261 4027 303 4100; x_wconf 82' lang='lat' dir='ltr'>(l)</span> <span class='ocrx_word' id='word_1_249' title='bbox 323 4028 366 4083; x_wconf 87' lang='lat' dir='ltr'>Ex</span> <span class='ocrx_word' id='word_1_250' title='bbox 385 4026 452 4083; x_wconf 88' lang='lat' dir='ltr'>Inst.</span> <span class='ocrx_word' id='word_1_251' title='bbox 477 4028 546 4082; x_wconf 85' lang='lat' dir='ltr'>iuris</span> <span class='ocrx_word' id='word_1_252' title='bbox 571 4044 631 4083; x_wconf 85' lang='lat' dir='ltr'>ean.</span> <span class='ocrx_word' id='word_1_253' title='bbox 656 4033 753 4085; x_wconf 86' lang='lat' dir='ltr'>notum</span> <span class='ocrx_word' id='word_1_254' title='bbox 778 4029 960 4099; x_wconf 84' lang='lat' dir='ltr'>supponimus</span> <span class='ocrx_word' id='word_1_255' title='bbox 983 4034 1149 4100; x_wconf 85' lang='lat' dir='ltr'>conceptum</span> <span class='ocrx_word' id='word_1_256' title='bbox 1170 4029 1349 4100; x_wconf 83' lang='lat' dir='ltr'>exceptionis.</span> 
     </span>
     <span class='ocr_line' id='line_1_31' title="bbox 166 4132 1352 4206; baseline 0.002 -20"><span class='ocrx_word' id='word_1_257' title='bbox 166 4132 243 4188; x_wconf 81' lang='lat' dir='ltr'>llaec</span> <span class='ocrx_word' id='word_1_258' title='bbox 264 4136 309 4189; x_wconf 88' lang='lat' dir='ltr'>est</span> <span class='ocrx_word' id='word_1_259' title='bbox 330 4134 458 4190; x_wconf 75' lang='lat' dir='ltr'>exclusio</span> <span class='ocrx_word' id='word_1_260' title='bbox 471 4135 596 4201; x_wconf 71' lang='lat' dir='ltr'>outonis,</span> <span class='ocrx_word' id='word_1_261' title='bbox 608 4134 688 4189; x_wconf 84' lang='lat' dir='ltr'>cuius</span> <span class='ocrx_word' id='word_1_262' title='bbox 706 4135 762 4189; x_wconf 85' lang='lat' dir='ltr'>vim</span> <span class='ocrx_word' id='word_1_263' title='bbox 781 4134 827 4191; x_wconf 88' lang='lat' dir='ltr'>vel</span> <span class='ocrx_word' id='word_1_264' title='bbox 846 4134 989 4205; x_wconf 82' lang='lat' dir='ltr'>suspendit</span> <span class='ocrx_word' id='word_1_265' title='bbox 1007 4134 1053 4190; x_wconf 88' lang='lat' dir='ltr'>vel</span> <span class='ocrx_word' id='word_1_266' title='bbox 1066 4151 1178 4206; x_wconf 85' lang='lat' dir='ltr'>prorsus</span> <span class='ocrx_word' id='word_1_267' title='bbox 1190 4134 1270 4191; x_wconf 82' lang='lat' dir='ltr'>elidit</span> <span class='ocrx_word' id='word_1_268' title='bbox 1287 4152 1352 4189; x_wconf 88' lang='lat' dir='ltr'>reus</span> 
     </span>
     <span class='ocr_line' id='line_1_32' title="bbox 163 4236 1350 4313; baseline 0.003 -22"><span class='ocrx_word' id='word_1_269' title='bbox 163 4236 320 4308; x_wconf 79' lang='lat' dir='ltr'>allegando</span> <span class='ocrx_word' id='word_1_270' title='bbox 329 4236 450 4311; x_wconf 79' lang='lat' dir='ltr'>aliquid3</span> <span class='ocrx_word' id='word_1_271' title='bbox 464 4238 536 4295; x_wconf 89' lang='lat' dir='ltr'>unda</span> <span class='ocrx_word' id='word_1_272' title='bbox 548 4254 615 4295; x_wconf 79' lang='lat' dir='ltr'>rcus</span> <span class='ocrx_word' id='word_1_273' title='bbox 628 4241 791 4311; x_wconf 71' lang='lat' dir='ltr'>excipiendo</span> <span class='ocrx_word' id='word_1_274' title='bbox 799 4242 832 4313; x_wconf 76' lang='lat' dir='ltr'>fit</span> <span class='ocrx_word' id='word_1_275' title='bbox 841 4251 928 4296; x_wconf 83' lang='lat' dir='ltr'>octor.</span> <span class='ocrx_word' id='word_1_276' title='bbox 938 4270 973 4283; x_wconf 94' lang='lat'><em>-</em></span> <span class='ocrx_word' id='word_1_277' title='bbox 984 4240 1063 4295; x_wconf 82' lang='lat' dir='ltr'>Iuvat</span> <span class='ocrx_word' id='word_1_278' title='bbox 1075 4239 1147 4295; x_wconf 85' lang='lat' dir='ltr'>hanc</span> <span class='ocrx_word' id='word_1_279' title='bbox 1160 4242 1350 4313; x_wconf 86' lang='lat' dir='ltr'>quaestionem</span> 
     </span>
     <span class='ocr_line' id='line_1_33' title="bbox 164 4341 1351 4419; baseline 0.005 -24"><span class='ocrx_word' id='word_1_280' title='bbox 164 4341 316 4412; x_wconf 82' lang='lat' dir='ltr'>resolvere,</span> <span class='ocrx_word' id='word_1_281' title='bbox 330 4348 362 4399; x_wconf 89' lang='lat' dir='ltr'>nt</span> <span class='ocrx_word' id='word_1_282' title='bbox 376 4344 446 4399; x_wconf 86' lang='lat' dir='ltr'>iuris</span> <span class='ocrx_word' id='word_1_283' title='bbox 459 4343 613 4399; x_wconf 88' lang='lat' dir='ltr'>communis</span> <span class='ocrx_word' id='word_1_284' title='bbox 625 4343 801 4415; x_wconf 77' lang='lat' dir='ltr'>intelligatur</span> <span class='ocrx_word' id='word_1_285' title='bbox 814 4350 993 4416; x_wconf 86' lang='lat' dir='ltr'>praeceptum</span> <span class='ocrx_word' id='word_1_286' title='bbox 1006 4344 1060 4401; x_wconf 88' lang='lat' dir='ltr'>bac</span> <span class='ocrx_word' id='word_1_287' title='bbox 1077 4347 1106 4401; x_wconf 88' lang='lat' dir='ltr'>iu</span> <span class='ocrx_word' id='word_1_288' title='bbox 1119 4364 1164 4414; x_wconf 73' lang='grc' dir='ltr'>τος</span> <span class='ocrx_word' id='word_1_289' title='bbox 1182 4348 1296 4419; x_wconf 86' lang='lat' dir='ltr'>eiusque</span> <span class='ocrx_word' id='word_1_290' title='bbox 1309 4348 1351 4401; x_wconf 93' lang='lat' dir='ltr'>in·</span> 
     </span>
     <span class='ocr_line' id='line_1_34' title="bbox 164 4448 505 4515; baseline 0.009 -13"><span class='ocrx_word' id='word_1_291' title='bbox 164 4448 265 4515; x_wconf 85' lang='lat' dir='ltr'>tentio,</span> <span class='ocrx_word' id='word_1_292' title='bbox 285 4450 313 4503; x_wconf 94' lang='lat' dir='ltr'>in</span> <span class='ocrx_word' id='word_1_293' title='bbox 334 4452 505 4507; x_wconf 85' lang='lat' dir='ltr'>universum.</span> 
     </span>
    </p>
   </div>
   <div class='ocr_carea' id='block_1_4' title="bbox 0 0 1680 5117">
    <p class='ocr_par' dir='ltr' id='par_1_5' title="bbox 0 0 1680 5117">
     <span class='ocr_line' id='line_1_35' title="bbox 0 0 1680 5117; baseline 0 6"><span class='ocrx_word' id='word_1_294' title='bbox 0 0 1680 5117; x_wconf 95' lang='lat' dir='ltr'> </span> 
     </span>
    </p>
   </div>
  </div>
 </body>
</html>
