3350 5117
723 327 829 374 INDEX
854 325 973 376 Rasum

775 568 872 623 creor
894 568 915 621 1.

474 717 506 750 ΒΕ
521 715 627 750 TESTIUM
644 715 811 750 ΟΒΗΟΛΤΙΟΝΕ
827 717 862 750 ΑΒ
879 716 1018 750 FERENDUH
1034 714 1214 748 TESTIMONJUH.

253 869 314 924 489.
335 875 378 924 An
397 871 517 925 officium
542 872 656 928 testium
681 874 718 927 sit
741 873 884 944 publicum
910 876 939 928 et
963 870 1042 937 hine,
1060 888 1097 926 an
1119 875 1148 926 et
1171 869 1310 941 quomodo

360 977 435 1032 cives
453 978 516 1048 cogi
535 979 642 1050 possint
660 980 693 1034 sd
712 979 785 1034 idem
805 978 973 1049 explendum
991 1015 1268 1031 .......
1301 993 1365 1046 paq.
1384 972 1441 1029 503

163 1074 164 1084 ’
252 1082 313 1137 490.
333 1083 482 1146 Quaeritur
500 1084 533 1140 ds
552 1085 633 1140 modo
645 1101 700 1157 quo
713 1085 795 1142 iudex
809 1086 914 1155 excipit
926 1084 1136 1139 attestationem
1154 1083 1236 1138 testis
1253 1098 1311 1136 non

360 1189 414 1245 sibi
432 1190 544 1258 subditi,
563 1191 608 1248 vel
627 1192 709 1247 testis
726 1192 864 1262 dignitate
882 1192 1050 1262 praestantis
1078 1227 1309 1244 ......
1345 1187 1439 1247 »504

253 1292 314 1348 491.
334 1292 459 1350 Clericus
477 1295 540 1366 cogi
559 1312 613 1350 non
632 1299 725 1366 potest
742 1297 777 1350 ed
796 1295 987 1351 testimonium
1008 1295 1153 1351 ferendum
1177 1311 1196 1348 n
1219 1293 1313 1349 iudiee

360 1401 442 1472 laico,
460 1405 507 1476 qui
528 1404 641 1473 proinde
661 1405 789 1474 Episcopi
808 1403 1006 1458 auctoritatem
1025 1402 1155 1458 iuvocare
1172 1401 1264 1458 debet.
1301 1440 1309 1454 .
1346 1414 1364 1458 »
1398 1397 1441 1453 ibi

732 1612 892 1669 TITULUS
912 1613 959 1668 lx.

574 1773 610 1812 ba
631 1773 748 1813 raama
768 1773 804 1812 ΕΤ
823 1773 946 1814 AGGBSSU
965 1773 1111 1813 tuoruum.

254 1934 315 1988 492.
335 1933 492 2006 Aliquando
510 1935 692 2007 requiruntur
709 1940 796 1991 testes
816 1935 900 2004 periti
948 1973 1267 1992 ........
1298 1949 1366 2004 paq.
1383 1930 1442 1986 506

253 2037 314 2092 493.
333 2038 418 2094 ludex
436 2039 496 2109 ipse
514 2038 664 2111 aliquando
682 2055 742 2096 rem
761 2045 968 2095 controversam
992 2041 1051 2094 suis
1074 2037 1164 2094 oeulis
1187 2037 1309 2108 inspicit,

360 2143 493 2200 adhibitis
511 2146 597 2200 stiam
616 2147 844 2202 attestationibus
861 2147 976 2201 testium
1000 2146 1047 2201 vol
1071 2146 1225 2216 peritorum
1243 2161 1312 2201 oon·

360 2249 438 2306 silio:
458 2255 525 2306 tuno
543 2253 576 2307 fit
594 2269 721 2308 accessus
740 2251 879 2307 iudicialis
902 2291 1309 2307 ..........
1346 2265 1365 2306 »
1397 2248 1441 2304 ibi

776 2465 874 2519 Csrur
896 2463 916 2519 1.

747 2613 784 2648 D!
806 2615 945 2650 PERI'HA·

253 2781 314 2837 494.
334 2783 499 2852 iampridem
518 2783 669 2854 peritorum
688 2799 773 2854 opera
791 2783 918 2838 adhiberi
937 2784 1083 2839 consuevit
1100 2782 1130 2836 in
1148 2781 1265 2836 iudiciis.
1297 2796 1365 2851 pao.
1382 2777 1440 2834 508

253 2889 315 2944 495.
334 2889 422 2945 Periti
441 2888 566 2945 adhiberi
586 2894 710 2960 possunt,
728 2906 785 2961 qus
803 2890 902 2945 arbitri
921 2894 951 2944 et
967 2906 1025 2961 qus
1042 2893 1129 2945 testes
1146 2887 1265 2958 periti.
1302 2926 1311 2940 .
1346 2900 1365 2943 »
1396 2883 1441 2938 ibi

253 2996 315 3052 490.
334 2996 449 3060 Quando
473 2996 641 3053 adhibentur
659 3015 715 3069 quo
741 3001 828 3053 testes
853 2998 936 3068 periti
961 3012 998 3052 ex
1022 2997 1083 3052 iure
1101 3013 1163 3052 ean.
1181 2996 1310 3067 positivo,

360 3117 456 3158 eorum
481 3103 650 3158 sententiam
675 3118 730 3156 non
755 3102 912 3158 necessario
936 3102 1063 3174 sequitur
1087 3101 1171 3157 iudex
1188 3101 1220 3156 in
1239 3099 1310 3155 dett·

361 3209 464 3266 nionda
481 3211 672 3266 controversis
679 3249 954 3265 .......
958 3193 960 3197 ⁴
992 3246 1312 3263 ........
1348 3219 1366 3263 »
1383 3203 1441 3259 509

253 3314 315 3370 407.
334 3313 484 3385 Eligantur
502 3315 585 3385 periti
604 3314 650 3370 vel
668 3333 703 3371 ex
721 3315 811 3370 officio
831 3315 875 3371 vel
895 3315 931 3369 ad
947 3314 1112 3370 instantiam
1134 3313 1265 3384 partium.
1302 3350 1310 3364 .
1347 3309 1440 3369 »510

254 3422 315 3476 498.
335 3422 422 3478 Periti
441 3423 563 3477 recusari
582 3422 679 3480 valent
718 3456 1308 3478 ..............
1344 3433 1363 3475 »
1382 3417 1439 3485 7101

254 3525 316 3581 499.
334 3527 379 3580 An
397 3542 506 3596 semper
522 3525 606 3582 iudex
624 3543 659 3581 ex
677 3527 768 3582 offioio
787 3526 922 3597 deputare
940 3526 1034 3581 valeat
1053 3525 1175 3596 peritos.
1212 3563 1219 3576 .
1260 3563 1267 3575 .
1302 3563 1310 3578 .
1346 3521 1436 3581 »511

254 3633 315 3688 500.
335 3632 476 3696 Quomodo
493 3634 545 3688 fiat
562 3634 664 3704 peritis
677 3669 1312 3688 ...............
1348 3643 1366 3687 »
1383 3629 1436 3685 511

253 3738 315 3794 501.
335 3738 379 3794 An
397 3739 480 3809 periti
499 3739 562 3810 oogi
581 3741 695 3812 possint,
715 3756 771 3795 non
789 3757 870 3795 soous
887 3755 922 3794 ao
940 3743 1027 3795 tostos
1036 3776 1311 3792 .......
1348 3735 1441 3792 »512

769 3955 866 4010 Gerus
888 3954 920 4009 11.

691 4101 724 4136 DE
743 4101 850 4136 40053811
870 4101 997 4137 ruomu-

253 4271 315 4326 502
335 4273 470 4326 Aoeessus
487 4270 626 4328 iudicialis
645 4276 688 4326 ost
705 4272 826 4327 medium
846 4273 1018 4343 probationis
1036 4313 1267 4329 ......
1296 4290 1364 4344 paq.
1383 4272 1440 4328 514

253 4379 315 4435 503.
334 4380 499 4437 Decernitur
517 4397 643 4436 accessus
662 4397 697 4436 ex
715 4381 805 4436 officio
824 4381 870 4438 vel
887 4383 923 4436 ad
940 4383 1104 4439 instantiam
1122 4383 1261 4454 partium.
1299 4421 1306 4434 .
1344 4396 1362 4439 »
1396 4381 1437 4436 ibi
