3350 5117
547 328 591 376 us
615 327 754 375 runicus
778 327 1043 379 accusarasrrors
1313 307 1382 375 379

203 452 271 515 tate
294 469 359 515 non
376 457 581 538 prorogatur.
605 448 769 536 Siquidem
784 452 948 538 litigantes
963 473 1028 516 non
1051 457 1183 538 possunt
1197 452 1382 517 consentire

204 573 238 638 in
263 573 401 638 iudicem
423 574 551 655 laicum,
565 579 599 640 ut
615 575 669 640 hio
684 574 792 640 videat
806 574 847 640 de
870 595 967 641 causa
981 576 1147 661 spirituali,
1161 575 1216 642 vel
1233 594 1297 639 non
1311 593 1381 660 pos·

202 703 279 764 sunt
300 699 466 786 litigantes
488 701 522 764 in
539 699 611 765 foro
628 699 817 774 ecclesiast,
838 701 1066 785 praetermisso
1088 699 1194 766 iudice
1215 699 1382 764 ordinario

200 826 320 911 prioris
336 827 456 912 gradus
471 847 529 892 seu
544 827 711 912 Episcopo,
726 845 855 892 causam
871 825 1003 891 deferre
1017 824 1220 892 iudicandam
1231 827 1264 889 in
1276 825 1381 911 prima

204 951 358 1017 instantia
381 952 420 1018 ad
452 952 745 1037 Metropolitanum.
775 952 906 1017 limites
936 951 1115 1017 huiusmodi
1145 952 1382 1036 competentiae

204 1081 280 1141 sunt
304 1075 508 1142 determinati
536 1096 579 1142 ex
610 1078 680 1141 inre
704 1075 841 1162 publico,
869 1077 921 1143 cui
939 1078 1057 1162 privati
1087 1096 1152 1142 non
1179 1076 1290 1141 valent
1318 1074 1378 1141 de·

202 1219 332 1286 rogare.

294 1324 372 1390 343.
387 1325 481 1390 Notio
493 1323 732 1411 prorogationis
748 1325 982 1411 competentiae
997 1345 1016 1390 a
1033 1327 1097 1392 DD.
1114 1326 1231 1411 passim
1246 1327 1292 1390 ita
1306 1322 1380 1390 deti·

202 1451 311 1515 nitur:
365 1513 366 1518 ,
497 1534 502 1543 ¹

291 1575 455 1642 Emtensio
480 1576 724 1658 competentiae
738 1575 862 1642 iudicis
876 1577 919 1642 de
941 1594 1106 1643 consensu
1116 1576 1271 1658 partium
1285 1575 1380 1659 fecte

205 1700 298 1764 ultre
322 1698 443 1765 limites
465 1699 559 1765 intre
578 1717 663 1784 quos
686 1699 722 1764 in
744 1719 806 1767 sno
829 1701 990 1767 ecereitio
1007 1705 1091 1766 esset
1105 1699 1282 1765 ordinarie
1304 1719 1380 1766 con·

200 1823 328 1889 stricta.
353 1823 494 1889 Dicitur:

294 1944 325 2031 l)
343 1946 505 2014 Entensio
521 1947 770 2031 competentiae,
792 1948 867 2031 quia
889 1952 999 2032 partes
1014 1952 1149 2032 possunt
1163 1945 1299 2012 iudicem
1315 1947 1378 2012 iam

206 2073 442 2154 competentem
473 2070 506 2133 in
537 2075 659 2134 certam
691 2071 830 2154 speeiem
857 2071 1068 2155 negotiorum,
1092 2068 1237 2134 eumdem
1269 2069 1380 2134 facere

206 2200 441 2281 competentem
459 2198 491 2260 in
508 2196 675 2280 quemdam
693 2217 801 2262 casum
817 2195 903 2261 illius
918 2197 1045 2281 speciei,
1061 2197 1169 2278 inquo
1186 2214 1276 2261 suam
1291 2215 1378 2260 com·

158 2300 160 2304 ⁸
202 2322 378 2406 petentiam
410 2341 568 2387 exercere
599 2341 662 2386 non
694 2329 802 2407 posset
824 2320 922 2386 iudex
951 2321 991 2386 ob
1014 2322 1131 2386 limites
1161 2323 1378 2406 praescriptos

199 2445 381 2512 ordinario
405 2448 561 2512 exercitio
585 2447 653 2510 eins
677 2446 920 2529 competentiae.

289 2567 461 2652 alpensi
490 2568 547 2633 tali
579 2569 705 2635 ratione
728 2568 900 2652 prorogari
923 2568 1137 2651 competentia
1168 2565 1280 2630 iudicis
1310 2567 1379 2630 sive

198 2691 383 2756 ordinaria
405 2693 473 2756 sive
497 2691 661 2777 detepota.
686 2697 794 2756 tamen
817 2689 1041 2756 diversimode.

289 2811 324 2898 3)
349 2814 479 2880 Revera
502 2817 736 2900 competentiae
759 2816 906 2880 extensio
930 2812 965 2880 fit
987 2815 1200 2896 depersoner
1223 2813 1269 2877 ad
1297 2830 1376 2895 per·

199 2938 399 3010 sonamite
429 2957 467 3003 re
498 2937 544 3004 ad
574 2957 657 3017 rem,
683 2939 725 3003 de
755 2940 826 3004 loco
856 2937 903 3003 od
933 2937 1120 3018 teodrada
1150 2942 1300 3018 tempore
1330 2935 1378 3000 ed

203 3069 344 3146 ternpus.
370 3063 500 3129 Scilicet
522 3063 618 3127 iudici
644 3081 707 3126 non
739 3083 796 3126 suo
820 3083 855 3126 se
873 3080 1024 3144 persona
1047 3061 1235 3126 submittere
1257 3065 1377 3145 potest;

202 3192 308 3273 potest
323 3207 379 3253 rer
394 3187 544 3268 submitti,
561 3188 612 3251 vel
630 3191 734 3271 potest
750 3187 890 3273 permitti
908 3191 943 3251 ut
965 3186 1062 3250 iudex
1077 3187 1109 3250 in
1126 3185 1296 3251 territorio
1312 3205 1377 3250 non

202 3329 260 3376 suc
284 3310 337 3374 vel
361 3310 448 3375 ultra
471 3291 602 3392 tempus
625 3309 872 3374 determinatum
897 3310 945 3374 ius
968 3307 1062 3373 dicat.
1087 3309 1235 3372 lamvero
1266 3306 1379 3372 iudicis

204 3432 364 3496 ordinarii
396 3438 500 3519 potest
531 3433 660 3498 extendi
690 3434 905 3519 competentia
936 3433 1038 3497 modis
1068 3453 1166 3518 supra
1199 3431 1377 3496 recensitis.

206 3552 355 3638 Namque
371 3555 469 3621 iudex
492 3555 673 3621 ordinarius
689 3556 787 3622 habet
802 3577 822 3621 a
837 3559 908 3622 iure
923 3562 1111 3641 potestatem
1128 3557 1161 3619 in
1177 3571 1330 3640 personas
1346 3558 1379 3616 et

202 3697 257 3743 res
270 3683 362 3745 certo
379 3680 548 3746 territorio
565 3681 824 3766 comprehensas,
843 3687 875 3746 et
890 3680 970 3744 nihil
987 3680 1090 3744 refert
1106 3700 1147 3742 an
1163 3699 1228 3743 una
1239 3695 1378 3763 persona

198 3804 305 3888 potius
322 3823 416 3888 quam
431 3805 503 3881 alia,
518 3810 573 3870 aut
587 3827 651 3870 una
668 3826 730 3877 res.
756 3827 819 3870 non
833 3806 897 3870 alia
912 3807 942 3870 ei
961 3805 1176 3872 submittatur.
1199 3840 1243 3854 -
1259 3802 1378 3868 Iudicis

120 3985 124 3992 .
200 3929 352 4017 delegati,
370 3938 524 4005 econtra,
541 3937 680 4018 potestas
693 3954 756 3997 non
770 3933 924 4017 alligatur
939 3934 1064 3999 directe
1080 3934 1244 3998 territorio
1257 3936 1290 3996 et
1300 3931 1377 3996 binc

199 4058 365 4125 indirecte
378 4061 524 4144 personis
541 4066 573 4126 et
585 4061 698 4136 rebus;
720 4062 774 4125 sed
792 4061 916 4126 directe
932 4061 1120 4126 conceditur
1134 4061 1167 4125 in
1185 4068 1291 4124 certas
1306 4079 1376 4143 per-

202 4201 298 4247 sonas
323 4187 356 4246 et
378 4201 449 4256 res;
475 4201 575 4264 quare
598 4189 730 4266 praeter
752 4183 810 4248 has
834 4202 989 4268 personas
1012 4187 1044 4246 et
1068 4202 1121 4245 res
1144 4182 1233 4247 nulla
1256 4182 1376 4248 fruitur

201 4307 396 4372 auctoritate
412 4305 587 4392 delegatus.
607 4305 766 4380 Quocirca
790 4309 858 4371 eius
881 4311 1021 4391 potestas
1042 4311 1167 4370 tantum
1190 4305 1376 4372 extenditur

199 4428 243 4493 de
267 4428 339 4496 loco
356 4431 403 4496 cd
425 4431 535 4497 toturn
553 4437 584 4496 et
608 4431 649 4496 de
674 4436 824 4513 tempore
840 4431 887 4495 ed
910 4436 1049 4513 tempus.
1072 4431 1151 4495 Nam
1174 4432 1328 4515 temporis
1343 4436 1376 4496 et
