3350 5117
738 309 846 358 ruusx
874 311 992 360 nultum

734 589 895 646 TITULUS
914 591 991 646 xlx.

432 769 468 808 ott
489 769 707 810 TRANSM'l'lONE
727 770 826 810 luorcrt
846 771 882 810 ua
902 771 960 811 UNA
981 773 1010 810 ΙΝ
1029 771 1120 812 attan
1140 771 1292 812 ΡΙΒΒΟΝΔΙ

371 875 410 915 ΕΤ
436 877 472 915 ΒΕ
501 877 737 916 RENUNQIATION}
763 877 935 917 insusurras
959 877 1017 917 AUT
1042 877 1120 919 rums
1144 878 1350 919 cournovmr.

270 1068 332 1124 588.
352 1070 516 1141 Explicatur
541 1073 568 1126 in
594 1089 649 1144 quo
676 1077 802 1128 versetur
830 1075 959 1144 quaestio
986 1073 1110 1128 incidens
1137 1072 1329 1129 translationis

377 1180 472 1236 iudicii
515 1220 1282 1238 ..................
1311 1201 1380 1255 paq.
1398 1181 1455 1238 573

270 1283 331 1339 589.
350 1286 390 1340 At
409 1285 555 1343 translatio
569 1287 663 1342 iudicii
677 1292 706 1342 et
718 1285 838 1343 relative
858 1286 917 1342 litis
935 1289 1119 1358 reassumptio
1132 1290 1165 1343 ut
1177 1289 1329 1359 praemissa

377 1395 529 1448 summaria
548 1394 709 1465 cognitione
740 1435 1326 1453 ..............
1362 1397 1454 1452 »574

271 1496 337 1553 590.
356 1498 497 1562 Quomodo
516 1517 550 1555 ex
569 1501 780 1556 renunciatione
798 1506 948 1558 enascatur
965 1502 1092 1573 quaestio
1111 1502 1234 1558 incidens
1274 1543 1280 1556 .
1318 1543 1326 1559 .
1362 1502 1456 1561 »575

738 1769 899 1826 TITULUS
918 1770 982 1825 XX.

680 1940 716 1979 on
736 1938 853 1980 runicus
873 1939 1039 1980 scultenna.

272 2137 334 2192 591.
353 2138 487 2194 Iudicium
506 2137 687 2192 summarium
712 2141 754 2192 est
778 2135 848 2192 illud
874 2137 903 2192 in
927 2153 983 2209 quo
1006 2139 1174 2193 omittuntur
1198 2137 1326 2192 nonnulli

373 2247 462 2311 aetus,
481 2244 529 2315 qui
548 2243 576 2297 in
595 2243 735 2298 ordinario
754 2246 901 2298 servantur
920 2243 955 2297 ad
973 2242 1191 2299 solemnitatem.
1228 2283 1236 2296 .
1273 2285 1279 2296 .
1309 2261 1378 2316 pao.
1397 2245 1455 2300 577

270 2347 332 2404 592.
352 2348 456 2404 Iudicia
473 2350 639 2416 summaria,
658 2349 716 2404 alia
734 2352 799 2404 sunt
817 2365 834 2402 a
853 2348 929 2413 iore,
947 2347 1005 2403 alis
1028 2350 1064 2403 ab
1088 2347 1215 2417 homine,
1233 2349 1291 2404 alia
1309 2365 1327 2404 a

374 2459 476 2511 natura
495 2472 640 2510 causarum
649 2489 1326 2512 ................
1361 2455 1454 2514 »578

266 2561 328 2618 593.
348 2561 430 2618 quta
454 2567 583 2617 naturam
608 2579 754 2618 cansarum
780 2563 884 2617 iudicia
908 2563 1059 2618 summaria
1087 2562 1144 2617 alia
1170 2561 1326 2617 huiusmodi

373 2675 439 2725 sunt
456 2675 516 2725 tum
535 2671 625 2741 quoad
646 2670 847 2737 solemnitates,
867 2681 926 2726 tum
945 2671 1036 2742 quoad
1058 2672 1250 2742 probationem
1269 2670 1326 2726 alia

373 2763 565 2835 tantummodo
585 2779 674 2851 quoad
693 2780 886 2836 solemnitates
913 2819 1323 2835 ..........
1359 2794 1378 2839 »
1411 2780 1452 2835 ibi

265 2887 327 2942 594.
347 2885 438 2948 Quare
456 2886 516 2940 iure
534 2900 603 2940 rom.
622 2890 652 2941 et
671 2902 730 2940 can.
752 2885 865 2941 inducta
883 2887 940 2941 sint
960 2887 1063 2942 iudicia
1080 2887 1232 2941 summaria
1272 2926 1279 2940 .
1316 2925 1324 2941 .
1361 2885 1454 2943 »579

266 2991 327 3047 595.
348 2989 489 3053 Quaenam
508 3006 608 3044 causae
627 2987 680 3044 hoe
698 2991 755 3044 ritu
773 2991 955 3072 absolvantur
955 3030 1324 3046 .........
1361 2990 1453 3048 »589

265 3099 326 3155 596.
346 3098 487 3159 Quaenam
506 3098 598 3152 omitti
618 3098 738 3153 debeant
756 3097 784 3152 in
804 3115 935 3169 processu
954 3100 1105 3154 summario
1136 3137 1320 3152 .....
1357 3112 1377 3156 »
1393 3097 1448 3153 581

264 3203 327 3259 597.
346 3203 488 3266 Quaenam
506 3203 599 3258 omitti
618 3219 673 3258 non
693 3203 812 3261 debeant
822 3244 1323 3261 ............
1360 3204 1452 3263 »582

266 3305 327 3360 598.
346 3305 488 3368 Quomodo
506 3311 600 3376 partes
617 3307 707 3362 ordini
726 3324 871 3378 processus
889 3308 1032 3363 summarii
1053 3308 1190 3379 derogare
1208 3307 1323 3362 valeant
1358 3322 1377 3363 »
1408 3307 1451 3363 ibi

264 3411 326 3468 599.
346 3410 436 3473 Quare
455 3411 536 3468 hodie
549 3411 607 3469 late
619 3413 648 3467 in
661 3430 712 3467 usu
725 3412 781 3467 sint
794 3411 898 3466 iudicia
911 3412 1063 3465 summaria
1075 3411 1104 3464 in
1122 3411 1207 3465 curiis
1225 3410 1323 3466 eccles
1361 3425 1379 3466 »
1395 3409 1452 3466 583

737 3715 890 3783 SEOTIO
915 3717 976 3783 Ill.

508 3913 554 3968 lle
575 3910 687 3969 indicii
710 3909 897 3991 definitione
915 3925 973 3966 sen
992 3909 1205 3968 conclusione.
1234 3961 1241 3973 ,
1356 3897 1361 3904 ’

264 4159 327 4215 600.
345 4159 477 4215 Pluribus
495 4159 583 4214 modis
601 4160 699 4214 finitur
717 4159 853 4214 instantia
877 4159 1017 4214 iudicialis
1041 4158 1087 4214 vel
1112 4159 1174 4228 ipsa
1195 4159 1324 4230 quaestio

371 4265 509 4320 iudicialis
510 4301 1274 4319 ..................
1306 4281 1374 4336 pay.
1392 4263 1449 4320 584

263 4369 324 4426 601.
344 4369 416 4426 Ordo
435 4370 611 4426 tractationis
643 4408 1320 4426 ................
1358 4367 1451 4427 »585
