3350 5117
514 333 557 380 uu
581 331 719 380 runicus
743 330 1008 380 soccusmsricrs
1281 311 1347 378 367

172 463 240 525 otus
262 464 296 525 et
318 459 444 542 delicta,
457 479 539 544 quac
555 459 598 525 ibi
613 459 852 525 contrahuntur
874 459 1056 546 apersonis
1078 457 1270 544 peregrinis,
1288 478 1347 524 scu

171 582 365 648 domicilium
387 581 430 648 ibi
459 601 526 647 non
552 581 754 648 habentibus.
781 581 926 647 Proinde
954 582 1053 648 iudex
1086 583 1120 646 in
1155 601 1213 648 suo
1246 583 1347 647 terri·

171 709 254 772 torio
277 713 327 774 est
349 713 534 793 competens
557 709 591 773 iu
613 727 778 792 personas,
799 708 935 774 ratione
949 707 1121 782 domicilii,
1138 712 1170 773 et
1185 709 1218 772 in
1234 727 1289 772 res
1305 706 1348 772 ibi

172 829 270 913 sitas;
292 830 326 896 iu
340 831 427 916 ipsos
448 849 529 894 vcro
543 828 735 914 peregrinos
751 825 787 893 fit
803 832 990 914 competens
1004 827 1139 894 ratione
1155 832 1348 894 contractus

172 961 202 1020 et
223 955 357 1023 ratione
377 954 498 1022 delicti.

261 1081 344 1156 Quia
358 1100 437 1146 vero
452 1085 545 1146 actor
560 1085 593 1145 et
608 1099 684 1145 reus
700 1078 873 1163 aliquando
886 1077 1015 1144 diuerso
1028 1078 1188 1144 domicilio
1203 1082 1348 1159 utuntur,

172 1210 315 1293 aequitas
337 1208 438 1274 suasit
466 1208 530 1273 iuri
553 1207 689 1292 positivo
722 1205 871 1292 regulam
898 1206 962 1270 iam
993 1204 1201 1290 explicatam3
1231 1223 1348 1290 nempe

171 1339 321 1400 actorem
343 1329 439 1416 sequi
461 1330 582 1397 debere
596 1331 649 1396 rei
662 1329 790 1414 forum.
1222 1421 1226 1428 ¹

260 1455 307 1519 De
329 1454 402 1519 loro
425 1453 619 1540 competenti
638 1455 763 1518 ratione
787 1453 896 1520 delicti
916 1452 1059 1520 dicemus
1081 1451 1165 1517 libro
1188 1448 1348 1524 secundo;

171 1577 265 1644 modo
286 1577 457 1661 loquemur
480 1576 520 1642 de
542 1577 613 1642 aliis
631 1575 742 1672 ⁴tribus
766 1577 1004 1661 competentiae
1027 1575 1135 1640 titulis.

261 1699 338 1766 335.
363 1699 441 1765 Cum
463 1699 575 1785 primis
598 1699 765 1765 videamus
788 1700 831 1766 de
853 1699 932 1783 foro
955 1698 1127 1765 domicilii.
1148 1696 1350 1762 Domicilium

172 1824 362 1908 ingerere,
386 1829 436 1890 est
457 1823 550 1892 zoae
571 1824 609 1888 ia
633 1841 699 1907 quo
724 1822 869 1907 quisquc
891 1825 1063 1903 moreium
1086 1825 1119 1884 et
1145 1819 1351 1904 distinguitur

172 1949 206 2011 iu
228 1967 377 2016 rnorem
407 1967 553 2022 morou,
578 1948 661 2034 quod
693 1947 859 2014 obtinetur
890 1967 964 2012 cum
992 1945 1069 2032 quia
1098 1945 1196 2030 depol
1226 1943 1351 2010 alicubi

172 2093 251 2139 cum
273 2074 390 2141 ocimo
412 2073 459 2141 ibi
477 2080 645 2158 perpetuo
668 2074 835 2140 monendi
856 2073 887 2139 si
909 2072 994 2138 nibil
1017 2077 1155 2154 ccocet;
1178 2076 1212 2136 et
1233 2073 1267 2135 in
1299 2089 1351 2136 ru·

172 2219 320 2268 reorum
345 2219 474 2269 nicrum
498 2221 554 2266 seu
585 2199 684 2286 quasi
712 2200 934 2272 domicilium.
949 2205 981 2264 et
1010 2198 1050 2263 ab
1082 2217 1121 2262 eo
1144 2197 1350 2262 contrahitur

173 2327 226 2410 qui
250 2325 368 2391 alicubi
399 2325 520 2410 degens
545 2325 712 2410 proposuit
737 2343 801 2389 non
835 2329 1003 2410 perpetuo,
1027 2323 1084 2388 sed
1112 2342 1173 2407 per
1195 2323 1349 2389 maiorem

173 2451 249 2514 anni
272 2455 397 2536 partem
421 2455 477 2515 aut
506 2450 633 2524 diutius,
657 2449 740 2515 idest
764 2469 824 2533 per
843 2450 965 2532 plures
987 2467 1105 2520 aanor,
1120 2446 1236 2511 ibidem
1267 2466 1351 2511 com·

172 2576 305 2640 morari.

261 2701 335 2766 Hoc
357 2699 552 2765 domicilium
575 2699 642 2765 sive
665 2699 832 2785 proprium
855 2699 925 2764 sive
946 2697 1159 2782 improprium
1174 2701 1211 2760 ut
1226 2697 1350 2780 acquiri

173 2826 282 2910 possit.
299 2845 378 2910 opus
395 2829 444 2890 est
465 2823 556 2906 facto
573 2828 605 2889 et
627 2825 809 2905 uoluntate,
829 2842 905 2887 nam
928 2823 1015 2887 inter
1037 2821 1184 2886 homines
1198 2841 1264 2886 non
1280 2822 1351 2886 sim-

173 2950 250 3034 plex
273 2949 448 3014 voluntatis
471 2948 679 3033 propositum.
704 2947 761 3012 sed
786 2947 969 3020 saetacum
993 2947 1089 3031 plena
1112 2946 1285 3011 voluntatis
1300 2945 1352 3012 de-

173 3069 364 3135 liberatione
380 3069 517 3155 prodita,
535 3072 606 3134 iura
629 3071 776 3156 gignunt.
796 3071 849 3136 Uti
865 3089 925 3155 par
940 3074 997 3142 cst,
1015 3068 1135 3133 iactum
1151 3072 1184 3132 et
1202 3067 1352 3132 voluutas

173 3192 390 3259 diversimode
412 3195 623 3278 requiruntur
641 3215 700 3279 pro
724 3193 854 3259 diverso
878 3190 995 3258 effectu
1017 3192 1168 3258 domicilii
1190 3195 1352 3276 autquasi

173 3319 335 3386 domicilii.
368 3319 419 3386 Ad
446 3322 611 3406 proprium
639 3319 836 3386 domicilium
864 3319 1043 3403 requiritur
1065 3316 1196 3401 factum
1220 3319 1351 3385 habita-

174 3445 284 3518 tionis,
309 3444 432 3510 scilicet
460 3450 496 3510 ut
519 3445 625 3529 reipsa
656 3446 727 3528 quis
749 3441 984 3508 habitationem
1014 3443 1048 3506 iu
1072 3463 1109 3507 eo
1136 3443 1207 3507 loco
1230 3443 1352 3509 instau-

114 3623 118 3633 ,
175 3563 314 3652 1·et(l);
339 3571 372 3630 et
393 3567 549 3632 voluntas
572 3566 615 3632 ibi
638 3573 795 3652 perpetuo
822 3565 972 3630 manendi
995 3566 1022 3630 si
1045 3565 1128 3630 nihil
1150 3570 1273 3630 avocet.
1299 3566 1352 3629 Di·

175 3691 261 3755 citur
284 3725 299 3738 ·
322 3691 352 3756 ei
374 3691 459 3758 nibil
483 3697 618 3774 evocct;
637 3725 654 3739 -
672 3688 788 3756 sufficit
806 3691 892 3754 euim
915 3695 1071 3775 perpetuo
1095 3691 1353 3754 commorationis

176 3817 383 3902 propositum,
396 3817 542 3901 quamvis
574 3815 689 3882 deinde
713 3815 863 3880 voluntas
887 3815 1005 3879 mutari
1034 3815 1134 3900 possit
1157 3819 1212 3878 aut
1238 3813 1354 3903 debeat

174 3943 215 4008 ob
245 3943 383 4027 aliquam
414 3943 468 4008 vel
494 3944 698 4008 occasionem
725 3941 779 4005 vel
807 3941 1034 4006 necessitatem
1064 3940 1128 4003 alio
1160 3938 1353 4004 domicilium

176 4068 405 4136 transferendi.

265 4245 305 4317 (l)
324 4245 431 4299 Exinde
455 4245 624 4299 domicilium
642 4259 698 4298 non
717 4244 882 4315 acquiritur,
895 4242 981 4296 donec
999 4241 1161 4297 inchoatum
1181 4241 1218 4294 sit
1241 4241 1346 4294 iactum

177 4348 366 4416 habitationis,
385 4354 414 4404 et
439 4349 606 4421 acquisitum
630 4349 802 4404 domicilium
826 4365 881 4403 non
901 4347 1049 4415 amittitur,
1064 4347 1150 4402 donec
1177 4363 1277 4417 reapse
1291 4347 1354 4418 quis

177 4456 335 4512 discesserit
353 4473 408 4510 non
427 4456 545 4526 amplius
565 4472 737 4511 reversurus.
