3350 5117
333 281 398 348 112
854 303 940 350 ruas
963 304 986 350 1.

420 427 554 493 Deum
578 444 648 491 rem
672 425 895 492 concludimus
922 426 987 491 hac
1012 427 1305 503 animadversione,
1328 448 1425 513 quam
1446 448 1512 492 ma·

330 550 418 614 xime
441 553 618 635 practicam
642 572 822 618 censemus.
847 549 1010 616 Videlicet
1031 552 1131 617 iudex
1153 552 1235 618 eccl.
1251 554 1285 617 in
1299 550 1511 617 diiudicandis

330 676 581 761 particularibus
604 678 740 752 casibus,
757 679 785 743 si
798 677 883 744 bene
899 679 1081 764 perpendat
1094 684 1129 745 et
1142 681 1291 745 amtimet
1309 682 1418 745 omnia
1431 679 1510 744 iacti

330 799 495 873 adiuncta,
523 800 652 867 facilius
681 801 950 888 interpretabitur
979 822 1110 893 sensum
1138 803 1221 889 legis
1251 804 1304 869 vel
1333 804 1510 869 obscurae:

330 922 486 1007 siquidem
509 942 605 1007 quum
628 922 750 988 iactum
773 923 875 1011 probe
896 931 1104 1010 perspectum
1128 930 1242 993 estex
1264 946 1331 991 una
1351 931 1454 1011 parta
1476 928 1513 989 et

330 1067 374 1113 ex
396 1047 501 1113 altera
523 1047 605 1134 legis
627 1050 774 1121 intentio,
796 1068 862 1113 non
884 1049 993 1123 litera,
1014 1051 1158 1116 intimius
1180 1048 1422 1123 consideratum
1444 1047 1511 1112 iam

331 1176 445 1255 sponte
466 1191 525 1237 sua
550 1170 620 1239 fluit
650 1170 823 1254 conclusio,
849 1192 966 1259 nempe
994 1176 1156 1241 sententia
1181 1173 1363 1239 decernens
1387 1192 1431 1237 an
1453 1171 1511 1236 lex

332 1294 586 1380 comprehendat
608 1294 698 1359 illum
722 1315 832 1360 casum
855 1296 1097 1380 particularem.

423 1420 589 1485 llactenus
610 1420 710 1485 locuti
732 1439 844 1484 sumus
865 1418 906 1484 de
928 1418 1023 1483 dubio
1047 1420 1127 1485 iuris
1151 1420 1184 1484 in
1211 1421 1325 1485 cuiuis
1347 1416 1509 1486 madibus.

334 1545 413 1609 Nam
430 1562 541 1607 omnes
564 1545 769 1625 conveniunt,
786 1546 819 1610 in
834 1545 1055 1611 criminalibus
1073 1566 1204 1631 semper
1221 1566 1283 1631 pro
1305 1564 1364 1609 reo
1379 1562 1512 1629 respon·

333 1666 471 1733 dendum
488 1687 568 1739 esse,
586 1669 646 1732 etsi
661 1666 716 1733 lex
731 1668 757 1732 si
774 1667 945 1732 admodum
961 1668 1072 1743 dubia;
1093 1671 1170 1754 quia
1183 1689 1278 1735 nemo
1292 1668 1512 1755 praesumitur

332 1792 435 1858 malus
457 1812 515 1858 seu
537 1794 729 1858 criminosus
752 1793 814 1857 uisi
836 1792 996 1878 probetur
1018 1793 1075 1880 (l).

422 1919 476 1985 86.
501 1920 593 1985 Haec
615 1926 664 1986 est
686 1922 739 1985 via
762 1919 921 1985 indirecta
935 1920 1032 1985 iudici
1048 1926 1235 2007 comparata
1257 1922 1298 1987 ad
1320 1920 1513 1987 solutionem
1560 1898 1570 1911 ⁸

333 2045 420 2111 dubii
443 2046 523 2110 iuris
545 2065 606 2129 per
628 2043 757 2129 aliquod
781 2042 939 2109 reflexum
962 2047 1167 2131 principium.
1190 2048 1257 2113 Via
1286 2045 1411 2113 directa
1431 2066 1513 2131 pro-

333 2168 464 2254 ponitur
479 2167 511 2230 in
531 2165 592 2231 Tit.
605 2164 655 2231 28
667 2166 716 2231 De
728 2164 1014 2249 appellationibus
1027 2172 1061 2233 et
1073 2168 1305 2251 relationibus,
1317 2168 1389 2235 Lab.
1404 2170 1453 2251 ll,
1466 2170 1513 2251 X,-

333 2288 449 2353 relatio
472 2292 593 2365 autem,
618 2288 710 2350 iuxta
731 2288 943 2353 intentionem
964 2288 1060 2370 tituli,
1084 2296 1133 2355 est
1154 2288 1268 2355 iudicis
1285 2290 1450 2357 inferioris
1471 2290 1514 2355 de

334 2414 414 2479 iuris
435 2412 704 2499 interpretatione
718 2409 892 2480 dubitantis
908 2414 1109 2488 consultatio,
1125 2414 1166 2479 ad
1188 2417 1390 2500 superiorem
1403 2420 1514 2481 trans·

334 2658 515 2744 antiquiore
537 2663 644 2724 aetate
666 2660 699 2723 in
722 2678 782 2723 usu
805 2657 977 2723 admodum
999 2660 1062 2725 fuit
1082 2660 1165 2727 haec
1188 2662 1393 2737 consultati03
1410 2666 1444 2727 at
1457 2663 1515 2727 lu·

335 2786 492 2851 atinianus
515 2784 552 2849 iu
575 2782 659 2851 Noc.
677 2782 746 2849 125
769 2782 916 2848 decrevit
937 2790 973 2849 ut
995 2774 1127 2867 iudices,
1144 2786 1269 2851 omissis
1291 2784 1513 2859 relationibus,

335 3034 413 3088 locus
432 3032 486 3087 erit
504 3032 635 3101 aequitati
652 3048 708 3085 nou
726 3034 856 3103 scriptae,
869 3031 1034 3085 statuendae
1053 3032 1132 3086 iuxta
1151 3031 1309 3087 naturalem
1329 3032 1515 3102 prudentiam.

336 3140 395 3193 Hoc
419 3156 515 3205 seuera,
535 3138 563 3193 iu
589 3157 649 3210 cup.
667 3141 717 3193 ult.
738 3141 780 3193 Dc
798 3150 884 3194 trans.
906 3140 983 3209 X(1,
1002 3138 1058 3209 36),
1078 3140 1209 3195 Pontifex
1233 3139 1317 3194 iudici
1336 3138 1457 3193 consulit
1481 3146 1515 3193 ut

336 3252 430 3315 partes
448 3245 578 3300 inducere
591 3244 624 3298 ad
638 3244 812 3299 concordiam
826 3250 951 3312 conetur,
965 3244 1076 3316 quando
1087 3245 1151 3300 iura
1162 3251 1340 3301 controversa
1352 3250 1417 3300 suut
1429 3246 1517 3301 dubia

336 3356 366 3409 et
383 3354 509 3419 obscura,
528 3351 707 3406 concludens:
728 3350 787 3405 ‹Iu
807 3351 850 3405 his
870 3369 935 3407 vero
953 3369 1036 3421 snper
1054 3353 1155 3422 quibus
1170 3352 1214 3407 ius
1230 3368 1286 3406 non
1305 3352 1447 3406 iuvenitur
1466 3368 1517 3406 ex·

331 3476 465 3532 pressum
483 3458 615 3537 procedas
634 3460 787 3530 (aequitate
806 3462 927 3527 serrata)
946 3476 1057 3529 semper
1076 3459 1104 3513 iu
1124 3459 1317 3513 humaniorem
1342 3463 1450 3527 partem
1469 3459 1517 3513 de·

336 3566 474 3633 elinando,
487 3567 635 3621 meandum
648 3566 721 3637 quod
737 3582 868 3635 personas
880 3571 909 3620 et
921 3583 1029 3632 catrsas,
1042 3565 1104 3621 loca
1116 3571 1146 3620 et
1164 3571 1291 3635 tempora
1303 3564 1405 3619 videris
1417 3569 1516 3634 postu-

336 3678 396 3733 lare
409 3695 432 3730 a.
453 3676 560 3731 Exinde
579 3675 738 3730 moralistuo
760 3680 789 3730 et
810 3674 937 3730 nonnulli
956 3676 1126 3743 canonistas,
1147 3680 1178 3730 at
1196 3677 1315 3731 refertur
1333 3675 1362 3730 iu
1383 3676 1516 3731 Tmctatu

337 3781 566 3855 Gany-Bulleriui
579 3782 618 3847 11,
631 3784 653 3849 1,
669 3782 818 3852 opinantur
831 3781 913 3852 quod,
925 3781 1009 3835 dubio
1021 3782 1153 3847 instante,
1165 3782 1201 3836 ob
1213 3786 1380 3852 argumenta
1392 3783 1515 3851 partium

337 3884 402 3938 hinc
421 3884 484 3939 iude
503 3884 640 3957 aequalia,
660 3900 711 3949 ree,
730 3884 753 3937 si
772 3884 834 3938 fieri
854 3887 954 3953 potest,
973 3883 1047 3937 inter
1066 3888 1160 3952 partes
1181 3882 1329 3938 dividenda
1346 3883 1392 3936 sit.
1408 3911 1443 3924 -
1462 3884 1519 3937 Ast

338 3990 431 4045 verius
449 3996 500 4055 est,
513 3990 637 4045 iustitiae
650 3990 818 4044 conformius
831 4005 891 4043 csse
904 3987 949 4042 vel
963 3992 1057 4057 partes
1069 3988 1104 4042 ad
1122 3987 1298 4041 concordiam
1310 3988 1450 4054 inducere,
1469 3988 1516 4043 rel

339 4113 388 4167 pro
406 4113 564 4167 possessore
583 4095 755 4165 respondere.

427 4203 467 4275 (1)
486 4206 524 4259 nt
542 4202 670 4273 displicet
688 4206 829 4259 sententia
848 4204 882 4259 cl.
902 4204 981 4259 Santi
1001 4207 1039 4258 tit.
1052 4206 1102 4272 32,
1118 4206 1163 4259 lib.
1178 4205 1241 4271 I,n.
1256 4206 1293 4258 lo
1311 4210 1340 4260 et
1355 4204 1390 4259 cl.
1406 4204 1445 4260 De
1458 4206 1517 4259 Au·

339 4310 409 4381 galis
428 4314 488 4367 cod.
508 4312 547 4364 rit.
566 4330 594 4367 u.
614 4313 636 4363 5
654 4314 683 4365 et
702 4311 799 4376 noun,
816 4312 859 4366 De
876 4312 933 4365 iud.
948 4312 972 4377 J,
988 4332 1017 4383 p.
1037 4312 1103 4378 138,
1123 4312 1170 4383 qui
1191 4317 1338 4366 autumant
1357 4311 1518 4367 huiusmodi

338 4418 433 4473 lavore
452 4418 506 4471 frui
526 4434 603 4473 reum
623 4422 731 4473 tantum
751 4420 779 4473 in
799 4421 890 4475 causis
909 4420 1109 4476 criminalibus.
