3350 5117
340 284 406 351 424
868 304 953 352 rans
976 303 999 349 1.

339 425 439 509 Atqui
453 430 520 491 turn
536 427 569 490 in
585 425 772 492 ordinariis
784 430 852 490 tum
869 426 902 490 in
915 426 1112 492 summariis
1127 425 1251 491 iudiciis
1268 426 1298 491 id
1311 427 1418 513 agitur
1434 431 1519 491 acto-

339 568 408 614 rem
423 551 509 615 inter
524 555 557 615 et
571 568 673 622 raum,
688 554 722 614 ut
737 556 829 616 actor
845 569 865 613 a
882 569 938 615 reo
955 570 1045 615 snam
1062 550 1205 615 obtineat
1222 552 1418 636 petitionem,
1432 550 1518 616 dum-

339 675 432 739 modo
445 673 588 740 eamdem
601 676 634 738 in
648 672 762 738 iudicio
776 693 921 760 congrue
933 674 1137 759 probaverit;
1153 694 1248 758 quam
1261 676 1287 739 si
1300 675 1438 761 probare
1454 696 1520 741 non

252 794 254 801 ⁴
338 802 487 873 valuerit.
504 820 578 867 reus
594 800 779 866 absolvetur
794 800 835 865 ab
852 802 973 867 actoris
996 803 1158 887 petitione.
1183 838 1228 851 -
1252 802 1314 868 Sed
1329 804 1520 869 mmmaria

337 925 455 990 iudicia
477 924 516 989 ab
540 924 728 991 ordinariis
750 920 919 1006 differunt,
942 928 1017 1009 qnia
1039 931 1131 991 antus
1154 928 1186 991 in
1211 928 1262 991 his
1285 948 1359 992 cum
1383 927 1518 1012 quadam

338 1052 540 1117 solemnitate
556 1052 630 1135 poni
646 1050 773 1121 debent,
790 1068 872 1133 quae
888 1050 1074 1116 solemnitas
1089 1051 1123 1115 in
1138 1052 1338 1117 summariis
1353 1050 1522 1137 posthabe-

338 1175 401 1237 tur.
415 1207 460 1218 -
473 1171 551 1237 Inde
575 1174 608 1237 in
631 1172 804 1237 ordinariis
830 1173 954 1238 iudiciis
971 1194 1069 1239 causa
1090 1173 1173 1259 apud
1193 1174 1330 1239 iudicem
1347 1174 1520 1240 inchoatur

334 1314 402 1379 per
425 1294 573 1361 oblatum
597 1295 756 1368 libellum.
774 1315 837 1380 quo
854 1300 947 1363 actor
962 1296 1082 1381 aliquid
1105 1299 1186 1383 petit
1200 1318 1221 1361 a
1236 1298 1339 1363 iudice
1361 1298 1519 1364 adversus

338 1422 486 1486 alterum.
511 1421 545 1487 Si
568 1421 664 1486 iudex
680 1421 820 1489 oblatum
837 1390 982 1487 libellum
999 1423 1231 1508 acceptandum
1248 1444 1319 1489 esse
1335 1432 1519 1510 cognoscat,

337 1547 403 1616 edit
417 1548 617 1629 citationem,
635 1568 698 1631 qua
721 1568 796 1613 reus
812 1550 846 1613 in
861 1548 1012 1614 iudicium
1035 1551 1229 1615 convenitur
1251 1552 1354 1618 actori
1378 1571 1518 1637 respon·

338 1691 433 1736 surus
449 1691 490 1736 an
505 1672 584 1737 velit
599 1691 744 1737 annuere
759 1674 827 1737 eius
844 1674 989 1758 petitioni
1006 1674 1057 1739 rel
1075 1675 1181 1759 potius
1203 1676 1365 1741 resistere.
1383 1675 1519 1750 Quando

337 1798 516 1858 conventus
539 1794 658 1857 actoris
674 1794 860 1877 petitionem
878 1792 1074 1858 iudicialiter
1088 1796 1277 1881 impugnare
1302 1794 1457 1869 intendat,
1476 1798 1521 1861 iu·

338 1916 410 1981 dicii
435 1918 588 1983 ordinarii
614 1920 696 1983 ratio
720 1919 912 2004 expostulat,
930 1924 966 1983 ut
989 1925 1082 1986 actor
1105 1925 1138 1984 et
1161 1939 1236 1984 reus
1259 1920 1456 1985 conveniant
1479 1920 1519 1985 ad

338 2042 428 2108 litem
452 2044 708 2109 contestandum
715 2062 730 2125 ;
753 2043 837 2109 unde
865 2049 1002 2128 uterque
1025 2051 1100 2111 actu
1122 2045 1257 2111 solemni
1281 2062 1391 2109 coram
1414 2045 1519 2111 iudice

337 2166 499 2251 propriam
516 2163 674 2251 significet
689 2166 916 2242 intentionem;
932 2168 1057 2233 scilicet
1073 2174 1165 2233 actor
1181 2170 1342 2255 exprimat
1362 2170 1440 2253 quid
1462 2189 1519 2255 pe-

336 2296 392 2373 tat,
409 2298 534 2358 asserat
548 2312 625 2357 reus
640 2292 714 2377 quid
730 2295 832 2358 actori
850 2314 973 2380 negare
989 2296 1162 2361 constituat
1178 2315 1236 2380 per
1260 2297 1518 2362 controversiam

338 2415 529 2479 iudicialem.
545 2416 762 2482 -Solemnis
786 2416 853 2482 litis
868 2417 1063 2483 contestatio
1088 2419 1177 2503 ponit
1200 2417 1307 2482 iudicii
1323 2417 1437 2491 basim,
1461 2422 1513 2484 cui

337 2540 485 2606 innititur
508 2544 660 2607 universa
682 2561 798 2606 causae
823 2543 994 2607 instructio
1018 2544 1150 2626 eiusque
1176 2541 1329 2609 definitio.
1354 2544 1514 2628 Siquidem

336 2686 407 2729 oum
425 2668 536 2751 primis
551 2668 671 2732 actoris
684 2672 731 2733 est
747 2666 887 2753 probare
904 2687 993 2731 suam
1006 2667 1136 2753 petendi
1150 2670 1317 2743 rationem,
1328 2689 1385 2734 reo
1398 2677 1511 2735 contra

337 2790 483 2856 eumdem
508 2793 707 2874 excipiente;
732 2792 804 2857 dein
837 2791 936 2857 iudex
959 2794 1150 2857 sententiam
1173 2792 1289 2859 reddet
1316 2794 1512 2859 conformem

335 2915 513 2998 quaestioni
537 2917 718 2999 propositae
735 2916 766 2979 in
788 2915 846 2980 lite
872 2921 1060 2991 contestata,
1085 2937 1177 2981 reum
1202 2917 1398 2983 absolvendo
1414 2917 1454 2984 ab
1470 2920 1513 2981 in-

336 3040 454 3103 stantia
476 3039 595 3103 actoris
611 3038 663 3103 val
679 3038 923 3103 condemnando
938 3040 972 3103 in
996 3038 1092 3104 huius
1116 3042 1303 3125 petitionem
1328 3041 1513 3107 solemniter

336 3162 548 3250 significatam
572 3166 604 3229 in
627 3164 691 3229 litis
715 3166 961 3229 contestatione.
978 3199 1022 3213 —
1039 3164 1161 3230 Iudicia
1182 3172 1288 3256 autem
1311 3169 1510 3248 summaria,

335 3288 469 3353 ratione
491 3288 664 3360 materiae,
682 3307 746 3351 non
771 3286 957 3372 discrepant
972 3288 1012 3353 ab
1029 3288 1210 3363 ordinariis,
1229 3311 1301 3355 cum
1317 3299 1411 3358 actor
1426 3314 1512 3358 suam

336 3411 482 3476 obtinere
513 3431 576 3475 non
601 3412 699 3497 possit
726 3413 937 3476 intentionem
966 3411 1122 3478 adversus
1152 3435 1252 3487 reum,
1277 3417 1340 3480 nisi
1371 3416 1513 3483 eamdem

336 3532 533 3601 sufficienter
566 3534 695 3620 probet;
728 3538 882 3620 quocirca
913 3540 982 3601 tota
1012 3533 1193 3603 differentia
1216 3539 1355 3606 habetur
1377 3541 1511 3608 ratione

335 3654 481 3737 soranae.

425 3782 500 3847 396.
526 3784 577 3847 Ex
600 3782 693 3849 dictis
717 3782 795 3865 fluit,
821 3785 904 3848 ratio
928 3783 1094 3850 divisionis
1117 3786 1213 3850 huius
1235 3790 1404 3859 tractatus,
1422 3806 1513 3871 quem

336 3924 534 3989 exponemus
557 3906 590 3967 in
612 3904 712 3969 titulis
728 3942 771 3955 —
787 3905 837 3971 De
858 3906 1025 3974 oblatione
1048 3908 1151 3974 libelli
1166 3944 1209 3957 -
1226 3908 1276 3974 De
1299 3909 1457 3976 citatione
1472 3944 1514 3959 ·-

334 4028 385 4093 Da
400 4028 466 4094 litis
482 4030 718 4096 contestatione
735 4066 778 4079 -
789 4030 841 4097 De
860 4031 1121 4113 probationibus
1146 4034 1177 4096 in
1202 4053 1325 4117 genere
1341 4040 1374 4099 et
1390 4036 1424 4100 in
1441 4034 1513 4101 sub·

335 4152 539 4235 sequentibus
561 4153 661 4218 titulis
676 4153 715 4218 de
731 4154 866 4239 singulis
882 4153 1150 4237 probationibus.
1175 4156 1257 4221 Dein
1273 4157 1434 4243 mendum
1452 4160 1514 4224 erit

334 4276 378 4341 cte
400 4276 650 4361 quaestionibus
673 4278 898 4345 incidentibus
912 4280 950 4344 in
965 4298 1090 4365 aenae
1115 4287 1148 4347 et
1170 4281 1207 4347 in
1229 4282 1349 4364 specie,
1365 4282 1511 4368 denique,

335 4404 497 4485 postremo
518 4402 622 4477 titulo,
647 4401 686 4466 de
709 4402 845 4469 iudiciis
866 4402 1076 4468 suminariis.
