3350 5117
860 337 944 385 PARS
968 337 991 383 1.

837 619 951 686 Caena
975 619 1019 685 ll.

534 798 580 851 DE
606 796 737 852 lUDlGlS
761 794 1022 849 COMPETENTIA
1050 791 1317 847 DETERMlNATA

727 903 888 958 RATIONE
913 902 1133 956 TERRITORll.

338 1121 554 1178 Summarlum.
574 1119 634 1175 334.
655 1120 738 1175 ludex
758 1119 866 1174 ratione
886 1117 1022 1173 territorii
1047 1118 1081 1171 fit
1100 1119 1260 1185 competens
1277 1115 1306 1168 in
1325 1128 1460 1184 personas
1478 1109 1521 1162 ibi

427 1224 596 1279 domicilium
609 1223 744 1279 habentes
762 1227 792 1278 et
804 1239 849 1278 res
868 1222 907 1276 ibi
920 1223 996 1288 sitas,
1018 1226 1163 1291 praeterea
1174 1225 1219 1276 eat
1236 1223 1397 1288 competens
1409 1219 1441 1272 in
1453 1233 1524 1272 con·

427 1337 534 1386 tractus
552 1332 636 1386 initos
655 1337 684 1386 et
702 1331 731 1384 in
749 1329 854 1385 delicta
872 1330 911 1383 ibi
931 1347 949 1383 a
968 1329 1123 1399 peregrinis
1142 1331 1261 1396 patrata
1278 1354 1316 1368 -
1336 1325 1397 1380 335
1423 1325 1523 1394 Expli-

421 1443 502 1491 catur
519 1437 655 1508 quomodo
674 1434 856 1490 contrahatur
875 1439 972 1506 sorum
991 1435 1136 1489 domicilii.
1150 1463 1185 1476 -
1202 1432 1263 1486 336.
1282 1430 1426 1493 Quomodo
1445 1429 1524 1484 suffi-

355 1587 360 1594 .
428 1544 485 1598 ciat
506 1545 586 1614 quasi
609 1545 791 1598 domicilium.
811 1571 846 1584 -
865 1541 927 1628 3375
947 1546 986 1596 At
1009 1560 1065 1598 non
1091 1542 1256 1606 admittitur,
1274 1542 1304 1595 in
1328 1558 1359 1596 re
1383 1539 1523 1606 iudiciali,

427 1651 517 1703 sorum
535 1649 652 1718 originis
670 1649 832 1703 distinctum
851 1665 869 1701 a
886 1651 947 1703 foro
965 1645 1108 1702 domicilii.
1120 1676 1158 1690 -
1169 1647 1231 1701 338.
1245 1648 1284 1702 De
1296 1647 1439 1701 domicilio
1457 1649 1523 1718 pcto

429 1775 477 1812 seu
497 1761 592 1829 lepali.
612 1787 646 1800 -
667 1757 729 1812 339.
749 1758 788 1813 De
807 1760 869 1812 loro
886 1759 1055 1827 competenti
1075 1762 1185 1813 ratione
1197 1762 1365 1824 contractus,
1378 1755 1423 1811 vel
1437 1756 1523 1828 quasi

430 1870 595 1920 contractus.
611 1893 648 1908 -·
666 1865 727 1919 340.
747 1865 824 1931 ltem,
848 1868 958 1918 ratione
976 1865 1022 1918 rei
1039 1866 1117 1919 sitae.
1137 1893 1171 1904 -
1195 1862 1255 1917 341.
1282 1863 1401 1924 Quinam
1422 1865 1523 1918 modus

429 1973 590 2042 praevaleat
608 1975 636 2027 in
655 1974 795 2028 sortiendo
812 1975 883 2040 loro,
901 1973 1012 2044 quaudo
1031 1972 1126 2043 plures
1145 1943 1180 2028 ex
1199 1973 1243 2027 hie
1262 1979 1439 2028 concurrant.

429 2202 505 2268 334.
530 2203 689 2269 ludicib'us
708 2203 842 2272 ratione
864 2203 1031 2270 territorii
1046 2202 1183 2269 subsunt
1199 2207 1233 2268 et
1254 2223 1309 2268 res
1325 2223 1384 2268 seu
1398 2205 1474 2268 iura
1489 2210 1521 2268 et

341 2348 517 2412 personae;
541 2332 615 2414 quia
637 2350 692 2395 res
715 2335 747 2395 et
770 2349 931 2415 personae
952 2331 1122 2395 territorio
1146 2331 1365 2395 continentur.
1389 2329 1424 2395 Si
1441 2349 1521 2394 vero

341 2449 497 2516 iudicibus
519 2452 606 2517 iacta
632 2451 745 2518 luisset
768 2451 906 2516 facultas
930 2451 1092 2516 iudicandi
1125 2451 1166 2516 de
1189 2449 1289 2515 rebus
1316 2453 1350 2514 et
1372 2451 1522 2534 personis

339 2575 460 2660 absque
483 2576 549 2641 ulla
571 2577 760 2642 limitatione
783 2577 952 2650 territorii,
977 2596 1096 2661 magna
1125 2577 1274 2642 confusio
1299 2582 1373 2641 orta
1396 2577 1520 2647 fuisset,

341 2701 577 2785 quamplurima
603 2700 725 2767 civibus
756 2701 1024 2773 incommodam
1053 2701 1245 2786 praesertim
1274 2701 1416 2764 maxima
1444 2697 1522 2765 dilli-

341 2823 446 2890 cultas
469 2825 659 2909 cognitionis
682 2843 799 2888 causae
822 2825 963 2908 agitatae
987 2822 1020 2888 in
1045 2823 1117 2888 loco
1142 2829 1266 2889 remoto
1289 2841 1310 2887 a
1332 2823 1431 2888 rebus
1454 2828 1522 2888 eta

341 2948 488 3032 personis
511 2947 623 3032 quibus
646 2950 796 3034 pertinet.
816 2950 853 3012 ln
869 2948 942 3014 foro
958 2953 1067 3014 autem
1090 2949 1256 3024 canonico,
1271 2949 1363 3014 cuius
1379 2954 1523 3034 potestas

340 3091 377 3136 se
391 3072 554 3157 protendit
567 3091 627 3158 per
649 3074 836 3138 universum
853 3071 975 3146 orbem,
993 3072 1150 3138 iudicibus
1167 3072 1399 3139 ecclesiasticis
1414 3072 1522 3138 nullus

341 3199 497 3265 adfuisset
520 3199 724 3265 exercendae
740 3201 889 3285 potestati
913 3197 985 3264 linis
1010 3199 1229 3265 territorialis.
1255 3199 1465 3285 Quapropter
1483 3198 1524 3264 ad

342 3325 466 3386 rectam
488 3321 626 3386 iustitiae
649 3319 959 3385 administrationem
976 3321 1112 3406 singulis
1136 3321 1302 3406 proprium
1319 3322 1521 3386 territorium

340 3448 529 3515 attributum
554 3449 630 3522 fuit3
655 3447 739 3512 uude
764 3448 896 3531 regula:
924 3469 942 3509 s
966 3453 1066 3513 extra
1090 3448 1301 3514 territorium
1324 3447 1379 3514 ius
1398 3447 1523 3514 dicenti

343 3573 485 3656 impune
507 3591 577 3638 mou
596 3575 762 3654 peretum
790 3593 833 3635 ex
857 3572 878 3635 t.
902 3569 1020 3654 amff.
1047 3569 1096 3636 De
1123 3571 1259 3652 iurisd3
1285 3571 1359 3655 quia
1382 3573 1521 3637 circum-

341 3696 475 3779 scriptio
497 3693 704 3758 territurialis
725 3693 844 3759 limitat
865 3695 967 3777 ipsam
997 3693 1110 3758 iudicis
1134 3692 1389 3759 iurisdictionem
1413 3692 1520 3778 quoad

344 3819 451 3884 locum
473 3820 521 3884 sui
546 3817 704 3882 exercitii.

432 3943 502 4008 Per
525 3942 734 4010 territorium
763 3943 942 4008 sortiuntur
972 3941 1095 4008 iudices
1129 3961 1288 4028 personas
1321 3948 1354 4007 et
1378 3961 1433 4008 res
1463 3941 1520 4008 sibi

343 4067 516 4140 subiectam
540 4085 655 4150 nempe
679 4070 896 4150 competentes
912 4063 993 4132 fiunt
1010 4067 1042 4130 in
1067 4083 1233 4151 personas,
1257 4065 1301 4131 ibi
1326 4065 1519 4132 domicilium

344 4187 397 4253 vel
427 4189 516 4272 quasi
546 4187 739 4253 domicilium
770 4188 936 4268 habentes
958 4193 991 4253 et
1022 4189 1056 4252 in
1081 4207 1135 4254 res
1165 4188 1209 4254 ibi
1237 4190 1409 4262 situasive
1432 4187 1518 4254 fundi

343 4315 408 4379 sint
432 4315 542 4382 rustici
566 4321 621 4380 aut
644 4313 769 4395 urbani,
782 4316 852 4378 sire
868 4335 921 4378 res
945 4314 1078 4380 mobiles
1094 4321 1151 4383 aut
1172 4315 1361 4391 immobiles,
1379 4324 1412 4383 et
1432 4333 1519 4402 prae

345 4445 436 4506 terea
458 4438 540 4504 fiunt
563 4445 781 4525 competentes
804 4441 836 4503 in
859 4437 955 4522 facta
977 4440 1134 4514 iuridicis.
1156 4442 1309 4506 nimirum
1332 4443 1367 4506 iu
1391 4446 1516 4507 contra·
