3350 5117
339 267 404 332 aar
520 249 523 255 ’
865 287 948 334 pass
973 286 995 333 1.

339 432 365 477 c.
384 410 470 477 u15
494 410 547 476 De
570 416 652 477 seut.
669 416 701 476 et
722 429 762 475 re
785 411 855 475 iud.
873 412 906 475 X
923 411 979 495 (11,
998 410 1063 494 27),
1081 410 1105 475 8
1120 410 1151 473 b.
1169 416 1190 474 t.
1214 411 1251 474 ia
1275 412 1298 475 6
1320 416 1353 475 et
1374 409 1523 477 Clem.3

339 533 369 598 h.
395 538 417 598 t.
444 534 481 596 ln
504 535 642 619 negotiis
673 532 992 599 extrciudc'cialibue
1015 538 1243 619 computantur
1269 532 1379 598 decem
1410 532 1521 596 diesa

338 660 452 724 notitia
474 661 682 745 gravaminis,
707 662 753 726 eet
777 678 851 742 cap.
877 660 901 725 8
924 660 956 723 h.
980 665 1002 725 t.
1027 658 1065 724 in
1088 659 1121 724 6.

429 782 503 848 639.
529 784 612 859 Quia
639 784 812 870 appellatio
844 786 961 848 natura
992 786 1050 848 sud
1079 782 1244 869 suspendit
1274 784 1520 869 competentiam

339 906 452 973 iudicis
475 908 528 992 qni
552 910 744 973 sententiam
768 908 874 981 edidit,
900 928 956 973 seu
984 907 1097 973 iudicis
1120 926 1143 972 a
1166 926 1233 992 quo
1256 906 1325 972 vult
1351 905 1522 991 appellari,

338 1220 427 1275 datur.
448 1222 483 1275 X.
503 1222 593 1277 Causa
610 1222 809 1291 appellationis
826 1222 974 1291 pendente,
994 1221 1139 1291 appellans
1151 1222 1180 1275 in
1193 1222 1299 1287 eodem,
1312 1237 1367 1292 quo
1383 1220 1522 1290 reperitur

337 1342 450 1381 carcere
469 1327 656 1395 permanebit,
677 1326 767 1397 quoad
787 1326 885 1392 index,
904 1326 937 1379 ad
956 1343 1038 1397 quem
1057 1324 1229 1395 appellatum
1248 1330 1299 1389 est,
1318 1325 1385 1378 visis
1402 1324 1472 1377 actis
1492 1330 1522 1377 et

337 1446 422 1485 causa
440 1432 560 1499 cognita,
579 1431 665 1486 aliter·
683 1414 851 1486 demolierit:
871 1436 900 1486 et
919 1437 985 1485 tnnc
998 1432 1021 1483 si
1036 1448 1053 1485 a
1066 1430 1165 1484 iudicis
1183 1432 1314 1501 adquam
1332 1430 1444 1483 decreto
1463 1430 1521 1482 viru

337 1537 497 1593 definitivae
515 1538 637 1594 habente
655 1540 741 1594 scierit
759 1539 945 1610 appellatum,
963 1540 1034 1594 nihil
1053 1539 1199 1606 mandare,
1218 1544 1267 1592 aut
1286 1554 1335 1609 pro
1353 1537 1396 1591 eui
1414 1537 1519 1591 decreti

337 1646 522 1717 exequutione
541 1652 683 1702 attentare
702 1648 814 1717 poterit,
833 1648 920 1701 donec
940 1663 989 1717 per
1009 1647 1127 1701 iudicem
1147 1648 1317 1715 superiorem
1340 1644 1416 1698 aliud
1434 1644 1522 1699 fuerit

336 1753 501 1808 ordinatum.
526 1754 574 1807 xl.
594 1757 666 1808 Acta
690 1755 841 1823 originalia
866 1755 1141 1825 processus‚primae
1166 1754 1317 1807 instantiae
1341 1752 1375 1805 ad
1400 1752 1520 1805 iudicem

336 1859 533 1930 appellationis
552 1861 676 1915 notarius
696 1862 808 1915 mittere
829 1877 882 1914 non
903 1864 1028 1930 cogetur,
1043 1860 1094 1913 uisi
1110 1860 1262 1930 probabilis
1274 1859 1369 1930 aliqua
1386 1858 1522 1913 falsitatis

336 1985 421 2021 causa
445 1974 474 2023 et
498 1969 618 2037 euspicio
638 1969 752 2033 incidat,
771 1985 842 2039 qnae
868 1968 1037 2022 iudicialiter
1055 1968 1205 2022 obiiciatur
1225 1972 1253 2022 et
1275 1972 1349 2035 tunc,
1370 1968 1520 2021 terminata

337 2093 429 2141 cansa,
447 2077 616 2130 remittenda
634 2081 699 2130 aunt
719 2076 752 2129 ad
772 2076 957 2143 Ordinarium‚
978 2082 1009 2130 ut
1034 2077 1061 2131 in
1087 2092 1137 2130 suo
1163 2076 1287 2129 archivio
1312 2080 1520 2131 conserventur.

337 2183 397 2239 Xll.
417 2183 540 2239 Censura
558 2185 750 2239 ecclesiastica
769 2185 798 2238 in
817 2184 1006 2253 appellantem
1027 2184 1143 2253 prolate,
1164 2182 1283 2238 relaxari
1303 2186 1353 2237 aut
1374 2182 1452 2237 nulla
1470 2182 1520 2235 de·

337 2291 438 2345 clarari
457 2308 506 2361 per
525 2292 643 2345 indicem
663 2291 862 2360 appellationis
881 2306 934 2344 non
955 2290 1050 2360 possit,
1064 2290 1117 2343 nisi
1136 2290 1238 2343 auditis
1257 2290 1382 2357 partibus
1394 2294 1423 2343 et
1436 2305 1520 2341 causa

337 2397 465 2465 coguita3
484 2401 604 2468 tuncque
626 2398 649 2449 si
670 2396 828 2451 constiterit
848 2414 909 2451 eam
929 2397 1030 2451 iustam
1050 2414 1118 2461 esse,
1138 2396 1171 2450 ad
1191 2397 1309 2450 iudicem
1334 2396 1381 2467 qui
1407 2412 1520 2449 exeom-

337 2502 490 2555 municavit
509 2499 653 2571 appellans
673 2500 857 2554 remittendus
876 2505 927 2565 est,
940 2504 972 2554 ut
991 2502 1026 2553 ab
1046 2500 1106 2569 ipso
1125 2501 1203 2555 iuxta
1222 2516 1315 2553 sacros
1334 2516 1454 2554 canones
1472 2502 1521 2555 be-

336 2610 467 2664 neficium
493 2610 692 2677 absolutionis,
718 2610 741 2662 si
767 2608 911 2663 humiliter
940 2608 1067 2679 petierit,
1092 2609 1269 2680 debitamque
1296 2609 1520 2664 emendationem

337 2718 525 2786 praestiterit,
544 2719 684 2781 obtineat;
704 2717 727 2770 si
746 2733 814 2771 vero
833 2717 964 2769 iniustam
985 2733 1045 2770 esse
1064 2715 1139 2769 clare
1158 2720 1281 2785 apparet,
1295 2715 1421 2784 superior
1440 2716 1519 2767 abso·

336 2822 473 2877 tutionem
491 2824 648 2892 impendat;
668 2824 691 2875 si
710 2823 862 2889 dubitetur,
882 2821 1026 2876 honestius
1044 2826 1087 2876 eat
1110 2824 1141 2875 ut
1163 2819 1196 2875 ad
1219 2820 1519 2875 excommunicatorem

545 2900 556 2923 O

335 2927 411 2982 intra
423 2929 536 2982 brevem
554 2928 678 2999 aliquem
697 2932 901 2998 competentem
921 2928 1069 2981 terminum
1090 2925 1178 2980 eidem
1198 2927 1406 2996 praeligendum
1425 2925 1519 2979 absol-

335 3033 441 3088 vendus
460 3034 629 3100 remittatur,
648 3032 717 3089 licet
734 3033 820 3088 etiam
839 3032 966 3101 superior
984 3030 1037 3086 hoc
1056 3050 1120 3087 casu
1140 3032 1258 3101 idipsum
1273 3049 1321 3101 per
1333 3049 1362 3087 se
1376 3037 1521 3099 praestare

335 3137 397 3193 iure
421 3138 516 3207 possit.
538 3138 609 3193 XIII.
629 3138 778 3192 Absolutio
796 3137 831 3190 ad
850 3138 1003 3204 cautelam,
1023 3154 1078 3191 non
1104 3136 1157 3190 nisi
1182 3142 1262 3206 parte
1286 3138 1374 3191 citata
1399 3142 1428 3190 et
1452 3137 1520 3191 visis

336 3244 415 3310 actis,
433 3260 496 3297 cum
515 3244 659 3297 dubitatur
681 3243 713 3297 de
732 3243 865 3297 nullitate
884 3241 1179 3296 excommunicationis
1197 3243 1232 3295 ab
1251 3240 1364 3296 homine
1383 3239 1520 3310 prolatae,

335 3349 381 3404 vel
400 3366 417 3402 a
435 3349 509 3413 iure,
528 3350 551 3401 ei
570 3354 700 3402 occurrat
718 3348 831 3402 dubium
850 3348 933 3411 lacti,
951 3346 997 3401 vel
1016 3346 1160 3417 prababile
1179 3347 1293 3400 dubium
1314 3346 1398 3411 iuris,
1416 3361 1518 3400 conce-

316 3428 424 3509 'denda
442 3454 510 3507 erit:
531 3461 652 3524 tuncque
671 3453 706 3505 ad
724 3454 809 3507 breve
828 3456 938 3521 tempus
964 3469 1026 3505 cum
1052 3450 1249 3517 reincidentia,
1267 3455 1298 3505 et
1315 3451 1450 3520 praestita
1470 3468 1520 3521 per

335 3559 606 3613 excommunicatum
625 3559 755 3612 cautione
774 3559 807 3611 de
826 3557 925 3611 stando
944 3558 1013 3624 iuri,
1032 3561 1062 3613 et
1080 3557 1200 3627 parendo
1219 3556 1357 3611 mandatis
1376 3556 1518 3611 Ecclesiae

336 3670 459 3732 tantum;
479 3670 508 3720 et
527 3667 550 3719 si
570 3667 648 3719 iuxta
667 3667 786 3747 formam
804 3682 820 3717 a
840 3665 901 3718 iure
917 3665 1125 3733 praescriptam,
1139 3664 1292 3733 apparebit,
1305 3680 1385 3733 quem
1406 3666 1442 3717 ob
1461 3680 1520 3717 ma-

334 3772 464 3825 nifestam
483 3773 616 3825 offensam
636 3771 907 3823 excommunicatum
926 3769 1026 3835 fuisse,
1045 3769 1165 3823 debitam
1191 3768 1276 3823 etiam
1298 3770 1517 3823 satisfactionem

334 3885 485 3948 praestare,
504 3883 534 3933 et
553 3880 576 3931 si
595 3880 631 3932 ob
650 3877 855 3932 contumaciam
875 3878 1061 3943 manifestem,
1079 3878 1207 3947 expensis
1225 3878 1330 3947 pariter
1348 3877 1520 3941 satisfacere,

336 3991 365 4040 et
382 4003 481 4041 cavere
500 3986 533 4040 de
552 3986 656 4040 iudicio
675 3986 736 4039 sisti
754 4002 848 4040 eoram
861 3986 1132 4045 excommunicatore
1151 3986 1175 4039 is
1194 3986 1343 4050 tenebitur,
1357 3985 1517 4055 priusquam

334 4093 367 4146 ad
387 4092 528 4147 cautelam
547 4092 716 4147 absolvatur.
737 4093 811 4147 xlv.
831 4095 856 4146 A
876 4093 1017 4148 sententia
1036 4093 1122 4147 etiam
1141 4092 1284 4148 definitiva
1302 4096 1399 4146 contra
1421 4108 1517 4147 verum

334 4202 528 4252 contumacem
553 4198 678 4267 prolata,
704 4198 856 4268 appellatio
880 4214 936 4252 non
962 4198 1126 4268 recipiatur,
1154 4215 1205 4253 nec
1232 4196 1363 4252 inhibih'o
1387 4201 1437 4252 aut
1461 4195 1518 4250 alia

335 4301 450 4372 quaevis
468 4301 604 4371 provisio,
623 4300 755 4372 quamdiu
774 4300 919 4371 appellans
938 4302 967 4356 in
986 4299 1141 4357 huiusmodi
1168 4316 1233 4357 vera
1259 4278 1435 4356 contumacia
1454 4317 1517 4371 per·

336 4409 449 4475 stiterit,
469 4407 673 4465 concedatur».
