3350 5117
841 238 926 285 Pius
951 238 971 283 1.

768 481 949 549 TITULUS
971 483 1049 548 XlI.

587 680 639 725 DE
672 678 974 728 CONCLUSIONE
1005 680 1048 726 IN
1079 679 1229 727 CAUSA.

667 800 719 841 Huc
734 798 843 843 reseram.
859 800 895 843 ut.
912 800 945 851 ie,
959 797 995 853 22,
1015 798 1064 843 Lib.
1080 800 1148 844 11·x.

319 955 536 1011 summarium.
548 986 582 999 -
594 957 655 1013 529.
672 958 818 1013 Conclusio
832 961 862 1012 in
874 976 958 1012 causo
976 958 1083 1013 claudit
1100 958 1242 1014 definitive
1260 958 1412 1012 tonninum
1427 973 1500 1027 pro·

408 1065 554 1118 latorium.
574 1090 607 1105 -
627 1064 688 1118 530.
709 1064 775 1117 Eius
794 1064 910 1119 utilitas.
923 1093 960 1105 -
972 1064 1033 1119 531.
1053 1065 1083 1119 ln
1102 1067 1232 1120 civilibus
1250 1064 1341 1119 editur
1356 1063 1501 1118 decretum

409 1170 549 1224 ordinario
562 1170 596 1224 ad
607 1173 766 1224 instantiam
779 1170 875 1239 partis,
885 1172 914 1223 in
927 1171 1120 1224 criminalibus
1132 1170 1250 1240 aliisque
1260 1169 1288 1223 id
1300 1185 1389 1239 genus
1398 1168 1503 1236 causis,

409 1296 446 1334 cn
459 1281 560 1349 officio.
571 1306 604 1319 -
614 1278 675 1333 532
686 1280 731 1333 Aa
744 1280 886 1333 conclusio
896 1281 925 1331 in
938 1294 1023 1332 causo
1033 1278 1192 1347 requiratur
1200 1277 1235 1330 ad
1244 1280 1425 1332 substantiam
1430 1293 1505 1348 pro-

408 1402 511 1439 cessus.
530 1413 565 1427 -
583 1384 644 1439 533.
666 1384 788 1440 Effectus
813 1385 999 1441 conclusionis
1022 1385 1052 1437 in
1071 1401 1163 1438 causa.
1180 1412 1217 1425 -
1236 1383 1297 1439 534.
1317 1387 1356 1439 at
1379 1385 1464 1440 iudex
1482 1402 1502 1440 a

408 1492 536 1562 partibus
554 1492 700 1563 exquirere
719 1495 810 1561 potest
834 1495 866 1545 ut
884 1490 1027 1545 declarent
1046 1500 1109 1544 acta
1127 1493 1157 1545 et
1172 1492 1298 1560 probato,
1317 1495 1346 1545 et
1364 1491 1451 1545 etiam
1467 1494 1501 1546 ut

409 1600 487 1655 aliud
513 1600 685 1670 probationis
708 1600 923 1654 instrumentum
946 1600 1080 1664 afferant3
1107 1598 1229 1667 partium
1252 1615 1319 1654 vero
1346 1598 1506 1654 instantiae

410 1704 578 1777 producendi
597 1705 668 1759 alias
686 1706 864 1775 probationes
876 1722 931 1759 non
951 1704 1105 1773 indulgeat,
1119 1704 1173 1757 nisi
1186 1704 1281 1774 gravia
1293 1708 1394 1774 urgeat
1405 1721 1500 1758 causa.

407 1841 442 1855 -
455 1811 516 1866 535.
537 1811 700 1867 Differentia
719 1812 793 1866 inter
811 1814 1019 1867 conclusionem
1031 1811 1060 1864 in
1080 1828 1163 1865 causa
1176 1816 1205 1865 et
1221 1812 1440 1883 publicationem
1458 1816 1506 1865 at-

408 1917 590 1973 testationum
610 1918 654 1972 vel
674 1932 825 1986 processus.

408 2080 485 2147 529.
510 2079 625 2160 Iudex,
650 2084 721 2164 post
743 2080 830 2144 litem
854 2084 1076 2161 contestatam,
1100 2079 1245 2165 partibus
1267 2079 1415 2145 coneedit
1438 2084 1507 2145 ter-

318 2207 452 2273 minum
475 2206 728 2290 probatorium,
751 2224 846 2289 quem
876 2212 985 2272 mmen
1016 2206 1069 2271 vel
1101 2210 1246 2271 coarctat
1268 2205 1323 2270 vel
1344 2209 1508 2291 prorogat.

220 2336 222 2342 '
276 2406 278 2421 Ι
319 2333 410 2397 iuxta
434 2332 659 2397 necessitatem
676 2330 897 2395 instructionis
920 2350 1045 2395 musae.
1070 2330 1175 2405 Quum
1191 2349 1269 2395 varo
1293 2328 1507 2415 probationes

319 2460 383 2523 iam
407 2457 487 2524 sunt
515 2456 642 2530 allatae,
671 2456 869 2542 proindeque
892 2476 990 2522 causa
1011 2456 1140 2521 videtur
1163 2475 1306 2541 congrue
1330 2456 1505 2530 instructa,

319 2583 429 2648 editur
452 2581 592 2647 aiudioe
616 2580 784 2647 decretum
808 2600 870 2665 quo
886 2579 1050 2647 definitive
1074 2580 1234 2646 clauditur
1255 2580 1413 2644 terminus
1427 2600 1506 2665 pro*

318 2708 474 2781 batorius,
492 2705 573 2772 adeo
594 2712 629 2771 ut
644 2705 883 2791 probationibus
905 2702 1080 2771 afferendis
1094 2704 1231 2790 amplius
1254 2724 1318 2769 non
1341 2704 1505 2770 sitloeus.

320 2830 388 2895 Per
411 2827 592 2894 huiusmodi
615 2828 782 2893 decretum
806 2827 924 2892 dicitnr
946 2828 1018 2892 fieri
1042 2827 1210 2894 conclusio
1233 2826 1271 2892 in
1293 2846 1408 2894 cansa.

409 2952 487 3019 530.
513 2952 635 3037 Seopns
658 2951 884 3018 conclusionis
905 2951 942 3016 in
958 2970 1063 3017 consa
1086 2955 1145 3032 est,
1169 2951 1302 3017 auterre
1318 2970 1503 3035 quamcum-

320 3096 383 3162 que
406 3077 601 3143 dubietatem
625 3078 714 3141 ciroa
736 3080 862 3160 tempus
893 3074 971 3141 utile
993 3073 1034 3139 ed
1057 3075 1263 3160 probationes
1285 3074 1499 3145 deducendas,

321 3222 441 3289 urgere
466 3209 576 3289 partes
592 3222 634 3268 ne
650 3202 766 3270 diutius
790 3204 957 3288 negligant
972 3202 1162 3268 documenta
1176 3203 1242 3267 litis
1257 3202 1418 3288 proferre,
1436 3224 1506 3269 nec·

321 3345 386 3391 non
410 3324 577 3390 fraudibus
601 3292 802 3391 occasionem
826 3330 1003 3410 amputare,
1019 3323 1221 3409 impediendo
1244 3325 1412 3408 quominus
1435 3344 1509 3390 una.

321 3470 399 3537 pars
414 3452 446 3515 in
470 3448 629 3517 infinitum
646 3471 775 3518 cansam
799 3451 969 3537 protrahat
984 3455 1018 3516 et
1039 3451 1217 3516 sententiae
1232 3447 1416 3516 definitivae
1430 3450 1505 3515 adi·

322 3580 389 3639 tum
414 3572 614 3659 praecludat,
631 3570 794 3645 differens,
811 3572 931 3656 absque
945 3572 1088 3658 legitima
1108 3592 1214 3653 cause,
1230 3591 1305 3637 suas
1328 3570 1506 3642 deducere.

321 3695 348 3758 si
372 3714 451 3779 quas
474 3693 600 3775 hebeat,
625 3694 841 3781 probationes,

411 3821 465 3887 Ea
489 3821 582 3886 dictis
615 3825 711 3905 patet,
744 3819 993 3887 conclusionem
1022 3819 1059 3886 in
1082 3840 1187 3889 causa
1209 3839 1350 3905 vergere
1372 3825 1439 3887 tum
1466 3820 1506 3884 in·

323 3941 493 4007 utilitatem
516 3942 618 4027 partis
639 3940 851 4028 diligentioris
876 3942 1045 4007 sollicitam
1061 3940 1126 4006 litis
1141 3938 1359 4006 definitionem
1374 3940 1500 4026 cupien-

321 4066 374 4140 tis,
399 4070 465 4131 tum
489 4066 522 4130 in
547 4064 767 4131 defensionem
791 4064 930 4131 iustitiae
952 4066 1076 4152 legalis,
1101 4085 1142 4130 ne
1165 4066 1235 4147 quis
1258 4064 1409 4129 nimirum
1425 4063 1502 4129 dila·
1544 4154 1548 4160 Ι

321 4189 461 4257 tionibus
484 4189 635 4257 abutatur
656 4190 697 4255 ad
721 4191 862 4257 institiae
885 4210 1015 4256 cursum
1039 4187 1321 4276 praepediendum.

413 4313 489 4379 531.
515 4313 625 4388 Quare
648 4314 680 4377 in
705 4313 858 4380 ciuilibus
880 4333 957 4399 pars
979 4313 1070 4378 cuius
1093 4314 1229 4380 interest
1250 4313 1331 4398 petit
1353 4332 1373 4375 a
1396 4311 1507 4378 iudica
