<?xml version="1.0" encoding="UTF-8"?>
<!DOCTYPE html PUBLIC "-//W3C//DTD XHTML 1.0 Transitional//EN"
    "http://www.w3.org/TR/xhtml1/DTD/xhtml1-transitional.dtd">
<html xmlns="http://www.w3.org/1999/xhtml" xml:lang="en" lang="en">
 <head>
  <title>
</title>
<meta http-equiv="Content-Type" content="text/html;charset=utf-8" />
  <meta name='ocr-system' content='tesseract 3.04.00' />
  <meta name='ocr-capabilities' content='ocr_page ocr_carea ocr_par ocr_line ocrx_word'/>
</head>
<body>
  <div class='ocr_page' id='page_1' title='image "./praelectionesin01legagoog_0291.png"; bbox 0 0 3350 5117; ppageno 0'>
   <div class='ocr_carea' id='block_1_1' title="bbox 542 368 1376 434">
    <p class='ocr_par' dir='ltr' id='par_1_1' title="bbox 542 368 1376 434">
     <span class='ocr_line' id='line_1_1' title="bbox 542 368 1376 434; baseline 0.007 -6"><span class='ocrx_word' id='word_1_1' title='bbox 542 383 586 430; x_wconf 81' lang='lat' dir='ltr'><strong>uu</strong></span> <span class='ocrx_word' id='word_1_2' title='bbox 609 381 749 430; x_wconf 87' lang='lat' dir='ltr'><strong>mmcus</strong></span> <span class='ocrx_word' id='word_1_3' title='bbox 773 382 1038 433; x_wconf 69' lang='lat' dir='ltr'><strong>EchEslns‘rlcts</strong></span> <span class='ocrx_word' id='word_1_4' title='bbox 1309 368 1376 434; x_wconf 80' lang='grc'><strong>289</strong></span> 
     </span>
    </p>
   </div>
   <div class='ocr_carea' id='block_1_2' title="bbox 191 501 1377 848">
    <p class='ocr_par' dir='ltr' id='par_1_2' title="bbox 191 501 1377 848">
     <span class='ocr_line' id='line_1_2' title="bbox 191 501 1376 588; baseline 0.007 -24"><span class='ocrx_word' id='word_1_5' title='bbox 191 505 289 565; x_wconf 85' lang='lat' dir='ltr'><strong>recta</strong></span> <span class='ocrx_word' id='word_1_6' title='bbox 310 501 353 566; x_wconf 89' lang='lat' dir='ltr'><strong>ad</strong></span> <span class='ocrx_word' id='word_1_7' title='bbox 376 501 598 588; x_wconf 83' lang='lat' dir='ltr'><strong>decipiendum</strong></span> <span class='ocrx_word' id='word_1_8' title='bbox 621 504 771 588; x_wconf 79' lang='lat' dir='ltr'><strong>aliquem,</strong></span> <span class='ocrx_word' id='word_1_9' title='bbox 789 503 875 570; x_wconf 90' lang='lat' dir='ltr'><strong>uude</strong></span> <span class='ocrx_word' id='word_1_10' title='bbox 897 505 980 570; x_wconf 92' lang='lat' dir='ltr'><strong>alius</strong></span> <span class='ocrx_word' id='word_1_11' title='bbox 1003 505 1159 572; x_wconf 78' lang='lat' dir='ltr'><strong>lucmtuu.</strong></span> <span class='ocrx_word' id='word_1_12' title='bbox 1178 507 1376 572; x_wconf 70' lang='grc'><strong>1700001011-</strong></span> 
     </span>
     <span class='ocr_line' id='line_1_3' title="bbox 193 626 1377 716; baseline 0.007 -26"><span class='ocrx_word' id='word_1_13' title='bbox 193 626 334 710; x_wconf 86' lang='lat' dir='ltr'><strong>quando,</strong></span> <span class='ocrx_word' id='word_1_14' title='bbox 358 627 448 693; x_wconf 85' lang='lat' dir='ltr'><strong>salva</strong></span> <span class='ocrx_word' id='word_1_15' title='bbox 471 629 600 702; x_wconf 81' lang='lat' dir='ltr'><strong>iustitia.</strong></span> <span class='ocrx_word' id='word_1_16' title='bbox 623 630 702 696; x_wconf 88' lang='lat' dir='ltr'><strong>licet</strong></span> <span class='ocrx_word' id='word_1_17' title='bbox 723 631 844 715; x_wconf 87' lang='lat' dir='ltr'><strong>aliquid</strong></span> <span class='ocrx_word' id='word_1_18' title='bbox 869 629 915 716; x_wconf 89' lang='grc'><strong>(1)</strong></span> <span class='ocrx_word' id='word_1_19' title='bbox 931 633 1094 706; x_wconf 83' lang='lat' dir='ltr'><strong>simulare,</strong></span> <span class='ocrx_word' id='word_1_20' title='bbox 1118 633 1204 699; x_wconf 91' lang='lat' dir='ltr'><strong>unde</strong></span> <span class='ocrx_word' id='word_1_21' title='bbox 1226 633 1317 700; x_wconf 83' lang='lat' dir='ltr'><strong>latini</strong></span> <span class='ocrx_word' id='word_1_22' title='bbox 1333 633 1377 699; x_wconf 91' lang='lat' dir='ltr'><strong>di-</strong></span> 
     </span>
     <span class='ocr_line' id='line_1_4' title="bbox 192 751 1377 848; baseline 0.006 -32"><span class='ocrx_word' id='word_1_23' title='bbox 192 751 406 837; x_wconf 82' lang='lat' dir='ltr'><strong>stinguebant</strong></span> <span class='ocrx_word' id='word_1_24' title='bbox 427 753 545 820; x_wconf 85' lang='lat' dir='ltr'><strong>dolum</strong></span> <span class='ocrx_word' id='word_1_25' title='bbox 567 754 694 822; x_wconf 83' lang='lat' dir='ltr'><strong>bonum</strong></span> <span class='ocrx_word' id='word_1_26' title='bbox 716 775 737 820; x_wconf 87' lang='lat' dir='ltr'><strong>a</strong></span> <span class='ocrx_word' id='word_1_27' title='bbox 760 756 838 823; x_wconf 86' lang='lat' dir='ltr'><strong>doto</strong></span> <span class='ocrx_word' id='word_1_28' title='bbox 862 758 964 848; x_wconf 68' lang='lat' dir='ltr'><strong>mato,</strong></span> <span class='ocrx_word' id='word_1_29' title='bbox 981 759 1034 842; x_wconf 91' lang='lat' dir='ltr'><strong>qui</strong></span> <span class='ocrx_word' id='word_1_30' title='bbox 1054 763 1104 824; x_wconf 87' lang='lat' dir='ltr'><strong>est</strong></span> <span class='ocrx_word' id='word_1_31' title='bbox 1121 779 1138 821; x_wconf 88' lang='lat'><strong>‹</strong></span> <span class='ocrx_word' id='word_1_32' title='bbox 1156 759 1296 843; x_wconf 76' lang='lat' dir='ltr'><strong><em>quaevis</em></strong></span> <span class='ocrx_word' id='word_1_33' title='bbox 1311 759 1377 825; x_wconf 89' lang='lat' dir='ltr'><strong>cat·</strong></span> 
     </span>
    </p>
   </div>
   <div class='ocr_carea' id='block_1_3' title="bbox 194 875 1380 2080">
    <p class='ocr_par' dir='ltr' id='par_1_3' title="bbox 194 875 1377 1459">
     <span class='ocr_line' id='line_1_5' title="bbox 197 875 1375 964; baseline 0.006 -26"><span class='ocrx_word' id='word_1_34' title='bbox 197 875 325 956; x_wconf 69' lang='lat' dir='ltr'><strong>tistitus,</strong></span> <span class='ocrx_word' id='word_1_35' title='bbox 348 875 491 958; x_wconf 72' lang='lat' dir='ltr'><strong>sottcctu</strong></span> <span class='ocrx_word' id='word_1_36' title='bbox 509 877 717 945; x_wconf 74' lang='lat' dir='ltr'><strong><em>machinatio</em></strong></span> <span class='ocrx_word' id='word_1_37' title='bbox 740 879 788 943; x_wconf 82' lang='lat' dir='ltr'><strong>cd</strong></span> <span class='ocrx_word' id='word_1_38' title='bbox 810 878 1156 953; x_wconf 79' lang='lat' dir='ltr'><strong>circumveniendum,</strong></span> <span class='ocrx_word' id='word_1_39' title='bbox 1172 879 1375 964; x_wconf 74' lang='lat' dir='ltr'><strong>satietatem,</strong></span> 
     </span>
     <span class='ocr_line' id='line_1_6' title="bbox 197 998 1375 1089; baseline 0.006 -26"><span class='ocrx_word' id='word_1_40' title='bbox 197 998 406 1065; x_wconf 63' lang='lat' dir='ltr'><strong>laedendum</strong></span> <span class='ocrx_word' id='word_1_41' title='bbox 425 1000 572 1067; x_wconf 68' lang='lat' dir='ltr'><strong>atteiam</strong></span> <span class='ocrx_word' id='word_1_42' title='bbox 593 1001 746 1068; x_wconf 81' lang='lat' dir='ltr'><strong>adbibita</strong></span> <span class='ocrx_word' id='word_1_43' title='bbox 763 1023 793 1082; x_wconf 81' lang='lat'><strong>›‚</strong></span> <span class='ocrx_word' id='word_1_44' title='bbox 807 1022 851 1067; x_wconf 85' lang='lat' dir='ltr'><strong>ex</strong></span> <span class='ocrx_word' id='word_1_45' title='bbox 868 1003 889 1068; x_wconf 84' lang='lat' dir='ltr'><strong>t.</strong></span> <span class='ocrx_word' id='word_1_46' title='bbox 905 1003 933 1074; x_wconf 85' lang='lat'><strong>1.</strong></span> <span class='ocrx_word' id='word_1_47' title='bbox 951 1004 973 1086; x_wconf 67' lang='grc' dir='ltr'><strong>ἓ</strong></span> <span class='ocrx_word' id='word_1_48' title='bbox 995 1003 1022 1068; x_wconf 81' lang='lat'><strong><em>2</em></strong></span> <span class='ocrx_word' id='word_1_49' title='bbox 1042 1006 1078 1089; x_wconf 78' lang='lat' dir='ltr'><strong>ff.</strong></span> <span class='ocrx_word' id='word_1_50' title='bbox 1099 1003 1150 1069; x_wconf 89' lang='lat' dir='ltr'><strong>Dc</strong></span> <span class='ocrx_word' id='word_1_51' title='bbox 1172 1003 1250 1071; x_wconf 80' lang='lat' dir='ltr'><strong>doto</strong></span> <span class='ocrx_word' id='word_1_52' title='bbox 1273 1007 1375 1072; x_wconf 86' lang='lat' dir='ltr'><strong>malo.</strong></span> 
     </span>
     <span class='ocr_line' id='line_1_7' title="bbox 196 1119 1377 1214; baseline 0.007 -30"><span class='ocrx_word' id='word_1_53' title='bbox 196 1119 312 1194; x_wconf 84' lang='lat' dir='ltr'><strong><em>Quoad</em></strong></span> <span class='ocrx_word' id='word_1_54' title='bbox 326 1125 419 1187; x_wconf 84' lang='lat' dir='ltr'><strong>actus</strong></span> <span class='ocrx_word' id='word_1_55' title='bbox 433 1122 589 1197; x_wconf 76' lang='lat' dir='ltr'><strong>valorem,</strong></span> <span class='ocrx_word' id='word_1_56' title='bbox 603 1123 748 1191; x_wconf 84' lang='lat' dir='ltr'><strong>defectus</strong></span> <span class='ocrx_word' id='word_1_57' title='bbox 770 1124 835 1190; x_wconf 88' lang='lat' dir='ltr'><strong>dcii</strong></span> <span class='ocrx_word' id='word_1_58' title='bbox 851 1127 996 1192; x_wconf 78' lang='lat' dir='ltr'><strong>consistit</strong></span> <span class='ocrx_word' id='word_1_59' title='bbox 1010 1127 1043 1190; x_wconf 92' lang='lat' dir='ltr'><strong>in</strong></span> <span class='ocrx_word' id='word_1_60' title='bbox 1060 1145 1186 1214; x_wconf 70' lang='lat' dir='ltr'><strong>errore,</strong></span> <span class='ocrx_word' id='word_1_61' title='bbox 1201 1127 1257 1192; x_wconf 86' lang='lat' dir='ltr'><strong>sed</strong></span> <span class='ocrx_word' id='word_1_62' title='bbox 1272 1127 1377 1212; x_wconf 88' lang='lat' dir='ltr'><strong>quoad</strong></span> 
     </span>
     <span class='ocr_line' id='line_1_8' title="bbox 195 1240 1377 1320; baseline 0.006 -12"><span class='ocrx_word' id='word_1_63' title='bbox 195 1240 333 1310; x_wconf 84' lang='lat' dir='ltr'><strong>effectus</strong></span> <span class='ocrx_word' id='word_1_64' title='bbox 348 1245 501 1312; x_wconf 85' lang='lat' dir='ltr'><strong>iuridioos</strong></span> <span class='ocrx_word' id='word_1_65' title='bbox 523 1248 665 1314; x_wconf 80' lang='lat' dir='ltr'><strong>maxime</strong></span> <span class='ocrx_word' id='word_1_66' title='bbox 683 1249 820 1314; x_wconf 87' lang='lat' dir='ltr'><strong>interest</strong></span> <span class='ocrx_word' id='word_1_67' title='bbox 841 1249 1031 1315; x_wconf 78' lang='lat' dir='ltr'><strong>discernere</strong></span> <span class='ocrx_word' id='word_1_68' title='bbox 1053 1255 1145 1316; x_wconf 84' lang='lat' dir='ltr'><strong>actus</strong></span> <span class='ocrx_word' id='word_1_69' title='bbox 1160 1252 1290 1320; x_wconf 72' lang='lat' dir='ltr'><strong>moris</strong></span> <span class='ocrx_word' id='word_1_70' title='bbox 1304 1250 1377 1318; x_wconf 87' lang='lat' dir='ltr'><strong>labe</strong></span> 
     </span>
     <span class='ocr_line' id='line_1_9' title="bbox 194 1368 1018 1459; baseline 0.007 -27"><span class='ocrx_word' id='word_1_71' title='bbox 194 1368 335 1434; x_wconf 80' lang='lat' dir='ltr'><strong>infectos</strong></span> <span class='ocrx_word' id='word_1_72' title='bbox 358 1375 391 1434; x_wconf 89' lang='lat' dir='ltr'><strong>et</strong></span> <span class='ocrx_word' id='word_1_73' title='bbox 413 1376 504 1436; x_wconf 82' lang='lat' dir='ltr'><strong>actm</strong></span> <span class='ocrx_word' id='word_1_74' title='bbox 526 1372 585 1437; x_wconf 89' lang='lat' dir='ltr'><strong>sub</strong></span> <span class='ocrx_word' id='word_1_75' title='bbox 607 1393 726 1441; x_wconf 67' lang='lat' dir='ltr'><strong>errore</strong></span> <span class='ocrx_word' id='word_1_76' title='bbox 749 1373 866 1440; x_wconf 78' lang='lat' dir='ltr'><strong>doloso</strong></span> <span class='ocrx_word' id='word_1_77' title='bbox 890 1375 1018 1459; x_wconf 88' lang='lat' dir='ltr'><strong>positos.</strong></span> 
     </span>
    </p>

    <p class='ocr_par' dir='ltr' id='par_1_4' title="bbox 287 1495 1086 1584">
     <span class='ocr_line' id='line_1_10' title="bbox 287 1495 1086 1584; baseline 0.003 -22"><span class='ocrx_word' id='word_1_78' title='bbox 287 1495 365 1562; x_wconf 79' lang='lat'>256.</span> <span class='ocrx_word' id='word_1_79' title='bbox 389 1495 499 1571; x_wconf 87' lang='lat' dir='ltr'><strong>Quare</strong></span> <span class='ocrx_word' id='word_1_80' title='bbox 522 1499 734 1584; x_wconf 74' lang='lat' dir='ltr'><strong>inspiciantur</strong></span> <span class='ocrx_word' id='word_1_81' title='bbox 755 1498 950 1566; x_wconf 79' lang='lat' dir='ltr'><strong>istidivecsi</strong></span> <span class='ocrx_word' id='word_1_82' title='bbox 975 1518 1086 1564; x_wconf 86' lang='lat' dir='ltr'><strong>casus:</strong></span> 
     </span>
    </p>

    <p class='ocr_par' dir='ltr' id='par_1_5' title="bbox 195 1616 1380 2080">
     <span class='ocr_line' id='line_1_11' title="bbox 292 1616 1379 1712; baseline 0.004 -30"><span class='ocrx_word' id='word_1_83' title='bbox 292 1619 323 1699; x_wconf 93' lang='lat' dir='ltr'><strong>l)</strong></span> <span class='ocrx_word' id='word_1_84' title='bbox 346 1616 381 1684; x_wconf 89' lang='lat' dir='ltr'><strong>Si</strong></span> <span class='ocrx_word' id='word_1_85' title='bbox 403 1638 508 1694; x_wconf 82' lang='lat' dir='ltr'><strong>error,</strong></span> <span class='ocrx_word' id='word_1_86' title='bbox 533 1640 577 1712; x_wconf 79' lang='lat' dir='ltr'><strong>ex</strong></span> <span class='ocrx_word' id='word_1_87' title='bbox 598 1619 671 1686; x_wconf 90' lang='lat' dir='ltr'><strong>dolo</strong></span> <span class='ocrx_word' id='word_1_88' title='bbox 694 1620 852 1702; x_wconf 74' lang='lat' dir='ltr'><strong>inductuS,</strong></span> <span class='ocrx_word' id='word_1_89' title='bbox 869 1625 919 1688; x_wconf 86' lang='lat' dir='ltr'><strong>est</strong></span> <span class='ocrx_word' id='word_1_90' title='bbox 938 1619 1168 1688; x_wconf 79' lang='lat' dir='ltr'><strong>substantiatis</strong></span> <span class='ocrx_word' id='word_1_91' title='bbox 1191 1641 1248 1686; x_wconf 89' lang='lat' dir='ltr'><strong>seu</strong></span> <span class='ocrx_word' id='word_1_92' title='bbox 1271 1640 1379 1686; x_wconf 84' lang='lat' dir='ltr'><strong>versa-</strong></span> 
     </span>
     <span class='ocr_line' id='line_1_12' title="bbox 195 1738 1377 1824; baseline 0.003 -22"><span class='ocrx_word' id='word_1_93' title='bbox 195 1741 254 1802; x_wconf 87' lang='lat' dir='ltr'><strong>tur</strong></span> <span class='ocrx_word' id='word_1_94' title='bbox 276 1739 367 1803; x_wconf 85' lang='lat' dir='ltr'><strong>circa</strong></span> <span class='ocrx_word' id='word_1_95' title='bbox 389 1738 550 1806; x_wconf 87' lang='lat' dir='ltr'><strong>obiectum</strong></span> <span class='ocrx_word' id='word_1_96' title='bbox 572 1759 759 1814; x_wconf 88' lang='lat' dir='ltr'><strong>consensus,</strong></span> <span class='ocrx_word' id='word_1_97' title='bbox 775 1746 854 1808; x_wconf 89' lang='lat' dir='ltr'><strong>tunc</strong></span> <span class='ocrx_word' id='word_1_98' title='bbox 876 1747 968 1806; x_wconf 84' lang='lat' dir='ltr'><strong>actus</strong></span> <span class='ocrx_word' id='word_1_99' title='bbox 991 1747 1040 1808; x_wconf 90' lang='lat' dir='ltr'><strong>est</strong></span> <span class='ocrx_word' id='word_1_100' title='bbox 1060 1743 1245 1807; x_wconf 87' lang='lat' dir='ltr'><strong>necessario</strong></span> <span class='ocrx_word' id='word_1_101' title='bbox 1261 1741 1377 1824; x_wconf 87' lang='lat' dir='ltr'><strong>nullus,</strong></span> 
     </span>
     <span class='ocr_line' id='line_1_13' title="bbox 197 1867 1377 1956; baseline 0.005 -26"><span class='ocrx_word' id='word_1_102' title='bbox 197 1885 266 1930; x_wconf 89' lang='lat' dir='ltr'><strong>non</strong></span> <span class='ocrx_word' id='word_1_103' title='bbox 290 1886 385 1932; x_wconf 88' lang='lat' dir='ltr'><strong>secus</strong></span> <span class='ocrx_word' id='word_1_104' title='bbox 408 1887 448 1932; x_wconf 90' lang='lat' dir='ltr'><strong>ac</strong></span> <span class='ocrx_word' id='word_1_105' title='bbox 469 1867 611 1934; x_wconf 80' lang='lat' dir='ltr'><strong>adfuerit</strong></span> <span class='ocrx_word' id='word_1_106' title='bbox 633 1869 772 1956; x_wconf 78' lang='lat' dir='ltr'><strong>simplex</strong></span> <span class='ocrx_word' id='word_1_107' title='bbox 796 1889 903 1935; x_wconf 84' lang='lat' dir='ltr'><strong>error.</strong></span> <span class='ocrx_word' id='word_1_108' title='bbox 921 1868 983 1936; x_wconf 86' lang='lat' dir='ltr'><strong>Sed</strong></span> <span class='ocrx_word' id='word_1_109' title='bbox 1007 1871 1082 1954; x_wconf 87' lang='lat' dir='ltr'><strong>quia</strong></span> <span class='ocrx_word' id='word_1_110' title='bbox 1097 1870 1169 1936; x_wconf 91' lang='lat' dir='ltr'><strong>dolo</strong></span> <span class='ocrx_word' id='word_1_111' title='bbox 1192 1891 1289 1938; x_wconf 80' lang='lat' dir='ltr'><strong>eruor</strong></span> <span class='ocrx_word' id='word_1_112' title='bbox 1303 1891 1377 1936; x_wconf 90' lang='lat' dir='ltr'><strong>cau-</strong></span> 
     </span>
     <span class='ocr_line' id='line_1_14' title="bbox 197 1989 1380 2080; baseline 0.001 -23"><span class='ocrx_word' id='word_1_113' title='bbox 197 1998 289 2058; x_wconf 85' lang='lat' dir='ltr'><strong>satus</strong></span> <span class='ocrx_word' id='word_1_114' title='bbox 311 1993 382 2066; x_wconf 81' lang='lat' dir='ltr'><strong>tuit.</strong></span> <span class='ocrx_word' id='word_1_115' title='bbox 407 1999 522 2059; x_wconf 81' lang='lat' dir='ltr'><strong>contra</strong></span> <span class='ocrx_word' id='word_1_116' title='bbox 550 1993 658 2060; x_wconf 89' lang='lat' dir='ltr'><strong>dolum</strong></span> <span class='ocrx_word' id='word_1_117' title='bbox 686 1989 870 2080; x_wconf 81' lang='lat' dir='ltr'><strong>patrantem</strong></span> <span class='ocrx_word' id='word_1_118' title='bbox 895 1996 1046 2080; x_wconf 85' lang='lat' dir='ltr'><strong>competit</strong></span> <span class='ocrx_word' id='word_1_119' title='bbox 1076 1994 1164 2060; x_wconf 83' lang='lat' dir='ltr'><strong>laeso</strong></span> <span class='ocrx_word' id='word_1_120' title='bbox 1186 1995 1270 2060; x_wconf 85' lang='lat' dir='ltr'><strong>actio</strong></span> <span class='ocrx_word' id='word_1_121' title='bbox 1297 1993 1380 2058; x_wconf 88' lang='lat' dir='ltr'><strong>ordi-</strong></span> 
     </span>
    </p>
   </div>
   <div class='ocr_carea' id='block_1_4' title="bbox 195 2117 1379 2326">
    <p class='ocr_par' dir='ltr' id='par_1_6' title="bbox 195 2117 1379 2326">
     <span class='ocr_line' id='line_1_15' title="bbox 195 2117 1379 2204; baseline 0 -22"><span class='ocrx_word' id='word_1_122' title='bbox 195 2119 294 2184; x_wconf 83' lang='lat' dir='ltr'><strong>naria</strong></span> <span class='ocrx_word' id='word_1_123' title='bbox 308 2119 351 2184; x_wconf 87' lang='lat' dir='ltr'><strong>ad</strong></span> <span class='ocrx_word' id='word_1_124' title='bbox 361 2118 612 2192; x_wconf 78' lang='lat' dir='ltr'><strong>indemnitatem,</strong></span> <span class='ocrx_word' id='word_1_125' title='bbox 625 2139 688 2204; x_wconf 86' lang='lat' dir='ltr'><strong>qna</strong></span> <span class='ocrx_word' id='word_1_126' title='bbox 704 2117 867 2200; x_wconf 86' lang='lat' dir='ltr'><strong>obtinebit,</strong></span> <span class='ocrx_word' id='word_1_127' title='bbox 885 2121 995 2204; x_wconf 83' lang='lat' dir='ltr'><strong>quanti</strong></span> <span class='ocrx_word' id='word_1_128' title='bbox 1012 2121 1081 2184; x_wconf 88' lang='lat' dir='ltr'><strong>eius</strong></span> <span class='ocrx_word' id='word_1_129' title='bbox 1095 2121 1254 2184; x_wconf 84' lang='lat' dir='ltr'><strong>intererat</strong></span> <span class='ocrx_word' id='word_1_130' title='bbox 1271 2123 1379 2184; x_wconf 89' lang='lat' dir='ltr'><strong>actum</strong></span> 
     </span>
     <span class='ocr_line' id='line_1_16' title="bbox 200 2241 560 2326; baseline 0.006 -22"><span class='ocrx_word' id='word_1_131' title='bbox 200 2242 339 2326; x_wconf 90' lang='lat' dir='ltr'><strong>positum</strong></span> <span class='ocrx_word' id='word_1_132' title='bbox 362 2261 428 2307; x_wconf 90' lang='lat' dir='ltr'><strong>non</strong></span> <span class='ocrx_word' id='word_1_133' title='bbox 451 2241 560 2307; x_wconf 79' lang='lat' dir='ltr'><strong>inisse.</strong></span> 
     </span>
    </p>
   </div>
   <div class='ocr_carea' id='block_1_5' title="bbox 196 2364 1382 3073">
    <p class='ocr_par' dir='ltr' id='par_1_7' title="bbox 196 2364 1382 3073">
     <span class='ocr_line' id='line_1_17' title="bbox 288 2364 1380 2452; baseline 0.001 -22"><span class='ocrx_word' id='word_1_134' title='bbox 288 2365 324 2452; x_wconf 84' lang='lat'><strong>2)</strong></span> <span class='ocrx_word' id='word_1_135' title='bbox 341 2365 374 2430; x_wconf 91' lang='lat' dir='ltr'><strong>Si</strong></span> <span class='ocrx_word' id='word_1_136' title='bbox 398 2384 494 2430; x_wconf 79' lang='lat' dir='ltr'><strong>error</strong></span> <span class='ocrx_word' id='word_1_137' title='bbox 516 2364 627 2431; x_wconf 84' lang='lat' dir='ltr'><strong>taliter</strong></span> <span class='ocrx_word' id='word_1_138' title='bbox 649 2364 777 2430; x_wconf 87' lang='lat' dir='ltr'><strong>dolosus</strong></span> <span class='ocrx_word' id='word_1_139' title='bbox 801 2371 852 2430; x_wconf 88' lang='lat' dir='ltr'><strong>est</strong></span> <span class='ocrx_word' id='word_1_140' title='bbox 875 2365 1108 2432; x_wconf 81' lang='lat' dir='ltr'><strong>determinans</strong></span> <span class='ocrx_word' id='word_1_141' title='bbox 1123 2386 1180 2432; x_wconf 90' lang='lat' dir='ltr'><strong>scu</strong></span> <span class='ocrx_word' id='word_1_142' title='bbox 1196 2367 1284 2432; x_wconf 78' lang='lat' dir='ltr'><strong>dana</strong></span> <span class='ocrx_word' id='word_1_143' title='bbox 1303 2385 1380 2432; x_wconf 74' lang='lat' dir='ltr'><strong>cato</strong></span> 
     </span>
     <span class='ocr_line' id='line_1_18' title="bbox 196 2489 1381 2572; baseline -0.002 -16"><span class='ocrx_word' id='word_1_144' title='bbox 196 2491 394 2562; x_wconf 77' lang='lat' dir='ltr'><strong>contactui,</strong></span> <span class='ocrx_word' id='word_1_145' title='bbox 419 2490 543 2556; x_wconf 87' lang='lat' dir='ltr'><strong>scilicet</strong></span> <span class='ocrx_word' id='word_1_146' title='bbox 572 2495 724 2556; x_wconf 77' lang='lat' dir='ltr'><strong>versatur</strong></span> <span class='ocrx_word' id='word_1_147' title='bbox 746 2509 811 2556; x_wconf 92' lang='lat' dir='ltr'><strong>non</strong></span> <span class='ocrx_word' id='word_1_148' title='bbox 836 2493 927 2556; x_wconf 76' lang='lat' dir='ltr'><strong>cinca</strong></span> <span class='ocrx_word' id='word_1_149' title='bbox 948 2496 1041 2556; x_wconf 84' lang='lat' dir='ltr'><strong>actus</strong></span> <span class='ocrx_word' id='word_1_150' title='bbox 1071 2489 1291 2572; x_wconf 82' lang='lat' dir='ltr'><strong>substantiam,</strong></span> <span class='ocrx_word' id='word_1_151' title='bbox 1323 2489 1381 2556; x_wconf 88' lang='lat' dir='ltr'><strong>sed</strong></span> 
     </span>
     <span class='ocr_line' id='line_1_19' title="bbox 198 2613 1379 2700; baseline 0.003 -22"><span class='ocrx_word' id='word_1_152' title='bbox 198 2615 340 2697; x_wconf 85' lang='lat' dir='ltr'><strong>aliquam</strong></span> <span class='ocrx_word' id='word_1_153' title='bbox 362 2614 431 2679; x_wconf 88' lang='lat' dir='ltr'><strong>eius</strong></span> <span class='ocrx_word' id='word_1_154' title='bbox 454 2613 657 2698; x_wconf 79' lang='lat' dir='ltr'><strong>qualitatem3</strong></span> <span class='ocrx_word' id='word_1_155' title='bbox 687 2619 802 2700; x_wconf 86' lang='lat' dir='ltr'><strong>utputa</strong></span> <span class='ocrx_word' id='word_1_156' title='bbox 831 2615 859 2678; x_wconf 88' lang='lat' dir='ltr'><strong>si</strong></span> <span class='ocrx_word' id='word_1_157' title='bbox 884 2614 955 2697; x_wconf 92' lang='lat' dir='ltr'><strong>quis</strong></span> <span class='ocrx_word' id='word_1_158' title='bbox 986 2615 1174 2680; x_wconf 84' lang='lat' dir='ltr'><strong>societatem</strong></span> <span class='ocrx_word' id='word_1_159' title='bbox 1204 2615 1300 2690; x_wconf 85' lang='lat' dir='ltr'><strong>ineat,</strong></span> <span class='ocrx_word' id='word_1_160' title='bbox 1322 2634 1379 2700; x_wconf 89' lang='lat' dir='ltr'><strong>spe</strong></span> 
     </span>
     <span class='ocr_line' id='line_1_20' title="bbox 197 2739 1380 2826; baseline 0.001 -23"><span class='ocrx_word' id='word_1_161' title='bbox 197 2739 336 2804; x_wconf 85' lang='lat' dir='ltr'><strong>allectus</strong></span> <span class='ocrx_word' id='word_1_162' title='bbox 358 2739 588 2824; x_wconf 84' lang='lat' dir='ltr'><strong>lucupletioces</strong></span> <span class='ocrx_word' id='word_1_163' title='bbox 617 2739 817 2826; x_wconf 87' lang='lat' dir='ltr'><strong>percipiendi</strong></span> <span class='ocrx_word' id='word_1_164' title='bbox 849 2740 984 2815; x_wconf 82' lang='lat' dir='ltr'><strong>fructus,</strong></span> <span class='ocrx_word' id='word_1_165' title='bbox 1009 2759 1087 2824; x_wconf 90' lang='lat' dir='ltr'><strong>quos</strong></span> <span class='ocrx_word' id='word_1_166' title='bbox 1111 2741 1139 2804; x_wconf 87' lang='lat' dir='ltr'><strong>ei</strong></span> <span class='ocrx_word' id='word_1_167' title='bbox 1164 2758 1298 2824; x_wconf 75' lang='lat' dir='ltr'><strong>sperare</strong></span> <span class='ocrx_word' id='word_1_168' title='bbox 1321 2758 1380 2825; x_wconf 89' lang='lat' dir='ltr'><strong>per</strong></span> 
     </span>
     <span class='ocr_line' id='line_1_21' title="bbox 198 2865 1380 2952; baseline 0.004 -23"><span class='ocrx_word' id='word_1_169' title='bbox 198 2865 307 2930; x_wconf 91' lang='lat' dir='ltr'><strong>dolum</strong></span> <span class='ocrx_word' id='word_1_170' title='bbox 331 2872 365 2931; x_wconf 90' lang='lat' dir='ltr'><strong>et</strong></span> <span class='ocrx_word' id='word_1_171' title='bbox 387 2865 533 2932; x_wconf 73' lang='lat' dir='ltr'><strong>mandem</strong></span> <span class='ocrx_word' id='word_1_172' title='bbox 557 2885 745 2952; x_wconf 88' lang='lat' dir='ltr'><strong>persuasum</strong></span> <span class='ocrx_word' id='word_1_173' title='bbox 770 2867 842 2942; x_wconf 78' lang='lat' dir='ltr'><strong>iuit3</strong></span> <span class='ocrx_word' id='word_1_174' title='bbox 867 2866 1048 2932; x_wconf 90' lang='lat' dir='ltr'><strong>huiusmodi</strong></span> <span class='ocrx_word' id='word_1_175' title='bbox 1078 2872 1169 2935; x_wconf 84' lang='lat' dir='ltr'><strong>actus</strong></span> <span class='ocrx_word' id='word_1_176' title='bbox 1191 2869 1263 2932; x_wconf 81' lang='lat' dir='ltr'><strong>iure</strong></span> <span class='ocrx_word' id='word_1_177' title='bbox 1284 2874 1380 2934; x_wconf 87' lang='lat' dir='ltr'><strong>natu·</strong></span> 
     </span>
     <span class='ocr_line' id='line_1_22' title="bbox 198 2987 1382 3073; baseline 0.001 -22"><span class='ocrx_word' id='word_1_178' title='bbox 198 2988 263 3053; x_wconf 86' lang='lat' dir='ltr'><strong>rali</strong></span> <span class='ocrx_word' id='word_1_179' title='bbox 285 2994 319 3052; x_wconf 90' lang='lat' dir='ltr'><strong>et</strong></span> <span class='ocrx_word' id='word_1_180' title='bbox 341 2987 478 3073; x_wconf 84' lang='lat' dir='ltr'><strong>positivo</strong></span> <span class='ocrx_word' id='word_1_181' title='bbox 507 2987 632 3054; x_wconf 82' lang='lat' dir='ltr'><strong>validus</strong></span> <span class='ocrx_word' id='word_1_182' title='bbox 662 2994 720 3070; x_wconf 87' lang='lat' dir='ltr'><strong>est,</strong></span> <span class='ocrx_word' id='word_1_183' title='bbox 744 2993 852 3054; x_wconf 88' lang='lat' dir='ltr'><strong>tamen</strong></span> <span class='ocrx_word' id='word_1_184' title='bbox 884 2987 1046 3053; x_wconf 85' lang='lat' dir='ltr'><strong>inedium</strong></span> <span class='ocrx_word' id='word_1_185' title='bbox 1077 2987 1150 3062; x_wconf 86' lang='lat' dir='ltr'><strong>doli,</strong></span> <span class='ocrx_word' id='word_1_186' title='bbox 1174 2988 1263 3053; x_wconf 83' lang='lat' dir='ltr'><strong>laeso</strong></span> <span class='ocrx_word' id='word_1_187' title='bbox 1286 2987 1382 3054; x_wconf 83' lang='lat' dir='ltr'><strong>datur</strong></span> 
     </span>
    </p>
   </div>
   <div class='ocr_carea' id='block_1_6' title="bbox 198 3113 1382 3300">
    <p class='ocr_par' dir='ltr' id='par_1_8' title="bbox 198 3113 1382 3300">
     <span class='ocr_line' id='line_1_23' title="bbox 199 3113 1382 3198; baseline 0.002 -21"><span class='ocrx_word' id='word_1_188' title='bbox 199 3114 286 3180; x_wconf 85' lang='lat' dir='ltr'><strong>actio</strong></span> <span class='ocrx_word' id='word_1_189' title='bbox 312 3133 331 3178; x_wconf 86' lang='lat'><strong>‹</strong></span> <span class='ocrx_word' id='word_1_190' title='bbox 355 3114 447 3198; x_wconf 79' lang='lat' dir='ltr'><strong>quod</strong></span> <span class='ocrx_word' id='word_1_191' title='bbox 470 3113 540 3181; x_wconf 80' lang='lat' dir='ltr'><strong>toti</strong></span> <span class='ocrx_word' id='word_1_192' title='bbox 562 3134 667 3182; x_wconf 83' lang='lat' dir='ltr'><strong>causa</strong></span> <span class='ocrx_word' id='word_1_193' title='bbox 691 3115 772 3180; x_wconf 77' lang='lat' dir='ltr'><strong>»ad</strong></span> <span class='ocrx_word' id='word_1_194' title='bbox 794 3113 1060 3181; x_wconf 82' lang='lat' dir='ltr'><strong>rescindendum</strong></span> <span class='ocrx_word' id='word_1_195' title='bbox 1083 3117 1207 3186; x_wconf 84' lang='lat' dir='ltr'><strong>actum,</strong></span> <span class='ocrx_word' id='word_1_196' title='bbox 1232 3133 1382 3180; x_wconf 88' lang='lat' dir='ltr'><strong>necnon</strong></span> 
     </span>
     <span class='ocr_line' id='line_1_24' title="bbox 198 3233 642 3300; baseline 0 0"><span class='ocrx_word' id='word_1_197' title='bbox 198 3235 284 3300; x_wconf 86' lang='lat' dir='ltr'><strong>aetio</strong></span> <span class='ocrx_word' id='word_1_198' title='bbox 307 3233 355 3299; x_wconf 75' lang='lat' dir='ltr'><strong>aa</strong></span> <span class='ocrx_word' id='word_1_199' title='bbox 376 3234 642 3300; x_wconf 67' lang='lat' dir='ltr'><strong>indemnitatem.</strong></span> 
     </span>
    </p>
   </div>
   <div class='ocr_carea' id='block_1_7' title="bbox 201 3356 1381 3569">
    <p class='ocr_par' dir='ltr' id='par_1_9' title="bbox 201 3356 1381 3569">
     <span class='ocr_line' id='line_1_25' title="bbox 290 3356 1381 3444; baseline -0.002 -20"><span class='ocrx_word' id='word_1_200' title='bbox 290 3357 324 3424; x_wconf 87' lang='lat' dir='ltr'><strong>Si</strong></span> <span class='ocrx_word' id='word_1_201' title='bbox 348 3378 428 3422; x_wconf 86' lang='lat' dir='ltr'><strong>vero</strong></span> <span class='ocrx_word' id='word_1_202' title='bbox 451 3361 505 3443; x_wconf 91' lang='lat' dir='ltr'><strong>qui</strong></span> <span class='ocrx_word' id='word_1_203' title='bbox 528 3359 635 3424; x_wconf 89' lang='lat' dir='ltr'><strong>dolum</strong></span> <span class='ocrx_word' id='word_1_204' title='bbox 660 3359 829 3430; x_wconf 90' lang='lat' dir='ltr'><strong>commisit,</strong></span> <span class='ocrx_word' id='word_1_205' title='bbox 847 3360 915 3442; x_wconf 86' lang='lat' dir='ltr'><strong>ipse</strong></span> <span class='ocrx_word' id='word_1_206' title='bbox 934 3361 1009 3444; x_wconf 84' lang='lat' dir='ltr'><strong>agat</strong></span> <span class='ocrx_word' id='word_1_207' title='bbox 1023 3356 1064 3422; x_wconf 87' lang='lat' dir='ltr'><strong>ad</strong></span> <span class='ocrx_word' id='word_1_208' title='bbox 1087 3357 1280 3444; x_wconf 85' lang='lat' dir='ltr'><strong>exigendum</strong></span> <span class='ocrx_word' id='word_1_209' title='bbox 1297 3357 1381 3442; x_wconf 89' lang='lat' dir='ltr'><strong>quod</strong></span> 
     </span>
     <span class='ocr_line' id='line_1_26' title="bbox 201 3481 1381 3569; baseline -0.002 -21"><span class='ocrx_word' id='word_1_210' title='bbox 201 3503 259 3548; x_wconf 93' lang='lat' dir='ltr'><strong>suo</strong></span> <span class='ocrx_word' id='word_1_211' title='bbox 282 3481 358 3548; x_wconf 86' lang='lat' dir='ltr'><strong>dolo</strong></span> <span class='ocrx_word' id='word_1_212' title='bbox 381 3483 464 3548; x_wconf 86' lang='lat' dir='ltr'><strong>malo</strong></span> <span class='ocrx_word' id='word_1_213' title='bbox 495 3484 685 3569; x_wconf 79' lang='lat' dir='ltr'><strong>promissum</strong></span> <span class='ocrx_word' id='word_1_214' title='bbox 708 3488 765 3548; x_wconf 87' lang='lat' dir='ltr'><strong>aut</strong></span> <span class='ocrx_word' id='word_1_215' title='bbox 785 3489 981 3548; x_wconf 85' lang='lat' dir='ltr'><strong>conventum</strong></span> <span class='ocrx_word' id='word_1_216' title='bbox 1005 3481 1074 3556; x_wconf 84' lang='lat' dir='ltr'><strong>fuit,</strong></span> <span class='ocrx_word' id='word_1_217' title='bbox 1101 3484 1252 3568; x_wconf 88' lang='lat' dir='ltr'><strong>competit</strong></span> <span class='ocrx_word' id='word_1_218' title='bbox 1274 3481 1381 3546; x_wconf 91' lang='lat' dir='ltr'><strong>dolum</strong></span> 
     </span>
    </p>
   </div>
   <div class='ocr_carea' id='block_1_8' title="bbox 199 3605 1513 3694">
    <p class='ocr_par' dir='ltr' id='par_1_10' title="bbox 199 3605 1513 3694">
     <span class='ocr_line' id='line_1_27' title="bbox 199 3605 1513 3694; baseline -0.004 -21"><span class='ocrx_word' id='word_1_219' title='bbox 199 3627 295 3694; x_wconf 89' lang='lat' dir='ltr'><strong>passo</strong></span> <span class='ocrx_word' id='word_1_220' title='bbox 320 3610 468 3694; x_wconf 81' lang='lat' dir='ltr'><strong>exceptio</strong></span> <span class='ocrx_word' id='word_1_221' title='bbox 491 3608 554 3674; x_wconf 93' lang='lat' dir='ltr'><strong>doli</strong></span> <span class='ocrx_word' id='word_1_222' title='bbox 574 3608 615 3674; x_wconf 85' lang='lat' dir='ltr'><strong>ad</strong></span> <span class='ocrx_word' id='word_1_223' title='bbox 631 3610 700 3673; x_wconf 87' lang='lat' dir='ltr'><strong>eius</strong></span> <span class='ocrx_word' id='word_1_224' title='bbox 715 3609 925 3673; x_wconf 88' lang='lat' dir='ltr'><strong>intentionem</strong></span> <span class='ocrx_word' id='word_1_225' title='bbox 941 3605 1201 3674; x_wconf 83' lang='lat' dir='ltr'><strong>summovendam</strong></span> <span class='ocrx_word' id='word_1_226' title='bbox 1217 3626 1260 3671; x_wconf 82' lang='lat' dir='ltr'><strong>ex</strong></span> <span class='ocrx_word' id='word_1_227' title='bbox 1275 3609 1296 3672; x_wconf 88' lang='lat' dir='ltr'><strong>l.</strong></span> <span class='ocrx_word' id='word_1_228' title='bbox 1314 3607 1335 3671; x_wconf 83' lang='lat' dir='ltr'><strong>t.</strong></span> <span class='ocrx_word' id='word_1_229' title='bbox 1352 3606 1379 3680; x_wconf 86' lang='lat'><strong>1,</strong></span> <span class='ocrx_word' id='word_1_230' title='bbox 1512 3621 1513 3624; x_wconf 71' lang='grc'>’</span> 
     </span>
    </p>
   </div>
   <div class='ocr_carea' id='block_1_9' title="bbox 198 3729 1382 3939">
    <p class='ocr_par' dir='ltr' id='par_1_11' title="bbox 198 3729 1382 3939">
     <span class='ocr_line' id='line_1_28' title="bbox 198 3729 1382 3820; baseline -0.003 -22"><span class='ocrx_word' id='word_1_231' title='bbox 198 3733 315 3820; x_wconf 69' lang='lat' dir='ltr'><strong>ffiDe</strong></span> <span class='ocrx_word' id='word_1_232' title='bbox 337 3734 416 3800; x_wconf 84' lang='lat' dir='ltr'><strong>doto</strong></span> <span class='ocrx_word' id='word_1_233' title='bbox 439 3735 530 3801; x_wconf 83' lang='lat' dir='ltr'><strong>mato</strong></span> <span class='ocrx_word' id='word_1_234' title='bbox 553 3733 634 3799; x_wconf 80' lang='lat' dir='ltr'><strong>ct2</strong></span> <span class='ocrx_word' id='word_1_235' title='bbox 666 3735 700 3800; x_wconf 89' lang='lat' dir='ltr'><strong>C.</strong></span> <span class='ocrx_word' id='word_1_236' title='bbox 732 3732 838 3798; x_wconf 68' lang='lat' dir='ltr'><strong>ciust</strong></span> <span class='ocrx_word' id='word_1_237' title='bbox 871 3733 917 3798; x_wconf 87' lang='lat' dir='ltr'><strong>tit.</strong></span> <span class='ocrx_word' id='word_1_238' title='bbox 943 3737 976 3798; x_wconf 86' lang='lat' dir='ltr'><strong>et</strong></span> <span class='ocrx_word' id='word_1_239' title='bbox 1007 3737 1072 3800; x_wconf 89' lang='lat' dir='ltr'><strong>toto</strong></span> <span class='ocrx_word' id='word_1_240' title='bbox 1096 3731 1143 3797; x_wconf 85' lang='lat' dir='ltr'><strong>tit.</strong></span> <span class='ocrx_word' id='word_1_241' title='bbox 1167 3734 1201 3816; x_wconf 74' lang='lat' dir='ltr'><strong>ff.</strong></span> <span class='ocrx_word' id='word_1_242' title='bbox 1230 3729 1284 3796; x_wconf 88' lang='lat' dir='ltr'><strong>Dc</strong></span> <span class='ocrx_word' id='word_1_243' title='bbox 1311 3730 1382 3796; x_wconf 85' lang='lat' dir='ltr'><strong>doti</strong></span> 
     </span>
     <span class='ocr_line' id='line_1_29' title="bbox 204 3852 1382 3939; baseline -0.005 -19"><span class='ocrx_word' id='word_1_244' title='bbox 204 3853 413 3937; x_wconf 71' lang='lat' dir='ltr'><strong>exceptione,</strong></span> <span class='ocrx_word' id='word_1_245' title='bbox 437 3873 519 3937; x_wconf 87' lang='lat' dir='ltr'><strong>quae</strong></span> <span class='ocrx_word' id='word_1_246' title='bbox 549 3853 692 3919; x_wconf 84' lang='lat' dir='ltr'><strong>remedia</strong></span> <span class='ocrx_word' id='word_1_247' title='bbox 723 3853 834 3939; x_wconf 78' lang='lat' dir='ltr'><strong>praxis</strong></span> <span class='ocrx_word' id='word_1_248' title='bbox 866 3852 930 3916; x_wconf 86' lang='lat' dir='ltr'><strong>fori</strong></span> <span class='ocrx_word' id='word_1_249' title='bbox 961 3853 1077 3918; x_wconf 90' lang='lat' dir='ltr'><strong>eccles.</strong></span> <span class='ocrx_word' id='word_1_250' title='bbox 1102 3855 1288 3917; x_wconf 85' lang='lat' dir='ltr'><strong>constanter</strong></span> <span class='ocrx_word' id='word_1_251' title='bbox 1317 3870 1382 3914; x_wconf 88' lang='lat' dir='ltr'><strong>am-</strong></span> 
     </span>
    </p>
   </div>
   <div class='ocr_carea' id='block_1_10' title="bbox 200 3980 382 4066">
    <p class='ocr_par' dir='ltr' id='par_1_12' title="bbox 200 3980 382 4066">
     <span class='ocr_line' id='line_1_30' title="bbox 200 3980 382 4066; baseline 0.005 -22"><span class='ocrx_word' id='word_1_252' title='bbox 200 3980 301 4066; x_wconf 79' lang='lat' dir='ltr'><strong>plexa</strong></span> <span class='ocrx_word' id='word_1_253' title='bbox 323 3985 382 4045; x_wconf 80' lang='lat' dir='ltr'><strong>est</strong></span> 
     </span>
    </p>
   </div>
   <div class='ocr_carea' id='block_1_11' title="bbox 201 4271 1383 4453">
    <p class='ocr_par' dir='ltr' id='par_1_13' title="bbox 201 4271 1383 4453">
     <span class='ocr_line' id='line_1_31' title="bbox 290 4271 1383 4347; baseline -0.004 -15"><span class='ocrx_word' id='word_1_254' title='bbox 290 4277 331 4347; x_wconf 85' lang='lat' dir='ltr'><strong>(l)</strong></span> <span class='ocrx_word' id='word_1_255' title='bbox 350 4276 447 4333; x_wconf 87' lang='lat' dir='ltr'><strong>Veluti</strong></span> <span class='ocrx_word' id='word_1_256' title='bbox 465 4278 495 4332; x_wconf 89' lang='lat' dir='ltr'><strong>in</strong></span> <span class='ocrx_word' id='word_1_257' title='bbox 513 4276 588 4332; x_wconf 87' lang='lat' dir='ltr'><strong>ballo</strong></span> <span class='ocrx_word' id='word_1_258' title='bbox 606 4277 630 4330; x_wconf 87' lang='lat' dir='ltr'><strong>si</strong></span> <span class='ocrx_word' id='word_1_259' title='bbox 649 4275 788 4331; x_wconf 82' lang='lat' dir='ltr'><strong>exereitus</strong></span> <span class='ocrx_word' id='word_1_260' title='bbox 807 4292 836 4329; x_wconf 91' lang='lat' dir='ltr'><strong>se</strong></span> <span class='ocrx_word' id='word_1_261' title='bbox 856 4275 884 4329; x_wconf 92' lang='lat' dir='ltr'><strong>in</strong></span> <span class='ocrx_word' id='word_1_262' title='bbox 909 4275 1005 4344; x_wconf 78' lang='lat' dir='ltr'><strong>fugam</strong></span> <span class='ocrx_word' id='word_1_263' title='bbox 1025 4277 1117 4329; x_wconf 80' lang='lat' dir='ltr'><strong>ventat</strong></span> <span class='ocrx_word' id='word_1_264' title='bbox 1134 4274 1265 4328; x_wconf 81' lang='lat' dir='ltr'><strong>simulate</strong></span> <span class='ocrx_word' id='word_1_265' title='bbox 1283 4271 1317 4326; x_wconf 86' lang='lat' dir='ltr'><strong>ad</strong></span> <span class='ocrx_word' id='word_1_266' title='bbox 1335 4272 1383 4328; x_wconf 88' lang='lat' dir='ltr'><strong>de·</strong></span> 
     </span>
     <span class='ocr_line' id='line_1_32' title="bbox 201 4355 1382 4453; baseline -0.006 -15"><span class='ocrx_word' id='word_1_267' title='bbox 201 4383 362 4453; x_wconf 84' lang='lat' dir='ltr'><strong>cipicndum</strong></span> <span class='ocrx_word' id='word_1_268' title='bbox 381 4381 500 4448; x_wconf 85' lang='lat' dir='ltr'><strong>bostem,</strong></span> <span class='ocrx_word' id='word_1_269' title='bbox 517 4380 637 4438; x_wconf 85' lang='lat' dir='ltr'><strong>habetur</strong></span> <span class='ocrx_word' id='word_1_270' title='bbox 655 4356 738 4437; x_wconf 72' lang='lat' dir='ltr'><strong>dotas</strong></span> <span class='ocrx_word' id='word_1_271' title='bbox 758 4384 853 4436; x_wconf 82' lang='lat' dir='ltr'><strong>bonus.</strong></span> <span class='ocrx_word' id='word_1_272' title='bbox 873 4380 977 4436; x_wconf 81' lang='lat' dir='ltr'><strong>Verum</strong></span> <span class='ocrx_word' id='word_1_273' title='bbox 997 4379 1096 4434; x_wconf 83' lang='lat' dir='ltr'><strong>Festus</strong></span> <span class='ocrx_word' id='word_1_274' title='bbox 1113 4397 1138 4432; x_wconf 87' lang='lat' dir='ltr'><strong>v.</strong></span> <span class='ocrx_word' id='word_1_275' title='bbox 1157 4381 1241 4434; x_wconf 84' lang='lat' dir='ltr'><strong>dotus</strong></span> <span class='ocrx_word' id='word_1_276' title='bbox 1260 4355 1382 4434; x_wconf 76' lang='lat' dir='ltr'><strong>testatur</strong></span> 
     </span>
    </p>
   </div>
   <div class='ocr_carea' id='block_1_12' title="bbox 202 4485 1240 4664">
    <p class='ocr_par' dir='ltr' id='par_1_14' title="bbox 202 4485 1240 4664">
     <span class='ocr_line' id='line_1_33' title="bbox 202 4485 1238 4556; baseline -0.002 -14"><span class='ocrx_word' id='word_1_277' title='bbox 202 4489 349 4545; x_wconf 84' lang='lat' dir='ltr'><strong>desuetam</strong></span> <span class='ocrx_word' id='word_1_278' title='bbox 369 4493 436 4543; x_wconf 86' lang='lat' dir='ltr'><strong>tunc</strong></span> <span class='ocrx_word' id='word_1_279' title='bbox 454 4487 551 4542; x_wconf 81' lang='lat' dir='ltr'><strong>latinis</strong></span> <span class='ocrx_word' id='word_1_280' title='bbox 568 4488 653 4544; x_wconf 83' lang='lat' dir='ltr'><strong>fuisse</strong></span> <span class='ocrx_word' id='word_1_281' title='bbox 671 4487 728 4542; x_wconf 83' lang='lat' dir='ltr'><strong>doli</strong></span> <span class='ocrx_word' id='word_1_282' title='bbox 746 4488 776 4541; x_wconf 90' lang='lat' dir='ltr'><strong>in</strong></span> <span class='ocrx_word' id='word_1_283' title='bbox 792 4489 895 4542; x_wconf 83' lang='lat' dir='ltr'><strong>bonam</strong></span> <span class='ocrx_word' id='word_1_284' title='bbox 914 4489 1021 4555; x_wconf 82' lang='lat' dir='ltr'><strong>partem</strong></span> <span class='ocrx_word' id='word_1_285' title='bbox 1040 4485 1238 4556; x_wconf 85' lang='lat' dir='ltr'><strong>acceptionem.</strong></span> 
     </span>
     <span class='ocr_line' id='line_1_34' title="bbox 350 4590 1240 4664; baseline -0.004 -16"><span class='ocrx_word' id='word_1_286' title='bbox 350 4594 410 4648; x_wconf 78' lang='lat' dir='ltr'><strong>Soc.</strong></span> <span class='ocrx_word' id='word_1_287' title='bbox 430 4591 518 4664; x_wconf 70' lang='lat' dir='ltr'><strong>Lapa.</strong></span> <span class='ocrx_word' id='word_1_288' title='bbox 1207 4590 1240 4644; x_wconf 87' lang='grc'><strong>19</strong></span> 
     </span>
    </p>
   </div>
   <div class='ocr_carea' id='block_1_13' title="bbox 0 0 1688 5117">
    <p class='ocr_par' dir='ltr' id='par_1_15' title="bbox 0 0 1688 5117">
     <span class='ocr_line' id='line_1_35' title="bbox 0 0 1688 5117; baseline 0 0"><span class='ocrx_word' id='word_1_289' title='bbox 0 0 1688 5117; x_wconf 95' lang='lat' dir='ltr'><strong> </strong></span> 
     </span>
    </p>
   </div>
  </div>
 </body>
</html>
