3350 5117
528 311 573 358 nn
598 310 737 358 runicus
760 311 1024 360 acccusrasrrcrs
1299 293 1366 358 285

189 429 430 514 praescribitur
452 433 487 496 in
508 430 627 497 bonum
650 432 822 518 publicum,
841 433 1055 502 denunciatur
1080 453 1101 498 a
1122 433 1228 500 iudice
1251 453 1296 500 ecc
1318 433 1365 515 of·

182 552 274 637 ficio.
291 552 405 618 Veluti
419 553 609 629 decernere,
623 575 811 640 processum
826 555 951 622 nullum
966 574 1037 621 esse
1059 555 1099 621 ob
1123 575 1189 620 non
1205 561 1365 622 servatam

187 675 301 744 Const„
324 677 576 760 Benedictinam‚
591 681 734 766 pertinet
755 681 802 746 od
824 681 973 766 officium
996 681 1118 746 iudicis.
1135 715 1178 730 -
1199 679 1365 746 Sententia

186 809 298 872 autem
323 824 386 889 qua
401 804 595 886 declaretur,
610 811 717 871 actum
733 807 892 872 citationis
907 806 1031 871 nullum
1046 825 1117 871 esse
1139 805 1179 870 ob
1203 805 1362 871 deiectum

185 929 431 996 substantialem
453 931 506 996 vel
536 932 639 1017 ipsum
670 951 857 1017 processum
885 932 1008 996 nullum
1039 951 1111 998 esse
1141 929 1182 996 ob
1212 931 1361 997 omissam

182 1054 385 1126 citationem,
410 1055 577 1137 implorari
600 1054 695 1121 debet
715 1056 756 1121 ab
779 1075 818 1118 eo
838 1055 928 1120 cuius
944 1056 1089 1135 interest,
1106 1060 1138 1120 et
1154 1054 1285 1140 planum
1302 1059 1360 1118 est.

269 1177 303 1264 7)
336 1179 471 1244 Demum
501 1181 577 1263 quia
606 1179 697 1246 fraus
729 1186 762 1245 et
791 1179 882 1244 dolus
921 1181 1040 1246 nemini
1070 1181 1269 1264 patrocinari
1300 1177 1360 1242 de-

179 1304 277 1385 bent,
301 1305 329 1369 si
351 1305 423 1388 quis
445 1304 585 1389 aliquem
615 1310 722 1370 acmm
753 1305 903 1370 omittere
927 1310 1020 1372 curet
1041 1311 1098 1372 aut
1121 1323 1184 1369 non
1215 1303 1363 1390 perlecto

182 1435 295 1514 ponat,
321 1449 359 1494 eo
383 1429 527 1500 consilio,
544 1435 579 1494 ut
600 1449 772 1515 processus
785 1429 895 1494 nullus
918 1427 976 1494 fiat
998 1429 1125 1495 atinde
1150 1429 1263 1496 iudicis
1286 1449 1360 1494 sen-

185 1557 291 1620 tentia
308 1551 487 1637 differatur,
504 1575 567 1620 non
589 1557 657 1641 ipse
679 1556 829 1641 querelas
854 1555 1011 1623 nullitatis
1032 1576 1151 1642 urgere
1174 1561 1288 1642 potest.
1304 1557 1359 1621 sed

190 1677 414 1750 adversarius
439 1679 466 1744 si
489 1699 605 1763 nempe
635 1677 695 1744 sibi
727 1679 882 1765 expedire
912 1678 1107 1754 arbitretur;
1131 1697 1204 1742 nam
1231 1677 1360 1760 facturn

187 1801 315 1887 cuique
336 1821 438 1866 mam
459 1821 531 1868 non
552 1801 753 1869 aduersario
775 1821 898 1868 nocere
925 1801 1028 1875 debet,
1053 1821 1095 1866 ex
1118 1802 1140 1866 t.
1162 1799 1229 1866 155
1250 1801 1286 1884 ff.
1310 1800 1362 1865 De

180 1948 256 2015 rep.
278 1929 347 1992 tur.

271 2053 306 2140 8)
330 2053 364 2119 Si
387 2073 468 2118 vero
491 2054 623 2118 nullitas
646 2053 760 2118 evitari
784 2073 849 2117 uon
873 2053 981 2138 possit,
998 2053 1050 2117 vel
1065 2055 1140 2136 quia
1154 2053 1360 2118 decernenda

184 2185 236 2244 est
258 2199 302 2244 ex
324 2176 440 2258 officio,
456 2179 510 2243 vel
530 2180 604 2263 quia
625 2198 691 2242 non
714 2179 846 2264 expedit
860 2179 1049 2244 adversario
1065 2197 1134 2242 eam
1160 2180 1358 2264 praetermit-

183 2304 261 2365 tere
283 2305 316 2364 et
338 2319 466 2366 sanare.
482 2305 561 2366 tunc
583 2301 680 2367 iudex
703 2301 928 2366 condemnabit
950 2306 1075 2386 partem
1098 2321 1179 2385 quae
1203 2301 1359 2366 nullitatis

185 2445 287 2490 musa
300 2425 381 2530 ,fnit’
397 2431 433 2490 ut
454 2424 677 2490 adversarium
700 2425 883 2490 indemnem
905 2425 1029 2498 reddat,
1049 2445 1106 2490 seu
1130 2425 1280 2490 damnum
1305 2446 1357 2490 re·

177 2545 269 2613 ficiat
291 2567 335 2612 ex
357 2553 432 2612 actu
454 2547 544 2612 nullo
566 2549 662 2613 alteri
684 2550 891 2633 proveniens.
911 2585 955 2598 -
980 2549 1021 2615 Et
1043 2549 1107 2614 hoc
1130 2547 1357 2634 praestandum

181 2677 243 2741 est
275 2672 349 2737 sive
378 2671 510 2738 nullitas
538 2691 558 2738 e
586 2671 661 2736 dolo
689 2673 867 2757 proveniat,
895 2673 965 2737 sive
995 2671 1114 2756 absque
1144 2672 1217 2738 dolo
1247 2671 1357 2737 habita

182 2796 227 2859 sit
248 2793 307 2880 (1).
323 2828 368 2842 -
383 2793 509 2858 Verum
532 2795 572 2860 ob
596 2795 744 2860 mictum
766 2793 948 2876 imperium
972 2799 1164 2879 competens,
1185 2793 1283 2859 iudex
1299 2815 1356 2880 po-

178 2925 246 2986 test
268 2940 405 3006 poenam
420 2920 521 2984 veluti
539 2920 670 2985 multam
685 2922 851 3005 imponere
870 2922 965 3005 parti,
983 2921 1073 2986 cuius
1095 2919 1211 2984 fraude
1234 2919 1354 2984 factum

179 3047 241 3116 est
265 3041 391 3106 nullum
415 3061 487 3107 esse
501 3045 617 3106 actum.
635 3041 682 3108 Gi.
701 3041 821 3107 Bened.
837 3042 930 3116 XIV,
950 3041 997 3106 De
1012 3061 1086 3126 syo.
1103 3042 1206 3108 dioec.
1224 3040 1295 3108 Lib.
1313 3042 1355 3122 X,

172 3185 252 3250 cap.
279 3166 303 3231 9
325 3170 357 3231 et
377 3165 430 3230 10.

267 3463 309 3532 (l)
329 3463 405 3518 Haec
419 3466 460 3518 ita
473 3463 659 3518 decernuntur
678 3467 705 3518 iu
720 3465 777 3519 cod.
792 3466 838 3519 cit.
853 3465 934 3534 Greg.
949 3469 1000 3518 art.
1014 3465 1101 3518 tlon<
1116 3463 1203 3517 Nemo
1217 3479 1356 3533 opponere

175 3573 272 3639 potest
290 3569 451 3623 nullitatem
474 3575 554 3623 actus
579 3572 614 3623 ob
637 3569 775 3624 detectum
800 3573 915 3636 formae,
934 3572 977 3624 cui
1000 3570 1125 3624 nullitati
1145 3571 1204 3639 ipse
1230 3569 1356 3635 autulii,

173 3675 239 3730 eius
256 3676 370 3730 nomine
387 3679 514 3745 egentes,
531 3691 644 3728 causam
662 3675 823 3730 dederint».
845 3678 875 3730 ln
893 3681 945 3731 art.
960 3678 1009 3732 411
1028 3681 1151 3732 cavetur:
1165 3691 1182 3728 a
1197 3677 1225 3730 ln
1246 3677 1355 3729 casibus

174 3781 320 3836 nullitatis
337 3783 373 3836 ob
392 3782 570 3837 omissionem
594 3788 644 3836 aut
669 3783 904 3837 inobservantiam
931 3785 1117 3853 praescriptae
1142 3785 1354 3852 so1·mae‚p0te·

174 3893 244 3942 runt
262 3888 368 3942 iudices
386 3887 524 3954 ordinare,
543 3893 623 3943 actus
641 3889 813 3944 renovandos
831 3907 891 3945 esse
910 3891 1038 3960 expensis
1056 3893 1276 3959 procuratorum,
1289 3905 1353 3942 cur-

173 4013 271 4050 sorum
282 4001 332 4050 aut
345 3995 463 4050 alionum
473 3997 634 4050 officialium
647 3998 694 4067 qui
707 4001 786 4052 actus
796 4013 898 4066 ponere
908 3997 1046 4052 debebant
1055 3997 1195 4066 legitime:
1209 4000 1355 4066 praeterea

174 4107 316 4172 poterunt,
336 4120 386 4172 pro
403 4121 497 4158 rerum
510 4104 654 4170 adiunctis,
669 4120 716 4158 eos
728 4104 912 4159 condemnare
930 4106 959 4158 in
979 4105 1156 4159 reiectionem
1170 4119 1354 4172 expensarum

173 4215 206 4264 et
222 4211 398 4276 damnorum,
410 4215 460 4265 aut
473 4211 559 4266 etiam
577 4212 605 4264 in
625 4216 730 4265 certam
749 4211 866 4265 multam
885 4230 909 4264 a.
929 4211 1071 4266 Articulus
1089 4211 1213 4282 loquitur
1236 4213 1269 4266 de
1287 4227 1353 4280 pro-

173 4320 354 4374 curatoribus
367 4328 396 4373 et
408 4335 464 4372 nou
477 4319 510 4373 de
524 4320 591 4388 ipsis
603 4319 789 4390 litigantibus,
802 4322 868 4391 quia
881 4321 967 4375 codex
981 4321 1144 4390 praescribit
1158 4323 1353 4377 necessitatem

174 4422 307 4494 litigandi
327 4441 377 4493 per
395 4429 611 4493 procuratorem,
630 4427 669 4480 uti
690 4427 745 4480 iam
765 4427 974 4496 explicavimus,
