3350 5117
540 326 584 373 nn
608 326 747 373 1umc11s
771 325 1036 373 rcccrsmsrrcrs
1307 306 1368 374 151

193 449 428 515 iuramentum
451 449 587 533 descire
609 450 798 536 transipcrc
821 451 874 515 vel
891 450 1022 534 pacisci
1043 469 1115 517 non
1140 453 1252 533 potest
1273 468 1304 513 r.
1328 484 1373 499 -

194 574 306 649 Quare
329 575 364 639 in
386 574 531 659 generali
548 573 698 639 mandato
714 592 808 640 casus
823 575 1050 661 intelliguntur
1071 575 1208 659 excepti,
1221 575 1274 657 qni
1298 573 1373 638 alie·

190 698 357 763 nationem
381 700 556 783 important
579 698 630 763 vel
654 698 831 785 importare
854 702 995 784 possunt.
1022 698 1109 763 Hinc
1132 718 1175 763 ex
1189 716 1264 781 cop.
1283 696 1372 761 9De

192 821 294 888 arbit.
318 821 353 885 X
375 819 413 907 (Ι,
440 821 496 905 43)
519 821 559 887 ad
583 821 907 908 compromittendum
930 824 963 886 in
994 821 1134 887 arbitros
1160 821 1300 908 speciale
1324 840 1372 885 re·

190 948 335 1031 quiritur
358 947 551 1013 mandatnm.

282 1054 317 1157 a)
340 1072 399 1137 na
424 1071 527 1137 mem.
543 1071 570 1135 ε
584 1070 639 1137 oe
657 1090 798 1155 procur.
824 1070 863 1157 (1,
881 1071 936 1153 no)
957 1072 1099 1158 sponna
1118 1071 1263 1157 exigitur
1284 1086 1373 1132 man-

189 1190 302 1258 datum
325 1190 366 1257 ad
390 1192 561 1258 iurandum
584 1212 644 1278 pro
672 1198 766 1278 parte
795 1192 983 1268 mandante;
1006 1198 1040 1259 et
1061 1212 1106 1257 coc
1128 1193 1181 1260 cit.
1206 1213 1281 1277 cap.
1309 1192 1372 1264 Qui

189 1315 240 1381 ad
272 1314 457 1401 spondam,
483 1316 533 1382 De
557 1336 654 1401 proc.
679 1317 717 1382 in
740 1316 773 1398 6,
797 1316 837 1381 ad
857 1316 1068 1382 deferendum
1098 1316 1258 1381 adversae
1285 1316 1370 1402 parti

190 1445 422 1516 iuramentum,
439 1443 504 1507 litis
527 1442 730 1509 decisorium.
748 1444 828 1509 Nam
845 1444 1059 1509 iuramentum
1075 1442 1306 1529 proferendum
1323 1445 1372 1507 est

192 1586 238 1633 cx
261 1568 398 1633 scientia
422 1571 455 1631 et
479 1566 659 1632 mandantis
682 1569 890 1641 conscientia
914 1568 969 1652 qui
991 1565 1128 1652 proinde
1159 1586 1218 1652 pro
1244 1565 1372 1651 singulo

190 1688 325 1774 speciali
350 1708 427 1753 casu
450 1690 558 1753 omnia
580 1688 690 1755 sedulo
712 1708 853 1775 pensare
876 1688 980 1755 debet.

282 1811 315 1897 3)
340 1812 398 1877 Ec
426 1812 479 1880 cit.
507 1808 608 1878 clem.
637 1810 735 1877 ane
753 1830 895 1895 procur.
925 1810 965 1876 ad
993 1808 1216 1897 opponendum
1247 1812 1371 1875 crimen

190 1937 246 2003 vel
270 1937 432 2003 defectum
464 1941 579 2003 contra
602 1956 772 2023 personam
796 1937 890 2004 electi
912 1937 965 2002 vel
984 1935 1117 2020 precisi
1142 1933 1182 2000 de
1203 1932 1370 2018 beneflcio,

188 2063 353 2149 paternis
377 2080 441 2127 non
464 2060 581 2127 sufficit
596 2060 794 2127 mandatum:
814 2081 832 2125 c
850 2080 922 2126 cum
946 2060 1004 2146 (ait
1018 2058 1184 2146 Pontifex)
1201 2060 1260 2126 sub
1275 2080 1371 2147 gene

192 2187 324 2253 ralitate
347 2187 404 2251 tali
428 2188 582 2272 graviora
603 2205 669 2252 non
684 2188 826 2261 veniant,
848 2185 899 2251 vel
916 2187 1040 2251 maiora
1054 2189 1149 2270 qu'am
1164 2187 1198 2250 iu
1213 2187 1283 2271 ipso
1298 2205 1370 2270 pro·

190 2313 363 2378 curatorio
386 2310 629 2399 sint'expressa
648 2334 679 2377 ».
704 2314 836 2378 Revera
858 2334 961 2400 grave
983 2319 1033 2379 est
1055 2331 1148 2396 quem
1172 2310 1212 2377 de
1235 2311 1373 2376 crimine

193 2455 354 2502 accusare
377 2443 413 2504 ut
435 2456 455 2501 a
477 2434 635 2503 beneficio
658 2436 880 2522 prohibeatur.

281 2564 316 2644 4)
340 2562 398 2627 Ex
421 2580 495 2645 cop.
520 2563 579 2627 ult.
597 2562 644 2627 tit.
662 2560 715 2627 Dc
733 2580 830 2645 proc.
854 2561 931 2627 ind
954 2559 992 2646 (Ι,
1013 2560 1066 2648 19)
1090 2565 1284 2646 procurator
1302 2578 1370 2643 spe-

192 2684 269 2748 ciali
301 2684 507 2751 constituitur
537 2684 685 2749 mandato
716 2685 757 2750 ad
786 2686 1025 2749 matrimonium
1056 2682 1312 2749 contrahendum
1337 2688 1371 2748 et

192 2827 325 2873 causam
356 2808 625 2873 matrimonialem
655 2808 824 2895 agendam.
849 2844 893 2858 -
917 2804 1136 2879 Reiffeustuel
1168 2807 1215 2873 cd
1246 2806 1292 2871 tit.
1316 2804 1371 2871 De

187 2950 286 3014 proc.
310 2952 346 2996 n.
373 2932 419 2997 96
441 2930 642 3012 contradicit,
662 2931 765 3016 quoad
789 2950 903 2997 causas
925 2930 1187 3003 matrimoniales,
1203 2930 1279 3015 quia
1293 2948 1367 3013 cap.

192 3058 246 3125 cit.
270 3057 415 3142 loquitur
445 3057 664 3123 tantummodo
687 3058 727 3124 de
757 3063 832 3123 mat.
857 3056 1087 3138 contrahendo,
1111 3077 1177 3123 non
1200 3057 1240 3123 de
1263 3058 1369 3122 causis

190 3180 493 3247 matrimonialibus.
516 3177 582 3246 Sed
605 3182 780 3246 necessitas
809 3180 951 3246 mandati
973 3180 1122 3266 specialis
1144 3180 1304 3266 repetitur
1326 3200 1368 3243 ex

190 3306 354 3391 gravitate
378 3324 506 3387 musae,
534 3307 580 3371 nti
604 3306 751 3372 decernit
773 3306 858 3373 idem
881 3308 935 3373 cit.
959 3311 1073 3393 caput:
1093 3327 1111 3371 c
1134 3310 1277 3390 propter
1297 3325 1367 3372 ma-

188 3448 300 3517 pmm
316 3428 409 3515 quod
423 3448 469 3495 eor
481 3428 574 3513 sacto
590 3435 661 3496 tom
675 3431 787 3499 arduo
806 3437 921 3516 posset
931 3431 1125 3516 periculum
1141 3430 1321 3497 imminere
1335 3448 1367 3505 »3

188 3552 276 3619 unde
299 3521 552 3620 matrimoniales
576 3573 692 3620 causae
710 3554 823 3639 quibus
838 3554 878 3619 de
893 3554 1006 3620 valore
1020 3556 1215 3620 matrimonii
1231 3572 1286 3620 res
1308 3558 1366 3626 est,

188 3678 377 3745 mandatum
402 3680 607 3766 expostulant
629 3681 778 3766 speciale,
803 3680 845 3746 cf.
872 3680 1011 3767 Pirhing
1031 3681 1069 3746 in
1092 3680 1139 3745 tit.
1155 3678 1209 3746 De
1224 3698 1366 3763 procur.

188 3822 221 3867 n.
241 3800 301 3867 60.
318 3836 364 3851 -
377 3800 549 3867 Sententia
567 3822 647 3868 vero
664 3800 876 3869 Reiffenstuel
899 3802 1027 3869 videtur
1042 3804 1137 3867 etiam
1152 3800 1366 3887 reprobanda,

191 3924 267 4007 quia
280 3925 430 3990 innititur
444 3926 563 3991 rationi
582 3946 599 3990 «
617 3924 730 3991 nullibi
746 3928 780 3991 in
795 3928 868 3992 inre
882 3928 1022 4012 reperiri
1037 3945 1237 4012 expressum,
1261 3924 1295 3989 in
1316 3923 1369 3989 his

191 4049 298 4113 causis
322 4047 508 4115 mandatum
523 4050 646 4134 requiri
669 4050 809 4136 speciale
826 4070 856 4124 a,
870 4069 966 4134 quum
982 4069 1097 4137 reapse
1119 4070 1185 4116 non
1202 4050 1245 4115 sit
1259 4050 1368 4133 eani·

189 4172 291 4239 reuda
314 4175 395 4239 iuris
418 4177 584 4261 expressio
609 4177 762 4243 inactiva
785 4176 842 4242 sed
864 4182 989 4243 tantum
1008 4198 1125 4244 causae
1144 4178 1307 4265 pravitas.
1322 4212 1367 4226 -

190 4296 261 4363 Hac
285 4297 326 4363 de
350 4300 477 4364 ratione
500 4300 637 4385 speciale
660 4301 846 4367 mandatnm
870 4302 1008 4369 dandum
1031 4308 1082 4370 est
1098 4305 1303 4390 procuratori
1325 4302 1368 4369 ad
1406 4374 1414 4397 .

189 4420 380 4488 tractandas
403 4422 627 4491 criminaliter
649 4444 763 4491 causas
785 4426 981 4492 criminales.
