3350 5117
402 324 468 393 538
928 348 1011 395 raas
1037 348 1058 394 1.

403 470 500 535 missa
522 476 596 535 sunt
620 471 792 537 instantiae
816 476 849 537 et
871 471 1078 537 sollicitudini
1101 472 1288 538 earumdem
1303 476 1424 559 partium.
1440 477 1507 540 lulis

402 593 591 662 definiendis
615 596 775 662 habeatur
798 597 852 662 ille
876 597 956 662 ordo
979 598 1152 682 requisitus
1175 618 1219 664 ex
1243 599 1342 686 logica
1366 603 1508 666 connexione

402 740 519 785 causae
543 722 746 787 accessoriae
762 742 834 788 cum
851 723 1034 809 principali,
1050 724 1141 789 iuxta
1155 724 1287 809 regulas
1300 723 1414 789 traditos
1430 747 1454 789 a.
1465 724 1511 790 356

402 867 469 932 seq.
488 882 530 897 -
553 846 769 924 Quamobrem
793 855 897 935 potest
920 849 1020 915 iudex
1035 849 1272 935 praescribere,
1294 849 1403 935 quando
1416 852 1510 935 cognitio

403 971 597 1052 quaestionis
614 970 815 1036 incidentalie
831 990 896 1035 non
912 974 1099 1037 necessaria
1113 974 1155 1037 sit
1170 971 1341 1038 definitioni
1356 992 1448 1035 cauma
1459 973 1510 1055 pris·

404 1094 514 1178 cipalis
539 1094 599 1157 iam
625 1094 822 1161 sufficienter
846 1098 1024 1161 instructae
1046 1096 1087 1160 ad
1111 1097 1303 1162 seutentiam
1318 1095 1512 1162 definitivamu

404 1237 502 1281 causa
530 1218 732 1284 incidentalis
763 1220 954 1305 expediatur
985 1220 1129 1285 absoluto
1159 1222 1343 1307 principalis
1363 1220 1470 1293 iudicio;
1488 1220 1511 1282 rt.

403 1362 432 1406 e.
456 1362 483 1407 c.
507 1342 534 1409 1.
548 1340 581 1414 3,
608 1342 656 1409 llo
679 1343 752 1409 ord.
777 1344 900 1429 copnit.
924 1345 958 1407 X
979 1342 1035 1425 (ΙΙ,
1053 1346 1107 1429 Χ),
1124 1345 1160 1427 5,
1188 1344 1253 1415 Qui
1273 1346 1331 1429 pilii
1351 1345 1409 1409 sint
1425 1343 1515 1429 lepitl'

406 1466 478 1545 (ΙΙΙ,
500 1466 561 1553 ΙΙ),
586 1467 653 1551 38,
680 1467 729 1534 De
753 1468 888 1534 lentibus
903 1470 937 1533 X
949 1469 1006 1554 (ΙΙ,
1031 1469 1097 1555 20),
1122 1471 1174 1542 18,
1191 1470 1242 1537 De
1264 1472 1403 1553 rescript.
1418 1468 1510 1551 ltili

493 1596 569 1661 541.
594 1596 759 1661 Sententia
775 1596 814 1660 ad
831 1616 945 1661 causas
967 1596 1145 1661 incidentes
1160 1595 1355 1662 definiendas
1374 1596 1478 1682 prolata
1488 1594 1515 1655 li·

404 1718 489 1782 citur
512 1718 774 1793 interlocutoria,
790 1725 824 1785 et
839 1720 1017 1804 quaeritur,
1034 1740 1076 1784 on
1091 1740 1205 1783 omnes
1219 1724 1409 1804 quaestiones
1422 1719 1517 1782 imiim-

404 1842 453 1901 tes
476 1840 606 1924 speciali
624 1843 783 1906 sententia
799 1847 875 1905 ante
891 1838 1086 1906 definitivam
1111 1842 1230 1906 resolvi
1256 1842 1393 1908 debeant.
1408 1838 1518 1923 Siquidm

406 1960 469 2025 DD.
488 1982 551 2027 non
575 1967 788 2041 conveniunt;
813 1967 868 2030 sed
886 1966 993 2052 placet
1015 1972 1048 2032 et
1067 1987 1126 2051 pro
1142 1970 1237 2051 praxi
1263 1974 1329 2034 tuta
1350 1973 1393 2031 est
1411 1962 1519 2027 sentenia
1571 1933 1573 2086 )

406 2084 625 2161 Reidenstnel.
658 2088 707 2155 De
737 2092 812 2157 ord.
844 2090 977 2177 coqnit„
1001 2112 1035 2157 n.
1059 2092 1128 2157 26:
1150 2092 1301 2158 iudicem
1322 2109 1424 2175 nempe
1441 2087 1520 2152 detor
1571 2089 1572 2104 ¹

405 2224 483 2285 onte
507 2216 715 2302 (infinitivam
737 2216 938 2281 sententiam
950 2216 1188 2298 pronunciare
1210 2216 1255 2281 de
1277 2216 1347 2301 illis¹
1358 2208 1520 2280 incidentiae
1572 2239 1573 2256 ι

406 2344 517 2412 causis
533 2363 681 2427 qnnrnnn
698 2342 821 2408 decisio
837 2360 908 2406 non
919 2346 1031 2424 potest
1045 2342 1290 2424 comprehendi
1305 2337 1480 2406 insenrentu
1491 2334 1521 2397 dr
1572 2325 1573 2352 l

404 2471 543 2558 finilicn.
562 2504 605 2519 -
626 2466 805 2551 Aliquando
830 2467 1051 2531 necessarium
1075 2471 1125 2532 est
1147 2466 1341 2531 incidentem
1363 2464 1521 2548 quaestionem

405 2596 581 2675 resolvere,
599 2594 697 2657 veluti
721 2612 762 2656 an
778 2590 888 2675 aliqua
910 2590 1110 2675 probationis
1125 2593 1251 2675 species
1271 2591 1388 2655 admitti
1401 2586 1493 2652 debut
1505 2595 1524 2643 u

406 2721 478 2787 dein
503 2720 621 2807 gradus
645 2716 700 2782 fiat
722 2716 762 2781 ad
792 2716 987 2781 sententiam
1010 2734 1127 2781 causae
1156 2715 1345 2801 principalis
1367 2708 1524 2777 definitivam:

406 2868 506 2932 quare
529 2852 606 2911 tunc
629 2843 788 2910 sententia
804 2842 1058 2908 interlocutoria
1074 2860 1152 2906 saue
1175 2838 1301 2906 differri
1325 2860 1384 2905 noo
1404 2841 1489 2922 potest.

496 2972 533 3035 lu
546 2971 608 3034 hac
625 2965 867 3054 pronuncianda
884 2966 972 3030 nulla
984 2964 1161 3049 requiritur
1172 2964 1369 3045 solemnitas,
1381 2956 1525 3026 imneriure

406 3096 564 3163 communi
578 3114 619 3161 ne
635 3092 811 3176 requiritur
827 3090 954 3174 quidem
969 3094 1006 3156 ut
1021 3090 1149 3175 scriptis
1163 3088 1272 3155 detur.
1291 3089 1360 3154 Hoc
1373 3091 1462 3153 tamen
1473 3078 1524 3143 sola

406 3222 492 3305 exigi
517 3241 559 3285 ex
582 3220 675 3305 praxi
692 3216 899 3283 tribunalium
915 3216 968 3281 vel
991 3218 1063 3281 iure
1085 3215 1378 3283 consuetudinario.
1394 3216 1421 3275 et
1433 3213 1471 3273 est
1482 3226 1499 3267 c:
1508 3221 1526 3263 n·

406 3344 528 3408 sultius.
560 3342 684 3406 Verum
716 3340 776 3403 etsi
806 3338 967 3403 sententia
997 3335 1200 3402 incidentalis
1231 3357 1301 3402 non
1324 3333 1490 3418 concipiatur
1509 3339 1526 3385 u

406 3466 594 3553 proseratur
624 3482 778 3547 expressa
800 3462 951 3532 formula,
976 3466 1086 3525 tamen
1113 3459 1153 3525 de
1184 3459 1437 3526 interlocutoriae
1459 3447 1528 3536 pull·

406 3591 492 3655 tione
515 3595 548 3655 et
571 3594 685 3653 tenore
708 3588 741 3651 in
764 3588 845 3651 actis
869 3584 976 3651 iudicii
1000 3590 1149 3651 constare
1172 3585 1290 3661 debet;
1314 3584 1355 3650 cl.
1376 3604 1401 3649 c.
1419 3600 1442 3646 c.
1460 3570 1529 3651 tlt

406 3719 488 3778 sent.
506 3718 536 3777 et
551 3732 590 3777 re
606 3712 675 3776 iud.
693 3710 729 3775 in
745 3710 768 3773 6
783 3708 839 3795 (ll,
858 3710 919 3793 14),
932 3708 968 3791 2,
985 3710 1021 3775 in
1034 3709 1135 3776 Clam.
1149 3708 1201 3775 De
1216 3710 1310 3777 verb.
1326 3704 1430 3794 sian'l'.
1441 3694 1529 3785 (tlt-

496 3837 571 3903 542.
585 3835 672 3901 Trid.
688 3834 818 3906 Concil,
831 3853 909 3899 sess.
924 3830 976 3914 13,
990 3853 1066 3915 cap.
1083 3834 1110 3912 1,
1123 3838 1156 3900 et
1169 3852 1253 3899 sess.
1266 3832 1329 3911 24,
1342 3850 1408 3914 cap.
1420 3826 1456 3892 1⁰
1465 3815 1529 3888 ettil-

407 3957 461 4023 De
474 3957 622 4039 reform:
638 3955 749 4021 statuit
764 3974 784 4019 a
799 3955 960 4019 sententia
974 3953 1222 4019 interlocutoria
1238 3974 1307 4020 non
1322 3954 1387 4018 dari
1400 3940 1530 4033 appeltam

408 4103 490 4155 nem,
508 4083 568 4147 nisi
585 4082 645 4146 ista
659 4083 725 4145 vim
741 4080 858 4145 habeat
873 4077 1034 4151 definitae,
1051 4100 1109 4145 seu
1125 4081 1295 4146 contiueat
1310 4092 1468 4167 gravamen
1478 4058 1529 4152 qut

354 4192 356 4201 ’
407 4205 604 4272 adefinitiva
620 4205 767 4289 reparari
786 4223 849 4268 non
873 4204 989 4269 valeat.
1012 4203 1083 4268 Hoc
1098 4200 1232 4269 decreto
1251 4205 1418 4271 Concilium
1432 4193 1528 4262 Trium·

408 4335 553 4398 correxit
569 4334 616 4398 ius
640 4330 856 4397 Decretalium
872 4330 1062 4415 permittens
1084 4329 1338 4415 appellationem
1353 4349 1372 4393 a
1385 4328 1528 4410 quacumqfi?

408 4462 567 4527 sententia
590 4480 665 4546 orp.
690 4480 717 4525 c.
741 4480 767 4526 c.
792 4458 846 4532 12,
870 4456 929 4539 59,
947 4456 997 4523 De
1020 4456 1144 4539 appell.
1169 4456 1204 4520 X
1225 4454 1286 4541 (ΙΙ,
1312 4454 1376 4543 28),
1398 4460 1425 4520 et
1441 4439 1529 4513 acrei
