3350 5117
308 310 370 375 138
828 326 912 372 reas
937 326 958 371 1.

304 458 337 517 et
360 451 499 537 Pirhing
523 451 554 514 in
578 448 682 515 eumd.
707 450 755 515 tit.
780 469 812 514 n.
837 450 868 515 9.
893 486 938 499 -
960 453 1005 515 At
1026 456 1142 517 contra
1168 449 1342 525 affirmant,
1367 451 1483 517 Sacer-

303 578 409 641 dotem
432 576 623 641 advocatum
638 594 740 661 agere
754 595 849 659 posse
871 578 904 641 in
927 575 1000 640 foro
1016 576 1247 656 ecclesiastico,
1264 575 1403 641 celebris
1418 573 1483 639 Ho

303 701 440 773 eliensis,
461 698 582 766 Glossa
613 698 649 763 iu
673 699 704 763 h.
729 717 824 781 cap.,·
848 702 881 762 et
904 698 1023 763 Bened.
1041 700 1126 764 XIV
1149 700 1200 765 De
1224 700 1364 786 Syuoda
1387 698 1486 764 Diae·

303 841 427 888 eesaua
451 823 487 887 L.
512 821 564 895 13,
590 822 751 897 c.10,u.
778 821 831 885 12.
857 820 920 886 Sed
947 820 1099 906 quidquid
1128 824 1170 888 sit
1200 822 1241 887 de
1271 822 1485 887 fundamento

302 948 577 1033 interpretationis
608 946 798 1017 Hostiensis
823 952 950 1011 certum
977 951 1028 1012 est
1054 947 1174 1013 Bened.
1199 948 1284 1013 XIV
1307 948 1370 1012 hoc
1395 944 1482 1011 affir-

303 1091 417 1145 masse,
430 1073 575 1136 innixum
592 1070 814 1136 consuetudini
830 1070 972 1135 maxime
986 1070 1128 1145 inolitae,
1142 1075 1316 1158 praecipue
1332 1074 1365 1137 in
1382 1072 1493 1137 Curia.

304 1199 450 1263 Romana
473 1197 513 1263 de
536 1217 598 1281 qua
622 1199 667 1265 ita
689 1202 826 1262 testatur
850 1197 1033 1281 Fagnanus‚
1056 1198 1095 1263 iu
1118 1218 1193 1281 cap.
1214 1197 1336 1265 Clerici
1355 1198 1401 1263 tit.
1420 1195 1471 1263 37
1473 1246 1483 1269 ,

303 1321 357 1387 tto.
382 1323 410 1395 Ι,
434 1342 468 1386 u.
492 1320 561 1385 22:
590 1321 854 1391 «Declaratur,
878 1322 932 1391 ait.
960 1321 1162 1403 supradicta
1191 1323 1314 1407 reputa
1342 1327 1381 1386 ul
1409 1340 1482 1387 nou

302 1448 449 1514 obtineat
470 1448 508 1512 lu
534 1446 640 1511 Curia
663 1444 823 1513 Roraaua
845 1446 905 1512 ubi
927 1448 1141 1514 contrarium
1162 1454 1322 1514 cavatur
1341 1449 1385 1513 de
1403 1468 1482 1513 cou-

302 1571 533 1637 suetudine».
558 1570 682 1635 Verum
712 1571 787 1654 quia
814 1571 898 1635 haec
928 1569 1125 1636 consuetudo
1156 1590 1221 1635 non
1250 1570 1380 1636 videtur
1410 1590 1484 1635 esse

302 1696 474 1781 generalis,
498 1716 562 1759 non
593 1692 734 1759 infirmat
756 1696 805 1760 ius
828 1714 1009 1761 commune.
1034 1732 1078 1745 -
1099 1696 1483 1801 QeQe

302 1820 390 1904 v-iget
413 1823 526 1909 petans
550 1816 777 1903 Sacerdotibus
801 1820 897 1907 etiam
921 1820 953 1882 in
978 1820 1050 1883 foro
1073 1820 1294 1886 ecclesiastico
1309 1820 1483 1901 advocatos

302 1960 390 2017 esse;
414 1911 472 2007 his¹
488 1948 626 2031 quatuor
650 1940 776 2037 casibus
804 1944 949 2027 exceptis
973 1962 1016 2007 ex
1038 1945 1092 2010 cit.
1110 1964 1138 2008 c.
1160 1942 1245 2008 Cum
1269 1942 1484 2009 Sacerdotis:

279 2066 486 2155 ,adpendet
507 2086 572 2161 pro
596 2067 716 2155 serpso,
740 2069 791 2151 ael
815 2066 1064 2153 Ecclesiasua,
1081 2069 1132 2135 vel
1155 2066 1198 2155 (sl
1220 2071 1402 2137 necessitas
1420 2069 1483 2133 im-

302 2191 442 2278 mineat)
463 2211 529 2275 pro
548 2192 708 2279 personis
731 2192 917 2261 coniunctis
931 2199 993 2259 aul
1005 2194 1254 2261 urismbililrus
1268 2195 1333 2281 sibl
1350 2195 1480 2261 licitum

302 2322 350 2382 est
364 2314 541 2399 postulare
558 2336 588 2393 »;
605 2316 718 2400 quibus
734 2316 766 2381 in
784 2316 911 2381 casibus
929 2322 995 2381 tum
1012 2319 1046 2381 in
1063 2317 1135 2382 toro
1152 2318 1232 2383 eccl.
1249 2325 1317 2383 tum
1341 2320 1375 2381 in
1397 2318 1483 2382 laico

302 2462 459 2526 perorare
483 2448 586 2528 potest
608 2442 776 2508 Sacerdos.
793 2476 838 2489 -
853 2442 921 2507 Pro
936 2443 1032 2527 praxi
1047 2442 1239 2507 advertatur
1254 2443 1482 2511 Sacerdotibus

303 2564 443 2630 faciliter
466 2584 559 2651 posse
582 2564 622 2630 ad
646 2564 867 2649 postulandum
883 2565 1005 2649 aperiri
1028 2563 1158 2638 aditum,
1176 2564 1265 2629 nulla
1281 2584 1407 2649 quoque
1429 2564 1480 2629 fa-

302 2694 397 2755 vente
420 2689 576 2775 peculiari
593 2689 832 2762 consuetudine,
849 2692 924 2774 quia
945 2659 980 2753 in
1000 2690 1073 2753 foro
1089 2690 1169 2756 eccl.
1186 2710 1251 2755 non
1269 2691 1351 2755 solet
1365 2689 1481 2754 haberi

301 2816 464 2879 contentio
487 2814 601 2886 oratis,
618 2812 674 2879 sed
697 2815 730 2879 in
754 2815 882 2899 scriptis
905 2813 1136 2879 advocatorum
1159 2820 1235 2879 vota
1257 2815 1480 2899 proferuntur,

302 2938 346 3003 ita
367 2943 404 3005 ut
426 2944 581 3023 patronus
604 2938 708 3023 potius
731 2943 841 3023 partes
863 2936 1094 3003 iurisconsulti
1109 2956 1204 3021 quam
1221 2936 1378 3002 aduocati
1393 2948 1480 3022 agat.

303 3062 374 3127 Hac
389 3061 428 3127 de
445 3064 569 3127 ratione
586 3061 743 3127 Sacerdos
755 3060 879 3125 admitti
892 3066 997 3146 potest
1008 3060 1049 3125 ad
1060 3062 1278 3147 patrocinium
1294 3080 1477 3141 causarum,

301 3188 407 3270 prouti
431 3184 466 3251 tit
489 3187 522 3249 in
546 3187 644 3271 Cong.
663 3186 826 3251 Romanis.
852 3184 922 3259 Quo
945 3185 1004 3249 sub
1029 3190 1181 3269 respectu
1205 3184 1298 3251 Oard.
1325 3186 1371 3249 De
1388 3186 1478 3249 Luca

302 3306 424 3395 (Retal.
452 3308 575 3375 Curuae
598 3308 696 3376 Rom.
732 3309 876 3375 discurs.
909 3308 966 3383 16,
990 3328 1024 3373 u.
1053 3309 1106 3393 17)
1129 3307 1245 3393 probat
1272 3310 1390 3375 Curiae
1414 3309 1481 3374 Ro·

301 3454 415 3499 manae
439 3434 702 3500 consuetudinem
717 3434 905 3500 admittendi
921 3435 1065 3501 Clericus
1084 3436 1223 3501 maiores
1239 3440 1273 3501 et
1288 3435 1482 3501 Sacerdotes

302 3564 337 3624 nt
359 3566 510 3643 patronos
541 3561 574 3623 in
605 3562 709 3625 causis
740 3559 923 3625 forensibus
953 3560 1102 3625 civilibus
1125 3564 1158 3625 et
1180 3560 1422 3632 ecclesiasticis.
1447 3564 1481 3625 et

301 3685 474 3768 praecipue
497 3685 559 3750 hoc
582 3704 678 3750 sensu
702 3685 931 3770 intelligendus
955 3692 1004 3750 est
1027 3684 1147 3750 Bened.
1169 3686 1254 3751 XIV
1276 3686 1298 3749 l.
1323 3706 1352 3750 c.
1377 3684 1434 3771 (1).

390 3894 429 3961 (l)
449 3894 522 3948 Sane
547 3894 592 3948 hic
611 3896 716 3950 Auctor
740 3896 781 3950 ita
798 3896 918 3963 disserit,
944 3901 975 3949 ut
995 3896 1099 3961 Bonis,
1119 3898 1162 3952 De
1180 3898 1238 3950 lud.
1264 3898 1332 3973 eccl.
1361 3895 1481 3961 TomI,

301 4016 331 4069 p.
350 3999 422 4063 206,
441 4000 563 4053 fateatur
581 4016 610 4054 se
629 4000 689 4053 eius
708 4001 891 4055 assertionem
915 4016 978 4053 cum
1004 4000 1066 4055 iura
1084 4002 1225 4055 communi
1247 3986 1399 4055 conciliare
1423 4016 1481 4053 non

305 4101 406 4157 valere.
422 4104 497 4157 Dicit
520 4106 594 4160 enim
613 4106 712 4161 Bened.
734 4106 799 4160 XIV
818 4106 836 4161 l.
856 4124 889 4160 a:
906 4108 1102 4162 «Sacerdotes
1120 4125 1149 4163 se
1170 4109 1258 4163 libere
1277 4109 1308 4160 in
1324 4112 1390 4180 fora
1409 4106 1480 4161 eccl.

228 4284 231 4295 Ι
302 4208 345 4261 uti
361 4210 509 4264 aduocatos
523 4214 655 4266 exhibere
674 4230 710 4267 ex
727 4214 914 4283 permissione
925 4215 999 4266 iuris
1012 4232 1072 4267 cara
1085 4230 1110 4269 a.
1132 4212 1172 4268 Re
1191 4229 1259 4269 sune
1272 4230 1340 4268 vera
1351 4212 1395 4266 ius
1413 4212 1482 4265 scri-

303 4320 380 4387 ptum
401 4316 598 4385 Decretalium,
615 4322 786 4375 contrarium
813 4321 910 4387 edicit3
929 4338 1015 4392 quare
1041 4322 1133 4391 petius
1157 4322 1355 4377 recurrendum
1379 4325 1423 4376 est
1446 4320 1482 4374 ad

303 4428 347 4479 ius
360 4426 632 4481 consuetudinarium
645 4426 717 4498 quod
729 4426 857 4497 legitime
870 4427 994 4484 invalere
1014 4428 1106 4498 potuit
1118 4428 1190 4499 apud
1202 4428 1301 4483 Curias
1313 4427 1382 4484 eccl.
1395 4444 1482 4501 quum
