3350 5117
537 347 579 394 on
604 346 742 394 romeus
766 342 1031 392 nocnnsmsrlovs
1306 322 1372 390 313

192 473 273 536 iuris
297 473 421 557 positivi
441 470 614 550 voluntate,
633 471 739 554 prouti
763 467 994 551 explicavimus
1017 471 1151 552 agentes
1173 464 1213 530 de
1236 465 1298 530 hae
1318 484 1372 530 ex-

192 597 352 680 ceptione.
380 597 460 662 ltem
484 597 632 680 exceptio
643 593 891 678 peremptionis
906 592 1087 658 instantiae
1102 594 1208 676 potest
1225 590 1371 654 invocari

192 723 318 784 tantum
342 718 383 783 ad
407 717 629 803 repellendum
648 719 791 782 'alterum
815 736 835 780 a
857 712 1081 801 prosequendo
1097 713 1213 779 iudicio
1228 733 1288 798 per
1303 731 1372 778 oer-

191 849 261 908 tum
286 848 410 928 tempus
434 845 625 928 interrupto.
653 879 693 890 -
717 839 781 908 Sed
805 843 885 906 istae
909 845 985 906 sunt
1000 843 1206 924 exceptiones
1223 840 1372 906 incentive

193 986 371 1052 expressae
395 971 427 1030 et
450 968 642 1032 constitutae
666 964 781 1049 alege
804 965 949 1049 positiva,
974 969 1008 1029 at
1031 963 1145 1050 regula
1168 968 1226 1044 est,
1250 983 1271 1027 a
1300 965 1372 1029 iore

192 1089 312 1173 agendi
335 1087 447 1160 fluere,
473 1093 586 1172 suapte
608 1092 735 1161 natura,
761 1089 810 1152 ius
834 1087 1026 1173 excipiendi.

282 1217 358 1282 283.
384 1218 504 1282 Tamen
534 1213 672 1278 notanda
703 1218 751 1280 est
774 1209 957 1283 differentia
980 1233 1064 1296 quae
1091 1212 1265 1278 intersedit
1286 1216 1372 1278 inter

192 1343 400 1426 exceptiones
424 1345 457 1405 et
479 1342 633 1412 actiones,
659 1335 845 1423 praedicata
868 1357 928 1422 per
948 1338 1038 1403 iilud
1051 1337 1219 1423 adagium:
1239 1356 1258 1400 ‹
1280 1337 1386 1432 Qoe·

192 1469 416 1547 temporaneo
443 1463 591 1530 suntad
615 1463 799 1548 openctnvn,
820 1468 990 1548 perpetua
1012 1465 1116 1562 tenet
1129 1461 1369 1547 attempten-

192 1563 275 1656 dnm
293 1613 323 1655 s.
342 1591 425 1666 Quia
448 1591 509 1655 hoe
533 1590 725 1674 principium
743 1587 888 1672 pluribus
910 1555 1141 1654 controversiis
1157 1588 1306 1674 praebuit
1321 1608 1372 1653 oc·

192 1717 356 1782 cesionem
381 1716 465 1802 apud
488 1717 618 1780 iuristas
643 1719 675 1778 et
698 1713 1016 1798 aequivocationibus
1039 1735 1150 1780 ansam
1174 1714 1269 1786 dedit,
1295 1715 1372 1780 hine

192 1838 332 1906 dilucide
356 1839 595 1925 explanandum
619 1844 676 1904 est.
697 1838 799 1904 Huius
823 1840 972 1925 principii
994 1844 1091 1904 tenor
1114 1845 1147 1904 et
1170 1841 1252 1903 ratio
1277 1858 1370 1924 prae·

192 1967 286 2049 cipue
310 1964 476 2049 desumpta
498 1964 560 2030 fuit
583 1984 602 2028 a
626 1965 647 2028 t.
671 1964 704 2034 5,
729 1963 799 2046 gd,
826 1965 862 2048 ff.
887 1963 938 2030 De
960 1965 1029 2030 doti
1052 1965 1135 2030 moti
1159 1969 1190 2029 et
1213 1969 1289 2030 met.
1314 1984 1369 2030 eoe-

192 2092 354 2174 ceptione,
378 2111 458 2176 quae
483 2094 527 2156 ita
550 2111 585 2155 se
608 2089 719 2154 habet:
747 2109 763 2151 «
791 2090 871 2170 Non,
896 2091 978 2154 sicut
1008 2089 1144 2154 dedolo
1171 2089 1256 2154 aetio
1279 2096 1370 2155 certo

191 2221 340 2302 tempore
364 2215 483 2291 finitur,
508 2219 553 2281 ita
578 2218 672 2280 etiam
697 2216 845 2298 exceptio
869 2213 981 2278 eodem
1007 2219 1154 2299 tempore
1178 2213 1283 2280 danda
1306 2221 1368 2289 est;

192 2359 276 2404 nam
302 2340 385 2405 haec
404 2344 570 2422 perpetuo
595 2337 760 2420 competit,
786 2355 882 2420 quum
916 2341 1009 2401 actor
1031 2337 1157 2420 quidem
1182 2339 1214 2401 in
1238 2358 1297 2403 sua
1318 2358 1370 2422 po·

192 2465 309 2525 testate
333 2459 449 2525 habeat
465 2459 591 2544 quando
615 2465 724 2525 utatur
747 2460 817 2523 iure
833 2478 901 2538 suo,
919 2459 945 2523 is
960 2463 1066 2522 autem
1088 2478 1159 2525 eum
1184 2479 1246 2542 quo
1262 2461 1370 2544 agitur

190 2605 256 2649 non
280 2586 399 2651 habeat
421 2589 610 2669 potestatem
635 2582 761 2666 quando
785 2582 829 2662 (id
853 2589 903 2649 est
924 2582 1003 2668 nisi)
1027 2584 1240 2654 conveniatur
1264 2604 1294 2647 ›.
1320 2584 1370 2648 Ita

189 2712 277 2776 actio
300 2712 362 2776 doli
389 2732 430 2776 ex
453 2713 524 2776 iure
548 2731 628 2776 rom.
653 2709 781 2775 biennio
804 2707 924 2781 finitur,
951 2711 1099 2795 exceptio
1121 2709 1187 2774 doli
1214 2715 1369 2795 perpetua

191 2841 251 2916 est,
269 2857 325 2902 seu
343 2838 458 2920 opponi
483 2855 612 2920 semper
627 2841 741 2920 potest.
768 2835 862 2899 Ratio
878 2840 936 2904 est,
953 2836 1027 2918 quia
1050 2838 1193 2900 actiones
1215 2834 1368 2900 ordinan-

189 2968 245 3028 tur
268 2963 309 3026 ad
333 2961 503 3048 petendam
519 2981 599 3026 rem.
617 2962 649 3027 Si
674 2963 744 3045 quis
760 2965 851 3026 certo
868 2968 1013 3046 tempore
1036 2963 1162 3026 actione
1179 2981 1243 3027 non
1258 2966 1369 3028 utatur

189 3085 230 3150 ad
248 3106 317 3150 rem
335 3105 422 3150 suam
443 3084 660 3170 repetendam,
675 3104 841 3169 possessor
858 3085 909 3148 vel
934 3083 1078 3149 eamdem
1103 3084 1295 3170 praescribit
1314 3087 1367 3151 vel

190 3205 305 3273 saltem
322 3208 354 3271 iu
378 3225 437 3271 sua
452 3207 652 3291 possessione
676 3225 735 3290 per
759 3205 846 3270 illam
869 3207 1028 3270 actionem
1052 3204 1219 3271 deturbari
1235 3227 1298 3272 non
1315 3207 1369 3274 de·

189 3329 255 3410 bet,
280 3351 376 3414 quum
401 3333 488 3395 intra
511 3335 635 3395 certum
660 3337 784 3415 tempus
808 3333 892 3396 actio
916 3333 1070 3397 intentari
1094 3332 1217 3397 debeat.

282 3457 500 3541 Exceptiones
523 3475 541 3518 e
566 3461 680 3518 contra
704 3456 904 3520 conveniunt
927 3476 983 3521 reo
1007 3477 1064 3522 seu
1095 3460 1272 3542 possessori
1302 3460 1365 3543 qut,

190 3599 263 3644 eum
281 3599 351 3644 rem
374 3579 533 3665 possideat
557 3587 588 3644 et
611 3581 683 3644 iure
706 3580 876 3664 possideat,
893 3601 1021 3666 semper
1044 3585 1077 3646 in
1101 3589 1289 3668 perpetuum
1315 3603 1366 3648 re-

189 3703 313 3788 pellere
338 3708 442 3788 potest
456 3710 605 3790 agentem
621 3704 661 3769 ad
678 3725 748 3770 eam
766 3726 834 3771 rem
851 3706 909 3772 sibi
926 3706 1163 3789 vindicandam,
1178 3709 1367 3794 excipiendo

189 3827 347 3892 adversus
369 3831 524 3909 actorem,
537 3830 588 3893 vel
614 3832 682 3894 eius
704 3833 865 3896 actionem
889 3832 1010 3896 nullam
1036 3853 1115 3906 esse,
1140 3835 1192 3898 vel
1219 3837 1295 3899 vitio
1319 3834 1366 3898 la·

189 3948 318 4022 borare,
336 3951 389 4015 vel
404 3951 489 4016 banc
511 3953 573 4016 iam
590 3952 689 4017 fuisse
705 3961 904 4039 peremptam
920 3975 978 4019 seu
993 3958 1236 4042 praescriptam.
1254 3957 1366 4024 Veluti

188 4075 273 4140 aetio
289 4074 353 4138 doli
371 4073 465 4139 datur
484 4081 600 4140 eontra
623 4083 809 4163 emptorem,
823 4081 877 4162 qui
901 4079 972 4144 dolo
996 4101 1066 4145 rem
1089 4083 1166 4147 emit
1189 4090 1222 4148 et
1245 4085 1364 4155 habuit,

189 4202 225 4262 ut
248 4217 318 4260 rem
344 4181 501 4264 restituat.
526 4201 558 4266 Si
583 4204 668 4268 intra
685 4201 847 4268 biennium
871 4224 917 4270 ece
938 4205 1014 4271 inre
1027 4225 1114 4270 nont.
1131 4205 1238 4271 dolum
1254 4227 1367 4292 passus
1395 4252 1399 4262 ·

186 4339 252 4384 non
271 4325 346 4406 agat
369 4320 409 4385 ad
433 4341 502 4386 rem
519 4323 577 4388 sibi
595 4326 812 4410 repetendam,
826 4329 952 4393 actione
968 4329 1032 4394 doli
1049 4349 1215 4415 possessor
1231 4332 1367 4418 amplius

185 4443 313 4532 pulsari
337 4464 401 4510 non
418 4451 530 4530 potest.
548 4449 598 4512 Ex
614 4448 751 4516 adverso
767 4451 793 4515 si
809 4451 959 4518 venditor
974 4474 1031 4520 seu
1046 4453 1152 4520 dolum
1168 4476 1281 4541 passus
1296 4477 1364 4524 rem
