3350 5117
527 361 571 408 on
595 359 734 412 romans
758 359 1024 408 necnesmsrrms
1299 341 1361 407 351

185 481 267 545 tium
293 481 454 549 adfinem
480 484 642 552 societatis
670 483 841 570 religiosae
870 483 985 548 melius
1008 480 1231 558 obtinendum;
1259 482 1366 567 qualia

185 610 264 670 sunt
286 625 338 672 ex.
363 627 412 692 gr.
436 608 510 672 iura
532 612 730 694 patronatus,
746 604 828 694 {iura
852 604 1062 672 beneficialis.
1088 606 1180 670 Haec
1203 605 1276 669 iura
1297 624 1367 691 pos·

186 732 264 792 sunt
286 727 349 794 dici
364 729 460 795 etiem
483 728 677 813 spiritualia
684 749 699 812 ,·
722 729 779 795 sed
804 749 844 794 ea
867 728 1066 814 appellamus
1084 726 1317 807 ecclesiastica,
1332 731 1368 791 ut

190 853 294 920 abiis
324 873 531 922 secernamus
554 855 676 922 directe
707 855 993 924 dimanantibusa
1023 854 1131 920 divina
1157 854 1365 920 institutione.

189 979 319 1045 Exinde
338 999 558 1066 nuncupamus
581 1001 694 1046 causas
722 981 975 1062 ecclesiasticas,
989 999 1072 1064 quae
1093 979 1134 1044 de
1157 980 1207 1045 his
1230 979 1368 1066 negotiis

191 1103 396 1166 exoriuntur.

281 1225 359 1289 lura
374 1223 479 1289 denuo
495 1224 699 1308 temporalia
722 1223 891 1292 dimanant
914 1245 957 1290 ex
979 1224 1077 1291 rebus
1098 1226 1139 1291 ad
1159 1225 1276 1292 bonum
1290 1232 1368 1292 tem·

189 1349 303 1433 poralo
327 1349 580 1435 respicientibus,
605 1355 718 1437 suapte
748 1355 869 1415 natura
891 1348 1075 1416 ordinandis
1091 1357 1124 1416 et
1140 1349 1326 1416 definiendis
1348 1369 1368 1414 a

190 1475 279 1540 civili
302 1477 504 1558 auctoritate,
518 1496 600 1559 quae
623 1483 755 1562 praeest
777 1473 833 1540 fini
858 1478 1038 1562 praesentis
1064 1477 1226 1550 felicitatis
1248 1496 1367 1541 conse-

190 1599 348 1682 quendae.
469 1639 472 1644 ·
547 1576 551 1585 Δ

281 1724 356 1790 324.
384 1724 483 1790 Hisce
507 1725 618 1810 positis
641 1723 723 1789 baec
747 1729 935 1790 teneantur:

285 1849 316 1932 l)
347 1849 429 1924 Quia
455 1849 573 1914 iunium
604 1848 749 1914 subiecta
776 1854 853 1914 sunt
876 1869 1046 1934 personae,
1069 1850 1232 1933 sequitur,
1259 1844 1370 1912 fideles

192 1973 370 2058 baptizatos
385 1977 508 2039 tantum
525 1973 589 2038 frui
605 1993 698 2060 posse
715 1972 838 2038 iuribus
853 1971 1071 2057 spiritualibus
1086 1977 1118 2036 et
1134 1971 1370 2050 ecclesiasticis,
1417 1961 1421 1970 ’

191 2095 393 2182 proindeque
423 2096 576 2163 ambitum
606 2095 842 2181 competentiae
867 2096 983 2161 eccles.
1010 2095 1194 2161 necessario
1216 2094 1371 2178 restringi

191 2220 233 2286 ad
250 2218 364 2287 fideles
380 2222 572 2307 baptizatos:
589 2220 630 2286 ad
648 2221 728 2286 alios
744 2240 823 2288 vero
840 2225 966 2306 spectat
982 2219 1059 2286 illud
1073 2219 1110 2284 D.
1128 2218 1238 2284 Pauli:
1258 2217 1372 2302 «qaid

192 2346 279 2411 anibi
309 2347 353 2412 de
381 2347 449 2414 iltis
482 2347 542 2432 qui
574 2346 663 2430 soris
697 2351 777 2413 suat
808 2339 1045 2412 iudicaret».
1070 2344 1119 2412 Cf.
1149 2345 1247 2411 (lonc.
1272 2342 1370 2426 Trio,

191 2487 271 2535 sess.
296 2471 348 2544 14,
374 2488 448 2552 cap.
472 2470 507 2536 2.
636 2507 640 2514 ·

283 2595 317 2679 2)
334 2596 428 2661 later
442 2595 557 2680 fideles
572 2594 759 2675 baptizatos
774 2593 811 2660 ia
829 2594 909 2659 iura
924 2593 1119 2676 spiritualia
1133 2594 1242 2659 iadeoa
1256 2595 1372 2661 eccles.

194 2719 293 2786 babet
312 2738 402 2802 praa
425 2737 638 2804 quocumque
652 2719 720 2784 alio
744 2717 857 2784 iudice
871 2717 1082 2800 privativam
1104 2719 1371 2799 competentiam.

194 2847 282 2912 Hinc
314 2865 358 2910 ex
388 2864 415 2910 a.
439 2863 467 2909 c.
491 2843 517 2909 2
539 2849 570 2909 et
593 2843 627 2919 3,
652 2843 701 2909 De
731 2827 951 2928 iad.,'X(11‚
977 2842 1008 2928 l)
1038 2841 1096 2908 sub
1127 2844 1373 2908 comminatione
1496 2873 1500 2881 ·

193 2988 407 3036 censurarum
424 2965 545 3032 iudices
559 2966 634 3033 laici
657 2967 872 3053 prohibentur
892 2966 932 3032 ab
955 2967 1024 3032 istis
1047 2968 1152 3032 causis
1175 2965 1372 3032 deliniendis.

195 3094 364 3169 Quaenam
387 3111 467 3156 vero
482 3093 545 3156 sint
560 3092 641 3156 istae
658 3109 775 3156 causae
791 3090 978 3176 spirituales
1001 3091 1035 3154 in
1058 3111 1084 3154 s.
1099 3090 1263 3176 theologia
1285 3095 1318 3154 et
1340 3092 1373 3154 in

195 3219 268 3285 iure
291 3216 365 3304 pub.
390 3215 470 3282 eccl.
495 3216 709 3301 explicantur.

286 3343 320 3429 3)
338 3345 423 3410 lara
438 3359 573 3428 quoque
596 3339 820 3407 ecclesiastica
844 3341 1079 3408 tantammodo
1095 3340 1261 3407 iudicibus
1277 3343 1375 3407 eccle-

196 3471 341 3538 siasticis
370 3475 451 3535 mant
477 3473 659 3540 reservata,
685 3469 800 3553 quippe
824 3466 906 3531 haec
930 3464 1094 3552 profluunt
1115 3465 1155 3532 ab
1182 3467 1375 3532 auctoritate

198 3595 378 3662 Ecclesiae.
392 3631 438 3643 -
452 3593 578 3658 Verum
595 3593 629 3657 in
652 3591 742 3656 hisce
758 3591 1009 3657 determinandis
1032 3611 1098 3655 non
1121 3612 1248 3677 semper
1264 3590 1374 3657 eadem

200 3721 312 3787 habita
327 3724 376 3786 est
390 3717 512 3804 regula,
530 3718 605 3801 quia
628 3736 687 3801 pro
703 3715 891 3781 diversitate
906 3721 1087 3801 temporum
1108 3715 1256 3781 Ecclesia
1270 3715 1374 3780 diver·

200 3843 323 3910 simodo
345 3841 497 3907 ambitum
513 3859 644 3905 suarum
660 3841 896 3907 institutionum
913 3839 1096 3925 explicavit,
1111 3858 1235 3923 nempe,
1251 3839 1317 3903 suis
1332 3839 1376 3904 le-

202 3965 295 4051 gibus
319 3965 414 4051 plura
436 3963 585 4049 amplexa
601 3966 649 4028 est
672 3961 709 4028 io
731 3961 846 4027 acedia
863 3967 982 4042 aetate,
998 3960 1123 4045 quando
1147 3961 1216 4046 ipsa
1230 3964 1377 4025 assecuta

200 4091 308 4156 luerat
331 4089 457 4175 plenam
481 4107 610 4153 suorum
626 4087 742 4152 iurium
759 4085 958 4167 fruitionem,
973 4093 1004 4151 et
1020 4086 1123 4151 civilis
1139 4085 1315 4150 auctoritas
1330 4082 1376 4170 (1)

288 4373 329 4446 (l)
348 4373 426 4428 Hanc
444 4374 634 4444 quaestionem
649 4375 709 4434 iam,
723 4372 889 4442 attingimus
902 4375 1019 4441 agentes
1037 4369 1070 4423 de
1090 4371 1228 4438 potestate
1248 4365 1376 4420 arbitrali

203 4479 325 4533 iudicum
344 4477 441 4534 eccles.
461 4507 475 4520 ·
494 4481 511 4544 5
530 4479 555 4530 4,
