3350 5117
540 327 586 375 nn
608 326 748 375 inurens
771 326 1036 375 nccunsmsurors
1311 311 1379 377 583

201 448 359 516 Pontifioe
381 450 527 537 partibus
550 450 657 518 factae
680 448 886 518 obseruandi
900 450 938 516 in
962 456 1027 519 toto
1052 454 1103 518 eet
1121 452 1160 518 in
1178 458 1281 537 porte
1299 473 1380 538 pro-

200 596 331 645 cessum
353 577 581 645 ordinarium.

290 702 373 767 Puto
397 720 508 766 veram
533 720 604 766 esse
627 705 661 764 et
675 700 806 765 omnino
829 698 1007 765 tenendam
1027 702 1163 786 primam
1187 703 1378 788 opinionem,

199 826 274 910 quia
296 831 407 911 partes
430 826 588 910 eligentes
611 823 760 890 iudicium
778 822 1013 897 ordinarium,
1030 824 1126 889 huius
1142 826 1238 890 ritum
1255 826 1382 912 integre

199 970 335 1017 servare
359 950 494 1025 debent;
518 951 753 1015 renunciarent
769 950 856 1015 enim
881 969 939 1015 suo
962 950 1035 1025 iuri,
1060 970 1123 1015 non
1148 955 1277 1016 secutae
1292 970 1381 1017 eum-

199 1076 361 1142 marium.
386 1075 485 1141 Clem.
509 1074 540 1139 V
565 1094 645 1140 vero
674 1075 817 1159 loquitur
855 1075 1072 1159 desuscepto
1100 1074 1287 1161 apartibus
1311 1095 1381 1161 pro-

199 1217 294 1263 cessu
317 1197 571 1272 nummariam
595 1216 662 1281 quo
678 1196 838 1263 solemnis
859 1196 944 1262 ordo
968 1196 1224 1263 inclinamenta
1246 1202 1312 1263 toto
1328 1196 1380 1262 oet

199 1323 236 1389 in
255 1328 390 1406 parte...
414 1322 617 1389 observetur.
635 1321 814 1396 -Quare,
832 1325 982 1407 suscepto
1003 1341 1157 1407 processu
1179 1322 1378 1393 summario,

199 1451 254 1515 hic
285 1471 350 1514 non
381 1451 514 1515 uitiatur
536 1452 563 1515 si
589 1469 672 1533 quae
703 1448 919 1514 observentur
949 1449 1168 1515 solemnitates
1199 1448 1378 1527 ordinarii,

199 1578 447 1658 susceptorem
471 1572 650 1639 ordiner-io
666 1574 700 1637 in
716 1571 852 1636 exordio
874 1572 947 1653 litis,
964 1570 1168 1637 manifestata
1192 1570 1288 1638 tacite
1310 1570 1379 1633 siue

200 1714 361 1778 expresse
383 1695 533 1759 voluntas
556 1694 588 1759 id
608 1699 770 1779 operatur,
788 1696 835 1760 ait
850 1695 898 1759 De
915 1695 1012 1767 Luca,
1030 1694 1051 1758 l.
1068 1714 1114 1761 o:
1133 1714 1149 1756 e
1168 1698 1203 1759 ut
1218 1692 1378 1773 iudicium,

200 1821 285 1905 quod
308 1820 389 1885 alias
413 1819 452 1884 de
475 1821 525 1885 sui
548 1824 666 1885 natura
696 1819 927 1888 summarium
958 1820 1007 1892 sit,
1037 1820 1081 1884 ita
1108 1818 1262 1883 reddatur
1291 1817 1381 1884 ordi·

198 1946 338 2011 nemum
362 1965 393 2009 >.

287 2068 364 2134 5992
397 2068 501 2143 Quum
532 2068 684 2133 iudicium
719 2069 934 2133 summarium
969 2069 1149 2133 instruatur
1180 2065 1380 2134 excludendo

199 2191 356 2259 nonnulla
378 2191 486 2258 iudicii
510 2172 665 2258 ordinarii
690 2194 846 2277 requisita
870 2192 910 2257 ad
934 2192 1179 2275 solemnitatem,
1203 2196 1291 2278 patet
1314 2212 1379 2257 non

199 2338 293 2404 posse
317 2338 462 2403 congrue
484 2320 633 2384 exerceri
650 2338 821 2404 processus
845 2319 1047 2391 summarius,
1065 2320 1091 2383 si
1116 2318 1298 2384 ordinarius
1314 2337 1378 2382 non

198 2443 300 2528 probe
323 2448 546 2528 cognoscatur.

289 2564 393 2631 Hodie
409 2586 489 2632 vero
504 2587 565 2652 pro
580 2572 665 2633 statu
685 2568 860 2642 curiarum,
877 2568 1057 2634 huiusmodi
1074 2569 1191 2634 iudicia
1206 2568 1379 2633 summaria

197 2712 316 2778 magno
332 2695 403 2758 usui
427 2713 498 2759 esse
514 2694 698 2778 quotidiana
713 2696 918 2779 experientia
938 2694 1041 2761 docet.
1059 2696 1220 2780 Siquidem
1236 2695 1330 2762 hodie
1345 2698 1379 2761 in

199 2814 298 2878 curiis
313 2813 389 2878 illae
404 2819 528 2882 tanturn
543 2817 708 2900 agitantur
733 2834 861 2888 causae,
879 2816 1033 2882 nimirum
1056 2818 1260 2901 spirituales,
1286 2816 1379 2882 bene-

197 2936 325 3022 ficiales
354 2943 410 3003 aut
437 2940 683 3022 disciplinam,
708 2958 791 3023 quae
822 2946 935 3025 suapte
967 2946 1084 3006 natura
1107 2943 1249 3008 celerem
1280 2961 1377 3026 expo-

197 3062 320 3128 stulant
342 3061 570 3129 definitionem.
595 3066 677 3132 Usus
700 3070 807 3131 autem
835 3065 1073 3132 solemnitatum
1098 3066 1169 3132 fere
1192 3065 1309 3150 ubique
1324 3067 1380 3131 im-

197 3185 326 3269 peditur
349 3186 389 3252 ob
413 3189 586 3273 angustias,
604 3187 718 3271 quibus
738 3190 917 3253 constricta
932 3187 994 3253 fuit
1008 3189 1199 3253 exercitatio
1214 3190 1379 3274 potestatis

198 3312 447 3377 ecclesiasticae.
