3350 5117
555 340 599 385 nu
624 338 761 385 runicus
786 338 1050 385 uccnnsinsrrcis
1323 322 1388 385 449

213 463 247 523 in
279 462 406 525 testium
434 459 519 525 dicta
550 462 759 547 excipiendo,
790 463 1013 526 attestationes
1044 463 1190 527 refutare
1221 464 1329 547 possit.
1355 464 1389 529 Si

212 606 278 650 non
302 590 524 660 conueniatur,
542 587 665 653 fraudis
682 590 900 672 praesumitur
920 589 1067 664 fallacia;
1091 608 1191 672 quara
1215 590 1388 654 consultis-

209 715 288 777 sime
304 714 458 779 Pontifex
483 720 590 779 monet
607 720 641 779 ut
659 734 676 777 c
692 733 797 797 super
812 715 1073 781 denunciatione
1088 714 1244 797 olefacta
1260 712 1389 802 (nempe

147 900 152 909 ,
211 857 310 921 super
333 839 486 903 citatione
509 840 614 909 alteri,
628 840 718 905 cuius
742 840 890 921 interest,
909 840 1054 924 remissa)
1079 837 1192 905 confici
1212 840 1312 906 facias
1334 860 1390 925 pu·

210 962 328 1027 blicum
346 965 592 1029 instrumentum
610 985 640 1040 »;
657 985 714 1031 seu
730 968 761 1029 in
783 966 852 1050 ipso
869 966 1081 1031 instrumento
1097 966 1195 1029 inseri
1213 964 1308 1029 debet
1329 984 1386 1028 au-

209 1088 332 1151 tentica
363 1088 523 1151 attestatio
547 1087 586 1151 de
610 1108 753 1172 congrue
786 1088 891 1153 relata
921 1087 1178 1158 denunciatione,
1199 1086 1279 1150 adeo
1303 1091 1337 1151 ut
1360 1088 1387 1149 si

209 1229 285 1295 pars
309 1210 370 1275 rite
395 1200 648 1277 commonefacta
679 1212 791 1277 venire
815 1212 1009 1297 neglexerit.
1034 1211 1170 1295 amplius
1193 1210 1298 1275 audiri
1321 1230 1386 1275 nou

210 1335 334 1416 debeat,
356 1336 481 1421 quando
506 1342 619 1401 contra
644 1338 706 1402 iam
732 1343 880 1422 receptas
902 1336 1122 1400 attestationes
1146 1342 1257 1420 postea
1281 1336 1315 1399 in
1338 1337 1386 1399 iu-

208 1458 291 1525 dicio
315 1461 367 1525 rel
392 1466 486 1525 extra
509 1461 659 1527 iudicium
683 1460 1042 1547 excipereconteudat.

298 1582 374 1647 426.
400 1583 566 1648 Hactenus
594 1583 633 1648 de
656 1584 785 1649 testium
816 1584 1015 1668 receptione:
1041 1580 1115 1665 quid
1147 1580 1227 1645 iuris
1250 1579 1289 1644 de
1312 1598 1387 1645 seu·

210 1709 312 1772 tentia
335 1706 520 1773 definitiva?
544 1710 697 1774 Decernit
720 1710 876 1775 Pontifex
899 1707 972 1772 Inu.
997 1710 1044 1774 ΙΙΙ
1070 1709 1103 1772 in
1127 1706 1239 1772 eodem
1263 1711 1337 1789 cap.
1362 1708 1386 1771 5

208 1832 314 1915 §lb
335 1838 357 1898 t.
373 1833 408 1897 X
428 1832 511 1917 quod
535 1834 567 1897 in
592 1834 696 1898 causis
720 1834 860 1897 celerem
884 1832 1120 1917 expeditionem
1139 1828 1385 1913 requirentibus,

212 1958 322 2041 quales
338 1964 413 2022 sunt
429 1977 545 2022 causae
564 1957 604 2021 tle
620 1957 846 2021 matrimoniali
866 1956 1005 2029 vinculo,
1022 1957 1063 2020 de
1078 1955 1192 2019 valore
1207 1954 1386 2019 collationis

208 2078 356 2145 beneficii
373 2081 569 2165 parochialis
585 2087 617 2146 et
636 2082 676 2145 ‹le
695 2082 767 2146 aliis
783 2081 939 2146 similibus
955 2081 1100 2165 negotiis.
1121 2102 1138 2141 c
1155 2079 1186 2143 si
1201 2085 1388 2144 contumace

208 2205 411 2287 apparuerit
427 2206 453 2269 is
470 2206 607 2289 inquem
626 2205 686 2270 fuit
701 2206 785 2269 actio
801 2204 982 2291 dirigenda,
994 2224 1052 2269 seu
1068 2204 1151 2286 quia,
1169 2202 1387 2286 peremptoria

208 2331 361 2395 citatione
394 2336 533 2415 recepta.
558 2332 672 2395 uenire
703 2331 890 2410 contemnit,
911 2350 966 2395 seu
995 2330 1069 2412 quia
1092 2326 1249 2393 malitiose
1273 2346 1308 2389 se
1330 2346 1386 2390 oc-

208 2452 317 2521 cultat.
342 2474 398 2517 seu
428 2456 501 2537 quia
533 2455 663 2539 impedit
686 2476 727 2519 ne
751 2456 851 2539 possit
882 2454 922 2517 acl
954 2474 1027 2517 eum
1058 2453 1167 2516 citatio
1198 2450 1385 2534 pervenire3

207 2586 316 2664 testes,
330 2583 386 2647 lite
400 2604 462 2645 non
476 2587 664 2663 contestata,
678 2586 753 2646 sunt
770 2583 888 2647 merito
904 2579 1105 2645 admittendi
1120 2584 1151 2644 et
1165 2577 1387 2643 niltttominus

208 2706 250 2791 (si
273 2708 315 2773 cle
347 2727 451 2773 cereso
482 2705 619 2791 liqueat)
651 2706 698 2770 au
730 2705 940 2791 (tofiniticum
970 2704 1170 2768 sententium
1195 2704 1385 2785 proceden-

210 2834 292 2898 dum
311 2855 340 2896 ».
367 2836 409 2897 nt
432 2832 542 2896 sedulo
566 2832 764 2901 advertatur,
788 2829 979 2895 Pontificem
1009 2830 1063 2894 hic
1093 2848 1192 2913 agere
1220 2828 1385 2893 exclusive

211 2952 250 3017 de
274 2953 385 3017 ralore
410 2954 559 3039 centupli
582 2954 651 3017 ium
668 2953 833 3019 contracti
850 2953 921 3016 sice
936 2950 1087 3017 cornutis
1102 2950 1171 3014 mre
1185 2950 1385 3032 spiritualis,

212 3083 246 3142 ut
269 3080 337 3162 ipse
354 3080 407 3159 ait,
432 3085 464 3144 et
487 3079 526 3141 ‹le
551 3100 627 3143 casu
643 3078 877 3145 contumaciae
892 3077 1027 3141 alterius
1043 3076 1161 3161 partis;
1186 3074 1385 3139 contrarium

209 3200 398 3270 decernens,
424 3205 448 3266 si
473 3202 616 3287 legitima
640 3200 679 3265 de
703 3220 800 3265 causa
825 3200 941 3264 absens
965 3200 1072 3267 fuerit,
1090 3219 1147 3261 seu
1170 3198 1289 3280 absque
1313 3193 1385 3261 con·

207 3332 364 3405 tumacia;
397 3330 521 3395 scilicet
552 3336 628 3392 tuuc
660 3326 891 3411 expectandam
922 3346 991 3390 esse
1021 3331 1145 3408 partem
1177 3323 1385 3405 eamdemque

209 3456 387 3539 ungendam
413 3474 482 3519 osse
506 3454 545 3517 ml
570 3454 657 3519 litem
682 3453 924 3519 contestandum
948 3472 1008 3535 per
1030 3470 1150 3534 poenas
1176 3456 1209 3513 et
1232 3449 1384 3529 remedia,

208 3577 321 3661 quibus
345 3584 550 3641 contumaces
574 3580 831 3661 compescuntur;
854 3595 923 3658 arg.
950 3594 976 3638 c.
993 3593 1020 3638 c.
1046 3574 1061 3635 l
1085 3578 1115 3637 et
1131 3570 1156 3636 3
1178 3572 1285 3653 §ola
1304 3577 1324 3634 t.
1342 3570 1382 3633 X.

298 3702 372 3764 427.
399 3700 460 3765 Seri
486 3701 574 3783 rigor
599 3698 730 3783 regulae
754 3698 918 3782 generalis
943 3698 1043 3780 magis
1060 3694 1219 3759 enmllitus
1242 3694 1303 3757 fuit
1324 3713 1385 3777 per

208 3824 353 3891 celebres
378 3825 483 3889 Consi.
505 3824 614 3895 Clem,
639 3841 753 3905 nempe
778 3821 1038 3902 Dispertcliosom
1064 3819 1112 3883 Dc
1135 3818 1205 3881 iud.
1222 3818 1277 3900 (Il,
1299 3816 1328 3902 l)
1353 3821 1386 3880 et

210 3951 304 4013 aliam
323 3950 432 4033 Saepe
456 3951 625 4035 conttnpit,
644 3950 693 4015 Dc
708 3948 797 4013 uerti.
814 3948 877 4032 sip.
893 3945 947 4030 (V,
967 3944 1031 4028 ll),
1056 3964 1094 4008 eo
1114 3946 1288 4028 praecipue
1312 3964 1383 4008 cou-

209 4074 290 4145 silio,
315 4075 356 4137 ml
381 4074 638 4159 restringendum
665 4073 965 4153 «Dispertitiosuos
982 4070 1085 4133 litium
1109 4068 1382 4153 prorogationem,

210 4218 304 4281 quam
330 4199 490 4263 interdum
516 4220 556 4263 ex
589 4198 695 4263 subtili
723 4196 845 4260 ordinis
869 4194 1026 4259 iudiciarii
1051 4193 1276 4257 obseruatione
1307 4212 1384 4255 cnu-

209 4320 435 4389 sa1·urn.rlocet
451 4322 652 4406 experientia
669 4320 897 4403 provenire
916 4335 946 4391 »;
967 4318 1011 4379 ait
1027 4316 1078 4381 cil.
1100 4314 1202 4381 Clem.
1219 4314 1265 4379 Dc
1278 4314 1346 4379 ittet.
1364 4349 1381 4361 -

210 4446 308 4511 Hisce
333 4448 610 4512 constitutionibus
640 4448 802 4511 institutus
826 4444 887 4509 fuit
910 4442 988 4507 ordo
1013 4441 1200 4506 iudiciorum
1231 4461 1383 4505 sitiuntu-

354 4574 413 4623 δας.
435 4570 519 4637 Lapa.
1206 4565 1240 4615 29
