3350 5117
296 308 335 373 10
778 323 980 372 rsoosnrou

380 448 514 513 Demum
534 446 618 532 quod
640 444 682 512 ad
704 444 891 511 methodum
907 450 1062 520 nostram,
1080 468 1121 512 ne
1136 448 1393 533 aequivocationi
1416 447 1472 516 fiat

292 571 393 643 locus,
418 569 481 635 duo
504 568 703 635 advertenda
726 573 811 635 sunt.
1483 596 1490 626 i

381 696 510 778 Primo,
535 696 680 779 quamvis
703 695 843 781 elegati
870 694 986 761 ordine
1018 695 1237 771 discedamus,
1258 701 1369 763 tamen
1399 718 1470 785 pro·

290 818 421 887 litamur
450 840 509 884 nos
539 822 663 884 textum
691 819 789 900 iuris,
818 837 882 882 non
913 838 1009 884 secus
1038 839 1078 884 ac
1107 826 1215 894 antea,
1242 820 1470 907 interpretari,

291 953 490 1034 exponentes
520 948 568 1012 ius
598 945 809 1011 decretalium
837 966 911 1010 cum
943 944 1158 1012 additionibus
1184 946 1265 1012 iuris
1294 948 1467 1013 novissimi.

293 1072 435 1139 Proinde
458 1073 670 1159 quaestiones,
695 1076 851 1156 quantum
873 1068 946 1137 fieri
970 1073 1097 1157 poterit.
1122 1071 1334 1139 inscribemus
1356 1074 1467 1140 iisdem

292 1196 430 1263 rubricis
453 1196 620 1262 titulorum
643 1194 865 1274 decretalium,
889 1198 923 1259 et
946 1194 1005 1261 sub
1037 1194 1246 1280 inscriptione
1276 1198 1469 1280 quaestionis

291 1319 532 1387 recensebimus
554 1320 681 1385 titulum
712 1324 769 1385 aut
797 1319 906 1385 titulos
929 1318 1150 1393 decretalium,
1175 1321 1337 1387 eadere
1361 1322 1468 1408 dispo·

291 1452 405 1512 nentes
428 1466 489 1511 neo
512 1466 577 1510 non
601 1447 803 1513 recentiores
826 1446 1106 1532 praescriptiones,
1130 1446 1209 1511 illuc
1231 1451 1421 1532 spectantes.

380 1568 536 1643 Secundo,
553 1589 649 1654 quum
674 1568 748 1635 haic
770 1590 836 1633 non
861 1569 901 1634 de
924 1570 996 1635 iure
1011 1569 1245 1643 constituendo,
1262 1570 1318 1635 sed
1333 1590 1467 1657 agamus

291 1692 329 1758 de
353 1694 424 1758 iure
448 1693 638 1766 constituto;
662 1690 764 1775 ipsum
787 1692 928 1776 legalem
956 1690 1103 1757 ordinem
1132 1690 1307 1777 diligenter
1329 1712 1468 1779 perpen-

291 1816 401 1881 demus
424 1822 456 1881 et
479 1816 585 1902 magni
614 1814 770 1881 faciemus
797 1812 838 1879 ad
862 1814 1095 1900 explorandam
1120 1815 1330 1901 Legislatoris
1352 1816 1468 1881 volun-

290 1946 398 2008 tatem.
423 1941 547 2027 Quippe
571 1940 684 2007 eadem
716 1958 875 2005 canonum
899 1939 1076 2005 materialis
1106 1938 1276 2013 ordinatio,
1300 1940 1467 2024 aliquoties

291 2064 444 2149 exprimit
467 2062 607 2127 eiusdem
636 2058 718 2147 legis
749 2062 970 2127 intentionem.
995 2061 1100 2127 Unum
1126 2061 1330 2146 proferemus
1355 2081 1467 2128 exem·

291 2188 394 2273 plum,
420 2206 489 2253 rem
520 2190 663 2251 nostram
695 2186 884 2272 respiciens.
909 2185 992 2261 Quia
1023 2186 1201 2271 Gregorius
1228 2187 1288 2263 IX,
1313 2186 1410 2252 Libro
1434 2188 1464 2252 11

291 2312 340 2376 Dc
363 2309 504 2377 Iudiciis
527 2311 644 2397 agenti,
661 2310 831 2395 praeponit
854 2311 887 2374 in
904 2306 967 2373 tine
990 2308 1079 2375 Libri
1095 2311 1110 2375 1
1135 2309 1259 2375 Titulos
1275 2309 1326 2376 De
1341 2310 1466 2383 Poetis,

289 2434 339 2500 De
361 2434 614 2507 Transactioaa
631 2432 680 2499 De
697 2432 853 2506 Arbitris,
871 2432 997 2498 scilicet
1019 2432 1163 2519 explicat
1181 2433 1290 2498 modos
1313 2431 1467 2521 pacificae

290 2560 391 2625 litium
407 2558 654 2645 compositionis,
670 2556 871 2624 sufficienter
892 2578 927 2622 se
943 2556 1113 2624 intendere
1128 2556 1324 2645 significarit
1338 2564 1374 2625 ut
1388 2578 1466 2625 con·

289 2682 423 2747 tentioni
448 2682 588 2747 iudiciali
612 2680 803 2746 concordiae
823 2682 968 2764 praeiret
983 2682 1249 2767 experimentum.
1267 2681 1358 2757 Quae
1374 2682 1467 2747 Prin·

289 2806 369 2891 cipis
385 2805 530 2886 intentio,
546 2824 624 2870 sane
649 2805 750 2891 ipsum
773 2801 873 2869 afficit
896 2805 945 2869 ius
967 2805 1152 2889 positivum
1169 2823 1307 2888 quanam
1329 2824 1410 2871 reru
1433 2806 1466 2869 in

290 2949 449 3003 mensura,
474 2950 532 2995 suo
555 2930 637 3006 loce,
661 2928 849 2995 videbimus.

340 3198 362 3280 ἓ
385 3197 416 3263 2.
442 3196 491 3262 De
514 3197 578 3262 buc
600 3196 755 3263 methodo
778 3195 816 3261 in
838 3196 948 3279 specie
972 3196 1088 3281 quood
1109 3216 1184 3262 rem
1207 3196 1413 3262 iudicialem.

379 3428 417 3491 In
449 3446 518 3491 rem
548 3430 691 3492 nostram
720 3425 902 3491 iudicialem
933 3427 1083 3512 specialis
1112 3431 1209 3513 urget
1239 3426 1465 3493 consideratio.

290 3552 369 3617 Nam
393 3552 426 3616 in
450 3552 585 3617 materia
600 3550 810 3617 ordinationis
833 3552 1035 3634 iudiciorum,
1056 3553 1213 3639 quispiam
1235 3552 1349 3617 forsan
1373 3553 1468 3616 mira·

288 3676 383 3749 bitur,
400 3696 494 3762 posse
508 3696 567 3741 nos
582 3674 727 3742 habitum
743 3682 775 3742 et
791 3676 946 3741 scientiae
963 3678 1122 3743 rationem
1138 3676 1304 3763 processui
1323 3674 1462 3741 iudiciali

289 3798 442 3874 tribuere,
460 3818 556 3883 quum
572 3796 667 3863 huius
681 3798 811 3884 generis
828 3798 962 3884 regulae
978 3800 1084 3886 potius
1098 3798 1279 3883 procedere
1294 3796 1467 3863 videantur

288 3922 328 3987 ab
352 3943 410 3988 usu
433 3922 556 3988 forensi
583 3926 616 3987 et
642 3942 662 3985 a
684 3923 868 4007 praeceptis
898 3922 979 3988 iuris
1007 3923 1144 4009 positivi,
1169 3943 1265 4008 quam
1291 3922 1332 3987 ab
1358 3923 1468 4007 aliquo

289 4048 490 4133 profundiori
515 4052 548 4111 et
570 4046 678 4112 altiori
700 4045 835 4111 iuridico
850 4046 1021 4132 principio.
1038 4046 1312 4132 Quandoquidem,
1330 4068 1373 4114 ex
1394 4048 1467 4114 vut-

289 4172 360 4257 gari
371 4172 459 4257 praei
465 4169 578 4251 udici0,
592 4168 772 4235 huiusmodi
786 4170 905 4255 legum,
919 4190 1105 4257 processum
1117 4171 1301 4238 iudicialem
1318 4172 1466 4240 ordinan-

288 4300 377 4371 tium,
394 4296 508 4364 notitia
530 4294 777 4382 Apparitoribus
800 4296 966 4363 dumtaxat
982 4302 1038 4362 aut
1054 4296 1269 4382 Pragmaticis
1291 4298 1467 4365 accomoda

288 4429 441 4489 censetur
463 4443 520 4489 seu
544 4424 738 4499 necessaria;
762 4422 818 4488 sed
842 4423 939 4508 plane
963 4422 1096 4509 indigna
1118 4424 1212 4489 studii
1229 4426 1462 4492 Iurisconsulti.
