<?xml version="1.0" encoding="UTF-8"?>
<!DOCTYPE html PUBLIC "-//W3C//DTD XHTML 1.0 Transitional//EN"
    "http://www.w3.org/TR/xhtml1/DTD/xhtml1-transitional.dtd">
<html xmlns="http://www.w3.org/1999/xhtml" xml:lang="en" lang="en">
 <head>
  <title>
</title>
<meta http-equiv="Content-Type" content="text/html;charset=utf-8" />
  <meta name='ocr-system' content='tesseract 3.04.00' />
  <meta name='ocr-capabilities' content='ocr_page ocr_carea ocr_par ocr_line ocrx_word'/>
</head>
<body>
  <div class='ocr_page' id='page_1' title='image "./praelectionesin01legagoog_0582.png"; bbox 0 0 3350 5117; ppageno 0'>
   <div class='ocr_carea' id='block_1_1' title="bbox 399 264 1058 339">
    <p class='ocr_par' dir='ltr' id='par_1_1' title="bbox 399 264 1058 339">
     <span class='ocr_line' id='line_1_1' title="bbox 399 264 1058 339; baseline 0.006 -7"><span class='ocrx_word' id='word_1_1' title='bbox 399 264 467 333; x_wconf 83' lang='grc'>580</span> <span class='ocrx_word' id='word_1_2' title='bbox 928 290 1012 339; x_wconf 79' lang='lat' dir='ltr'>rnna</span> <span class='ocrx_word' id='word_1_3' title='bbox 1036 293 1058 337; x_wconf 91' lang='lat'>1.</span> 
     </span>
    </p>
   </div>
   <div class='ocr_carea' id='block_1_2' title="bbox 383 409 1526 2743">
    <p class='ocr_par' dir='ltr' id='par_1_2' title="bbox 395 409 1522 1124">
     <span class='ocr_line' id='line_1_2' title="bbox 404 409 1514 482; baseline 0.007 -8"><span class='ocrx_word' id='word_1_4' title='bbox 404 410 527 475; x_wconf 91' lang='lat' dir='ltr'>mentio</span> <span class='ocrx_word' id='word_1_5' title='bbox 549 409 621 476; x_wconf 88' lang='lat' dir='ltr'>fleri</span> <span class='ocrx_word' id='word_1_6' title='bbox 651 410 747 477; x_wconf 88' lang='lat' dir='ltr'>debet</span> <span class='ocrx_word' id='word_1_7' title='bbox 776 412 810 477; x_wconf 90' lang='lat' dir='ltr'>in</span> <span class='ocrx_word' id='word_1_8' title='bbox 833 412 956 478; x_wconf 81' lang='lat' dir='ltr'>actiae</span> <span class='ocrx_word' id='word_1_9' title='bbox 986 413 1195 479; x_wconf 88' lang='lat' dir='ltr'>cancellario.</span> <span class='ocrx_word' id='word_1_10' title='bbox 1218 414 1276 482; x_wconf 80' lang='lat' dir='ltr'>Ait</span> <span class='ocrx_word' id='word_1_11' title='bbox 1297 416 1371 481; x_wconf 90' lang='lat' dir='ltr'>enim</span> <span class='ocrx_word' id='word_1_12' title='bbox 1389 415 1514 482; x_wconf 76' lang='lat' dir='ltr'><strong>Pontifex:</strong></span> 
     </span>
     <span class='ocr_line' id='line_1_3' title="bbox 403 534 1518 627; baseline 0.01 -29"><span class='ocrx_word' id='word_1_13' title='bbox 403 553 422 597; x_wconf 69' lang='lat' dir='ltr'>a</span> <span class='ocrx_word' id='word_1_14' title='bbox 456 534 581 601; x_wconf 68' lang='lat' dir='ltr'>Verum</span> <span class='ocrx_word' id='word_1_15' title='bbox 611 536 695 621; x_wconf 79' lang='lat' dir='ltr'>qaia</span> <span class='ocrx_word' id='word_1_16' title='bbox 724 536 825 603; x_wconf 73' lang='lat' dir='ltr'>tuoto</span> <span class='ocrx_word' id='word_1_17' title='bbox 852 538 1025 621; x_wconf 73' lang='lat' dir='ltr'><em>petitionis</em></span> <span class='ocrx_word' id='word_1_18' title='bbox 1044 538 1199 624; x_wconf 73' lang='lat' dir='ltr'>sormam</span> <span class='ocrx_word' id='word_1_19' title='bbox 1226 542 1433 625; x_wconf 66' lang='lat' dir='ltr'>pronuntiatio</span> <span class='ocrx_word' id='word_1_20' title='bbox 1449 546 1518 627; x_wconf 66' lang='lat' dir='ltr'>omni</span> 
     </span>
     <span class='ocr_line' id='line_1_4' title="bbox 399 660 1516 752; baseline 0.006 -26"><span class='ocrx_word' id='word_1_21' title='bbox 399 660 496 729; x_wconf 84' lang='lat' dir='ltr'>debet</span> <span class='ocrx_word' id='word_1_22' title='bbox 514 679 584 745; x_wconf 85' lang='lat' dir='ltr'>pro</span> <span class='ocrx_word' id='word_1_23' title='bbox 601 668 706 745; x_wconf 86' lang='lat' dir='ltr'>parte</span> <span class='ocrx_word' id='word_1_24' title='bbox 728 662 861 749; x_wconf 72' lang='lat' dir='ltr'>operatio</span> <span class='ocrx_word' id='word_1_25' title='bbox 883 668 915 730; x_wconf 87' lang='lat' dir='ltr'>et</span> <span class='ocrx_word' id='word_1_26' title='bbox 937 664 1040 731; x_wconf 86' lang='lat' dir='ltr'>etiam</span> <span class='ocrx_word' id='word_1_27' title='bbox 1061 665 1124 740; x_wconf 84' lang='lat' dir='ltr'>rei,</span> <span class='ocrx_word' id='word_1_28' title='bbox 1143 666 1175 732; x_wconf 82' lang='lat' dir='ltr'>ot</span> <span class='ocrx_word' id='word_1_29' title='bbox 1196 666 1516 752; x_wconf 70' lang='lat' dir='ltr'>paidpetereootuoit</span> 
     </span>
     <span class='ocr_line' id='line_1_5' title="bbox 397 784 1520 874; baseline 0.008 -25"><span class='ocrx_word' id='word_1_30' title='bbox 397 788 447 849; x_wconf 82' lang='lat' dir='ltr'>eat</span> <span class='ocrx_word' id='word_1_31' title='bbox 468 784 506 850; x_wconf 81' lang='lat' dir='ltr'>in</span> <span class='ocrx_word' id='word_1_32' title='bbox 534 785 607 868; x_wconf 78' lang='lat' dir='ltr'>ipso</span> <span class='ocrx_word' id='word_1_33' title='bbox 640 785 707 853; x_wconf 77' lang='lat' dir='ltr'>titis</span> <span class='ocrx_word' id='word_1_34' title='bbox 737 787 880 854; x_wconf 82' lang='lat' dir='ltr'>eoordto</span> <span class='ocrx_word' id='word_1_35' title='bbox 907 788 1024 871; x_wconf 84' lang='lat' dir='ltr'>petitio</span> <span class='ocrx_word' id='word_1_36' title='bbox 1052 787 1217 871; x_wconf 77' lang='lat' dir='ltr'>facienda</span> <span class='ocrx_word' id='word_1_37' title='bbox 1246 790 1316 857; x_wconf 82' lang='lat' dir='ltr'>sive</span> <span class='ocrx_word' id='word_1_38' title='bbox 1339 792 1450 874; x_wconf 65' lang='lat' dir='ltr'>sorpto</span> <span class='ocrx_word' id='word_1_39' title='bbox 1471 792 1520 857; x_wconf 76' lang='lat' dir='ltr'>ooo</span> 
     </span>
     <span class='ocr_line' id='line_1_6' title="bbox 398 910 1522 998; baseline 0.002 -19"><span class='ocrx_word' id='word_1_40' title='bbox 398 910 500 979; x_wconf 85' lang='lat' dir='ltr'>verbo</span> <span class='ocrx_word' id='word_1_41' title='bbox 508 932 523 995; x_wconf 84' lang='lat'>‚·</span> <span class='ocrx_word' id='word_1_42' title='bbox 538 912 622 979; x_wconf 80' lang='lat' dir='ltr'>actio</span> <span class='ocrx_word' id='word_1_43' title='bbox 636 916 748 977; x_wconf 83' lang='lat' dir='ltr'>tomen</span> <span class='ocrx_word' id='word_1_44' title='bbox 764 912 956 980; x_wconf 79' lang='lat' dir='ltr'>continuo...</span> <span class='ocrx_word' id='word_1_45' title='bbox 972 914 1156 981; x_wconf 66' lang='lat' dir='ltr'>immmdo</span> <span class='ocrx_word' id='word_1_46' title='bbox 1166 937 1199 980; x_wconf 85' lang='lat'>».</span> <span class='ocrx_word' id='word_1_47' title='bbox 1212 916 1266 981; x_wconf 87' lang='lat' dir='ltr'>Ex</span> <span class='ocrx_word' id='word_1_48' title='bbox 1282 922 1373 983; x_wconf 84' lang='lat' dir='ltr'>coust</span> <span class='ocrx_word' id='word_1_49' title='bbox 1388 918 1431 982; x_wconf 81' lang='lat' dir='ltr'>cit</span> <span class='ocrx_word' id='word_1_50' title='bbox 1442 913 1522 998; x_wconf 74' lang='lat' dir='ltr'>Saepe</span> 
     </span>
     <span class='ocr_line' id='line_1_7' title="bbox 395 1038 578 1124; baseline -0.033 -17"><span class='ocrx_word' id='word_1_51' title='bbox 395 1038 578 1124; x_wconf 70' lang='lat' dir='ltr'>continpit„</span> 
     </span>
    </p>

    <p class='ocr_par' dir='ltr' id='par_1_3' title="bbox 392 1158 1521 1499">
     <span class='ocr_line' id='line_1_8' title="bbox 485 1158 1520 1246; baseline 0.001 -21"><span class='ocrx_word' id='word_1_52' title='bbox 485 1158 519 1246; x_wconf 79' lang='lat'>2)</span> <span class='ocrx_word' id='word_1_53' title='bbox 543 1165 632 1246; x_wconf 89' lang='lat' dir='ltr'>patet</span> <span class='ocrx_word' id='word_1_54' title='bbox 662 1162 847 1228; x_wconf 78' lang='lat' dir='ltr'>citationem</span> <span class='ocrx_word' id='word_1_55' title='bbox 874 1162 1056 1227; x_wconf 87' lang='lat' dir='ltr'>faciendam</span> <span class='ocrx_word' id='word_1_56' title='bbox 1079 1183 1160 1236; x_wconf 85' lang='lat' dir='ltr'>esse,</span> <span class='ocrx_word' id='word_1_57' title='bbox 1185 1162 1243 1229; x_wconf 89' lang='lat' dir='ltr'>sed</span> <span class='ocrx_word' id='word_1_58' title='bbox 1263 1166 1376 1229; x_wconf 82' lang='lat' dir='ltr'>trinam</span> <span class='ocrx_word' id='word_1_59' title='bbox 1396 1183 1450 1227; x_wconf 90' lang='lat' dir='ltr'>non</span> <span class='ocrx_word' id='word_1_60' title='bbox 1472 1184 1520 1227; x_wconf 76' lang='lat' dir='ltr'>eae</span> 
     </span>
     <span class='ocr_line' id='line_1_9' title="bbox 396 1282 1521 1375; baseline 0.002 -24"><span class='ocrx_word' id='word_1_61' title='bbox 396 1286 623 1359; x_wconf 87' lang='lat' dir='ltr'>necessariam,</span> <span class='ocrx_word' id='word_1_62' title='bbox 650 1304 744 1350; x_wconf 89' lang='lat' dir='ltr'>unam</span> <span class='ocrx_word' id='word_1_63' title='bbox 760 1305 839 1349; x_wconf 91' lang='lat' dir='ltr'>vero</span> <span class='ocrx_word' id='word_1_64' title='bbox 855 1282 1005 1351; x_wconf 86' lang='lat' dir='ltr'>sufficere</span> <span class='ocrx_word' id='word_1_65' title='bbox 1027 1287 1226 1371; x_wconf 79' lang='lat' dir='ltr'>simplicem.</span> <span class='ocrx_word' id='word_1_66' title='bbox 1250 1290 1404 1375; x_wconf 81' lang='lat' dir='ltr'>assignato</span> <span class='ocrx_word' id='word_1_67' title='bbox 1416 1306 1521 1373; x_wconf 80' lang='lat' dir='ltr'>conpno</span> 
     </span>
     <span class='ocr_line' id='line_1_10' title="bbox 392 1412 920 1499; baseline -0.006 -21"><span class='ocrx_word' id='word_1_68' title='bbox 392 1418 538 1498; x_wconf 85' lang='lat' dir='ltr'>tempore</span> <span class='ocrx_word' id='word_1_69' title='bbox 560 1432 621 1499; x_wconf 87' lang='lat' dir='ltr'>pro</span> <span class='ocrx_word' id='word_1_70' title='bbox 643 1417 760 1477; x_wconf 86' lang='lat' dir='ltr'>natura</span> <span class='ocrx_word' id='word_1_71' title='bbox 782 1412 920 1498; x_wconf 83' lang='lat' dir='ltr'>negotii;</span> 
     </span>
    </p>

    <p class='ocr_par' dir='ltr' id='par_1_4' title="bbox 481 1536 1251 1623">
     <span class='ocr_line' id='line_1_11' title="bbox 481 1536 1251 1623; baseline 0.001 -20"><span class='ocrx_word' id='word_1_72' title='bbox 481 1536 515 1623; x_wconf 90' lang='lat'>3)</span> <span class='ocrx_word' id='word_1_73' title='bbox 539 1538 747 1603; x_wconf 88' lang='lat' dir='ltr'>omittendam</span> <span class='ocrx_word' id='word_1_74' title='bbox 771 1557 842 1603; x_wconf 89' lang='lat' dir='ltr'>esse</span> <span class='ocrx_word' id='word_1_75' title='bbox 866 1537 933 1603; x_wconf 82' lang='lat' dir='ltr'>litio</span> <span class='ocrx_word' id='word_1_76' title='bbox 956 1538 1229 1606; x_wconf 77' lang='lat' dir='ltr'>contestationem</span> <span class='ocrx_word' id='word_1_77' title='bbox 1236 1558 1251 1622; x_wconf 90' lang='lat'>‚·</span> 
     </span>
    </p>

    <p class='ocr_par' dir='ltr' id='par_1_5' title="bbox 383 1656 1521 1860">
     <span class='ocr_line' id='line_1_12' title="bbox 483 1656 1521 1746; baseline 0.003 -23"><span class='ocrx_word' id='word_1_78' title='bbox 483 1657 517 1744; x_wconf 86' lang='grc'>4)</span> <span class='ocrx_word' id='word_1_79' title='bbox 541 1679 635 1745; x_wconf 86' lang='lat' dir='ltr'>posse</span> <span class='ocrx_word' id='word_1_80' title='bbox 657 1658 788 1746; x_wconf 81' lang='lat' dir='ltr'>procedi</span> <span class='ocrx_word' id='word_1_81' title='bbox 812 1656 924 1724; x_wconf 88' lang='lat' dir='ltr'>diebus</span> <span class='ocrx_word' id='word_1_82' title='bbox 948 1659 1073 1724; x_wconf 79' lang='lat' dir='ltr'>feriatis</span> <span class='ocrx_word' id='word_1_83' title='bbox 1096 1659 1137 1727; x_wconf 83' lang='lat' dir='ltr'>ob</span> <span class='ocrx_word' id='word_1_84' title='bbox 1160 1659 1338 1726; x_wconf 77' lang='lat' dir='ltr'>hominum</span> <span class='ocrx_word' id='word_1_85' title='bbox 1358 1659 1521 1726; x_wconf 71' lang='lat' dir='ltr'>monton</span> 
     </span>
     <span class='ocr_line' id='line_1_13' title="bbox 383 1760 538 1860; baseline 0 -9"><span class='ocrx_word' id='word_1_86' title='bbox 383 1760 538 1860; x_wconf 62' lang='lat' dir='ltr'>‘inanem</span> 
     </span>
    </p>

    <p class='ocr_par' dir='ltr' id='par_1_6' title="bbox 479 1906 1523 1995">
     <span class='ocr_line' id='line_1_14' title="bbox 479 1906 1523 1995; baseline -0.006 -21"><span class='ocrx_word' id='word_1_87' title='bbox 479 1908 513 1995; x_wconf 87' lang='grc'>5)</span> <span class='ocrx_word' id='word_1_88' title='bbox 530 1908 747 1973; x_wconf 87' lang='lat' dir='ltr'>necessariam</span> <span class='ocrx_word' id='word_1_89' title='bbox 764 1927 829 1973; x_wconf 88' lang='lat' dir='ltr'>non</span> <span class='ocrx_word' id='word_1_90' title='bbox 846 1927 917 1973; x_wconf 86' lang='lat' dir='ltr'>esse</span> <span class='ocrx_word' id='word_1_91' title='bbox 939 1906 1115 1973; x_wconf 87' lang='lat' dir='ltr'>solemnem</span> <span class='ocrx_word' id='word_1_92' title='bbox 1131 1908 1380 1974; x_wconf 75' lang='lat' dir='ltr'>coteolurt&#39;oteem</span> <span class='ocrx_word' id='word_1_93' title='bbox 1393 1908 1426 1970; x_wconf 82' lang='lat' dir='ltr'>in</span> <span class='ocrx_word' id='word_1_94' title='bbox 1437 1923 1523 1983; x_wconf 70' lang='lat' dir='ltr'>coam·</span> 
     </span>
    </p>

    <p class='ocr_par' dir='ltr' id='par_1_7' title="bbox 388 2032 1523 2261">
     <span class='ocr_line' id='line_1_15' title="bbox 479 2032 1523 2121; baseline -0.003 -21"><span class='ocrx_word' id='word_1_95' title='bbox 479 2034 512 2121; x_wconf 91' lang='grc'>6)</span> <span class='ocrx_word' id='word_1_96' title='bbox 536 2036 727 2101; x_wconf 86' lang='lat' dir='ltr'>sententiam</span> <span class='ocrx_word' id='word_1_97' title='bbox 751 2032 873 2119; x_wconf 86' lang='lat' dir='ltr'><strong>absque</strong></span> <span class='ocrx_word' id='word_1_98' title='bbox 902 2033 969 2100; x_wconf 92' lang='lat' dir='ltr'>ulla</span> <span class='ocrx_word' id='word_1_99' title='bbox 994 2034 1196 2100; x_wconf 76' lang='lat' dir='ltr'>solemnitate</span> <span class='ocrx_word' id='word_1_100' title='bbox 1227 2035 1429 2121; x_wconf 82' lang='lat' dir='ltr'>pronunciari</span> <span class='ocrx_word' id='word_1_101' title='bbox 1450 2050 1523 2119; x_wconf 78' lang='lat' dir='ltr'>posse</span> 
     </span>
     <span class='ocr_line' id='line_1_16' title="bbox 388 2159 1443 2261; baseline -0.004 -32"><span class='ocrx_word' id='word_1_102' title='bbox 388 2166 497 2229; x_wconf 87' lang='lat' dir='ltr'>tamen</span> <span class='ocrx_word' id='word_1_103' title='bbox 520 2162 554 2228; x_wconf 93' lang='lat' dir='ltr'>in</span> <span class='ocrx_word' id='word_1_104' title='bbox 577 2161 715 2245; x_wconf 86' lang='lat' dir='ltr'>scriptia,</span> <span class='ocrx_word' id='word_1_105' title='bbox 740 2160 848 2227; x_wconf 89' lang='lat' dir='ltr'>citatis</span> <span class='ocrx_word' id='word_1_106' title='bbox 871 2179 936 2225; x_wconf 87' lang='lat' dir='ltr'>una</span> <span class='ocrx_word' id='word_1_107' title='bbox 958 2159 1093 2245; x_wconf 82' lang='lat' dir='ltr'>simplici</span> <span class='ocrx_word' id='word_1_108' title='bbox 1117 2160 1272 2225; x_wconf 74' lang='lat' dir='ltr'>citatione</span> <span class='ocrx_word' id='word_1_109' title='bbox 1295 2160 1443 2261; x_wconf 51' lang='lat' dir='ltr'>partibus</span> 
     </span>
    </p>

    <p class='ocr_par' dir='ltr' id='par_1_8' title="bbox 384 2280 1526 2743">
     <span class='ocr_line' id='line_1_17' title="bbox 478 2280 1523 2372; baseline -0.006 -23"><span class='ocrx_word' id='word_1_110' title='bbox 478 2286 511 2372; x_wconf 87' lang='grc'>7)</span> <span class='ocrx_word' id='word_1_111' title='bbox 536 2304 600 2349; x_wconf 90' lang='lat' dir='ltr'>non</span> <span class='ocrx_word' id='word_1_112' title='bbox 624 2282 745 2351; x_wconf 87' lang='lat' dir='ltr'>debere</span> <span class='ocrx_word' id='word_1_113' title='bbox 776 2280 908 2347; x_wconf 84' lang='lat' dir='ltr'>concedi</span> <span class='ocrx_word' id='word_1_114' title='bbox 933 2288 1060 2367; x_wconf 85' lang='lat' dir='ltr'>tempus</span> <span class='ocrx_word' id='word_1_115' title='bbox 1081 2283 1143 2347; x_wconf 91' lang='lat' dir='ltr'>nisi</span> <span class='ocrx_word' id='word_1_116' title='bbox 1165 2280 1271 2347; x_wconf 86' lang='lat' dir='ltr'>breve</span> <span class='ocrx_word' id='word_1_117' title='bbox 1295 2285 1328 2347; x_wconf 90' lang='lat' dir='ltr'>in</span> <span class='ocrx_word' id='word_1_118' title='bbox 1354 2280 1523 2348; x_wconf 68' lang='lat' dir='ltr'>dilationibus</span> 
     </span>
     <span class='ocr_line' id='line_1_18' title="bbox 387 2403 1526 2490; baseline -0.005 -19"><span class='ocrx_word' id='word_1_119' title='bbox 387 2405 443 2472; x_wconf 87' lang='lat' dir='ltr'>sed</span> <span class='ocrx_word' id='word_1_120' title='bbox 467 2406 530 2473; x_wconf 90' lang='lat' dir='ltr'>hoc</span> <span class='ocrx_word' id='word_1_121' title='bbox 552 2406 694 2473; x_wconf 83' lang='lat' dir='ltr'>relative</span> <span class='ocrx_word' id='word_1_122' title='bbox 716 2403 960 2490; x_wconf 87' lang='lat' dir='ltr'>intelligendum</span> <span class='ocrx_word' id='word_1_123' title='bbox 985 2410 1043 2469; x_wconf 91' lang='lat' dir='ltr'>est.</span> <span class='ocrx_word' id='word_1_124' title='bbox 1068 2405 1126 2471; x_wconf 81' lang='lat' dir='ltr'>Ait</span> <span class='ocrx_word' id='word_1_125' title='bbox 1146 2405 1234 2469; x_wconf 91' lang='lat' dir='ltr'>enim</span> <span class='ocrx_word' id='word_1_126' title='bbox 1260 2405 1424 2470; x_wconf 80' lang='lat' dir='ltr'>Pontifex:</span> <span class='ocrx_word' id='word_1_127' title='bbox 1445 2420 1526 2466; x_wconf 76' lang='lat' dir='ltr'>‹ano-</span> 
     </span>
     <span class='ocr_line' id='line_1_19' title="bbox 385 2525 1522 2618; baseline -0.009 -20"><span class='ocrx_word' id='word_1_128' title='bbox 385 2536 475 2618; x_wconf 87' lang='lat' dir='ltr'>putet</span> <span class='ocrx_word' id='word_1_129' title='bbox 497 2533 684 2598; x_wconf 85' lang='lat' dir='ltr'>dilationum</span> <span class='ocrx_word' id='word_1_130' title='bbox 708 2531 887 2604; x_wconf 87' lang='lat' dir='ltr'>materiam,</span> <span class='ocrx_word' id='word_1_131' title='bbox 910 2529 1000 2595; x_wconf 87' lang='lat' dir='ltr'>litem</span> <span class='ocrx_word' id='word_1_132' title='bbox 1016 2536 1135 2613; x_wconf 84' lang='lat' dir='ltr'>quanto</span> <span class='ocrx_word' id='word_1_133' title='bbox 1157 2531 1292 2616; x_wconf 86' lang='lat' dir='ltr'>poterit,</span> <span class='ocrx_word' id='word_1_134' title='bbox 1317 2530 1410 2594; x_wconf 85' lang='lat' dir='ltr'>faciat</span> <span class='ocrx_word' id='word_1_135' title='bbox 1427 2525 1522 2591; x_wconf 74' lang='lat' dir='ltr'>tono</span> 
     </span>
     <span class='ocr_line' id='line_1_20' title="bbox 384 2653 1522 2743; baseline -0.011 -21"><span class='ocrx_word' id='word_1_136' title='bbox 384 2676 489 2723; x_wconf 90' lang='lat' dir='ltr'>rem...</span> <span class='ocrx_word' id='word_1_137' title='bbox 513 2658 652 2743; x_wconf 88' lang='lat' dir='ltr'>partium</span> <span class='ocrx_word' id='word_1_138' title='bbox 683 2655 912 2721; x_wconf 88' lang='lat' dir='ltr'>advocatorum</span> <span class='ocrx_word' id='word_1_139' title='bbox 940 2660 973 2722; x_wconf 86' lang='lat' dir='ltr'>et</span> <span class='ocrx_word' id='word_1_140' title='bbox 1001 2658 1253 2740; x_wconf 88' lang='lat' dir='ltr'>procuratorum</span> <span class='ocrx_word' id='word_1_141' title='bbox 1283 2653 1522 2719; x_wconf 81' lang='lat' dir='ltr'>contentioneset</span> 
     </span>
    </p>
   </div>
   <div class='ocr_carea' id='block_1_3' title="bbox 385 2772 1526 2869">
    <p class='ocr_par' dir='ltr' id='par_1_9' title="bbox 385 2772 1526 2869">
     <span class='ocr_line' id='line_1_21' title="bbox 385 2772 1526 2869; baseline -0.011 -21"><span class='ocrx_word' id='word_1_142' title='bbox 385 2783 499 2869; x_wconf 87' lang='lat' dir='ltr'>iurgia,</span> <span class='ocrx_word' id='word_1_143' title='bbox 515 2784 705 2866; x_wconf 87' lang='lat' dir='ltr'>testiumque</span> <span class='ocrx_word' id='word_1_144' title='bbox 721 2778 916 2867; x_wconf 86' lang='lat' dir='ltr'>superfluam</span> <span class='ocrx_word' id='word_1_145' title='bbox 932 2779 1168 2846; x_wconf 88' lang='lat' dir='ltr'>multitudinem</span> <span class='ocrx_word' id='word_1_146' title='bbox 1190 2776 1411 2844; x_wconf 79' lang='lat' dir='ltr'>refraenanda</span> <span class='ocrx_word' id='word_1_147' title='bbox 1423 2798 1450 2838; x_wconf 86' lang='lat'>›.</span> <span class='ocrx_word' id='word_1_148' title='bbox 1461 2772 1526 2849; x_wconf 82' lang='lat' dir='ltr'>Quae</span> 
     </span>
    </p>
   </div>
   <div class='ocr_carea' id='block_1_4' title="bbox 382 2899 1523 2981">
    <p class='ocr_par' dir='ltr' id='par_1_10' title="bbox 382 2899 1523 2981">
     <span class='ocr_line' id='line_1_22' title="bbox 382 2899 1523 2981; baseline -0.013 -5"><span class='ocrx_word' id='word_1_149' title='bbox 382 2912 411 2976; x_wconf 89' lang='lat' dir='ltr'>si</span> <span class='ocrx_word' id='word_1_150' title='bbox 433 2912 467 2975; x_wconf 89' lang='lat' dir='ltr'>in</span> <span class='ocrx_word' id='word_1_151' title='bbox 483 2908 630 2976; x_wconf 91' lang='lat' dir='ltr'>omnibus</span> <span class='ocrx_word' id='word_1_152' title='bbox 653 2908 777 2974; x_wconf 88' lang='lat' dir='ltr'>iudiciis</span> <span class='ocrx_word' id='word_1_153' title='bbox 793 2906 996 2973; x_wconf 88' lang='lat' dir='ltr'>observanda</span> <span class='ocrx_word' id='word_1_154' title='bbox 1019 2910 1103 2981; x_wconf 89' lang='lat' dir='ltr'>sunt,</span> <span class='ocrx_word' id='word_1_155' title='bbox 1119 2908 1152 2971; x_wconf 92' lang='lat' dir='ltr'>in</span> <span class='ocrx_word' id='word_1_156' title='bbox 1175 2907 1366 2972; x_wconf 88' lang='lat' dir='ltr'>summariis</span> <span class='ocrx_word' id='word_1_157' title='bbox 1386 2904 1486 2967; x_wconf 80' lang='lat' dir='ltr'>rualem</span> <span class='ocrx_word' id='word_1_158' title='bbox 1496 2899 1523 2961; x_wconf 78' lang='lat' dir='ltr'>n&#39;·</span> 
     </span>
    </p>
   </div>
   <div class='ocr_carea' id='block_1_5' title="bbox 381 3034 1524 3246">
    <p class='ocr_par' dir='ltr' id='par_1_11' title="bbox 381 3034 1496 3246">
     <span class='ocr_line' id='line_1_23' title="bbox 381 3034 737 3123; baseline -0.014 -20"><span class='ocrx_word' id='word_1_159' title='bbox 381 3057 462 3123; x_wconf 82' lang='lat' dir='ltr'>gore</span> <span class='ocrx_word' id='word_1_160' title='bbox 485 3042 560 3113; x_wconf 85' lang='lat' dir='ltr'>sunt</span> <span class='ocrx_word' id='word_1_161' title='bbox 583 3034 737 3121; x_wconf 82' lang='lat' dir='ltr'>urgenda.</span> 
     </span>
     <span class='ocr_line' id='line_1_24' title="bbox 476 3154 1524 3246; baseline -0.011 -18"><span class='ocrx_word' id='word_1_162' title='bbox 476 3163 551 3228; x_wconf 79' lang='lat'><strong>597.</strong></span> <span class='ocrx_word' id='word_1_163' title='bbox 571 3162 662 3226; x_wconf 90' lang='lat' dir='ltr'>Haec</span> <span class='ocrx_word' id='word_1_164' title='bbox 678 3161 892 3246; x_wconf 86' lang='lat' dir='ltr'>praetermitti</span> <span class='ocrx_word' id='word_1_165' title='bbox 915 3158 1069 3245; x_wconf 88' lang='lat' dir='ltr'>permisit.</span> <span class='ocrx_word' id='word_1_166' title='bbox 1087 3157 1205 3223; x_wconf 83' lang='lat' dir='ltr'>Statuit</span> <span class='ocrx_word' id='word_1_167' title='bbox 1219 3178 1308 3223; x_wconf 80' lang='lat' dir='ltr'>vero</span> <span class='ocrx_word' id='word_1_168' title='bbox 1330 3154 1524 3243; x_wconf 83' lang='lat' dir='ltr'>quaedamnm</span> 
     </span>
    </p>
   </div>
   <div class='ocr_carea' id='block_1_6' title="bbox 383 3284 1525 3491">
    <p class='ocr_par' dir='ltr' id='par_1_12' title="bbox 383 3284 1525 3491">
     <span class='ocr_line' id='line_1_25' title="bbox 383 3284 833 3361; baseline -0.002 -9"><span class='ocrx_word' id='word_1_169' title='bbox 383 3286 568 3361; x_wconf 89' lang='lat' dir='ltr'>omittenda,</span> <span class='ocrx_word' id='word_1_170' title='bbox 592 3305 649 3351; x_wconf 90' lang='lat' dir='ltr'>seu</span> <span class='ocrx_word' id='word_1_171' title='bbox 672 3284 833 3352; x_wconf 83' lang='lat' dir='ltr'>decrevit:</span> 
     </span>
     <span class='ocr_line' id='line_1_26' title="bbox 476 3398 1525 3491; baseline -0.009 -18"><span class='ocrx_word' id='word_1_172' title='bbox 476 3407 507 3489; x_wconf 92' lang='lat' dir='ltr'>l)</span> <span class='ocrx_word' id='word_1_173' title='bbox 531 3426 596 3471; x_wconf 89' lang='lat' dir='ltr'>non</span> <span class='ocrx_word' id='word_1_174' title='bbox 621 3406 722 3471; x_wconf 88' lang='lat' dir='ltr'>omitti</span> <span class='ocrx_word' id='word_1_175' title='bbox 747 3405 996 3491; x_wconf 77' lang='lat' dir='ltr'>praestationem</span> <span class='ocrx_word' id='word_1_176' title='bbox 1018 3404 1202 3477; x_wconf 83' lang='lat' dir='ltr'>iuramenti,</span> <span class='ocrx_word' id='word_1_177' title='bbox 1228 3406 1303 3471; x_wconf 82' lang='lat' dir='ltr'>sive</span> <span class='ocrx_word' id='word_1_178' title='bbox 1329 3408 1371 3473; x_wconf 86' lang='lat' dir='ltr'>de</span> <span class='ocrx_word' id='word_1_179' title='bbox 1390 3398 1525 3471; x_wconf 69' lang='lat' dir='ltr'>atomon</span> 
     </span>
    </p>
   </div>
   <div class='ocr_carea' id='block_1_7' title="bbox 374 3525 1580 4500">
    <p class='ocr_par' dir='ltr' id='par_1_13' title="bbox 377 3525 1523 3739">
     <span class='ocr_line' id='line_1_27' title="bbox 378 3525 1523 3617; baseline -0.004 -18"><span class='ocrx_word' id='word_1_180' title='bbox 378 3534 447 3599; x_wconf 86' lang='lat' dir='ltr'>sive</span> <span class='ocrx_word' id='word_1_181' title='bbox 471 3533 514 3599; x_wconf 87' lang='lat' dir='ltr'>de</span> <span class='ocrx_word' id='word_1_182' title='bbox 538 3533 687 3606; x_wconf 83' lang='lat' dir='ltr'>veritate,</span> <span class='ocrx_word' id='word_1_183' title='bbox 711 3532 802 3598; x_wconf 86' lang='lat' dir='ltr'>iuxta</span> <span class='ocrx_word' id='word_1_184' title='bbox 825 3551 865 3596; x_wconf 85' lang='lat' dir='ltr'>ca</span> <span class='ocrx_word' id='word_1_185' title='bbox 887 3532 951 3597; x_wconf 88' lang='lat' dir='ltr'>iam</span> <span class='ocrx_word' id='word_1_186' title='bbox 974 3530 1146 3615; x_wconf 83' lang='lat' dir='ltr'>explicata.</span> <span class='ocrx_word' id='word_1_187' title='bbox 1160 3530 1194 3594; x_wconf 91' lang='lat' dir='ltr'>in</span> <span class='ocrx_word' id='word_1_188' title='bbox 1218 3550 1358 3617; x_wconf 84' lang='lat' dir='ltr'>genere,</span> <span class='ocrx_word' id='word_1_189' title='bbox 1374 3525 1523 3614; x_wconf 69' lang='lat' dir='ltr'>quondpnt</span> 
     </span>
     <span class='ocr_line' id='line_1_28' title="bbox 377 3658 765 3739; baseline -0.008 -14"><span class='ocrx_word' id='word_1_190' title='bbox 377 3680 503 3725; x_wconf 89' lang='lat' dir='ltr'>cessum</span> <span class='ocrx_word' id='word_1_191' title='bbox 528 3658 765 3739; x_wconf 59' lang='lat' dir='ltr'>orolinariuw</span> 
     </span>
    </p>

    <p class='ocr_par' dir='ltr' id='par_1_14' title="bbox 374 3778 1580 4500">
     <span class='ocr_line' id='line_1_29' title="bbox 467 3778 1525 3872; baseline -0.005 -22"><span class='ocrx_word' id='word_1_192' title='bbox 467 3784 500 3869; x_wconf 78' lang='lat'>2)</span> <span class='ocrx_word' id='word_1_193' title='bbox 524 3784 668 3872; x_wconf 84' lang='lat' dir='ltr'>partibus</span> <span class='ocrx_word' id='word_1_194' title='bbox 690 3782 871 3849; x_wconf 84' lang='lat' dir='ltr'>faciendam</span> <span class='ocrx_word' id='word_1_195' title='bbox 895 3803 966 3847; x_wconf 89' lang='lat' dir='ltr'>esse</span> <span class='ocrx_word' id='word_1_196' title='bbox 989 3782 1177 3847; x_wconf 83' lang='lat' dir='ltr'>facultatem</span> <span class='ocrx_word' id='word_1_197' title='bbox 1200 3780 1365 3848; x_wconf 85' lang='lat' dir='ltr'>offerendi</span> <span class='ocrx_word' id='word_1_198' title='bbox 1379 3778 1525 3865; x_wconf 56' lang='lat' dir='ltr'>pontiore&amp;</span> 
     </span>
     <span class='ocr_line' id='line_1_30' title="bbox 376 3898 1523 3993; baseline -0.006 -20"><span class='ocrx_word' id='word_1_199' title='bbox 376 3914 410 3973; x_wconf 90' lang='lat' dir='ltr'>et</span> <span class='ocrx_word' id='word_1_200' title='bbox 432 3910 603 3982; x_wconf 81' lang='lat' dir='ltr'>articulos,</span> <span class='ocrx_word' id='word_1_201' title='bbox 632 3908 673 3974; x_wconf 89' lang='lat' dir='ltr'>ad</span> <span class='ocrx_word' id='word_1_202' title='bbox 696 3927 775 3993; x_wconf 91' lang='lat' dir='ltr'>quos</span> <span class='ocrx_word' id='word_1_203' title='bbox 799 3907 1019 3973; x_wconf 84' lang='lat' dir='ltr'>formulandos</span> <span class='ocrx_word' id='word_1_204' title='bbox 1050 3906 1137 3971; x_wconf 89' lang='lat' dir='ltr'>etin</span> <span class='ocrx_word' id='word_1_205' title='bbox 1167 3905 1296 3973; x_wconf 89' lang='lat' dir='ltr'>iudicio</span> <span class='ocrx_word' id='word_1_206' title='bbox 1327 3898 1523 3989; x_wconf 70' lang='lat' dir='ltr'>adloquente</span> 
     </span>
     <span class='ocr_line' id='line_1_31' title="bbox 377 4019 1522 4119; baseline -0.008 -19"><span class='ocrx_word' id='word_1_207' title='bbox 377 4033 622 4119; x_wconf 85' lang='lat' dir='ltr'>expendendos</span> <span class='ocrx_word' id='word_1_208' title='bbox 659 4031 835 4119; x_wconf 87' lang='lat' dir='ltr'>assignabit</span> <span class='ocrx_word' id='word_1_209' title='bbox 869 4036 1078 4117; x_wconf 88' lang='lat' dir='ltr'>opportunam</span> <span class='ocrx_word' id='word_1_210' title='bbox 1117 4030 1336 4115; x_wconf 87' lang='lat' dir='ltr'>dilationem,</span> <span class='ocrx_word' id='word_1_211' title='bbox 1365 4019 1522 4097; x_wconf 78' lang='lat' dir='ltr'>sciliceted</span> 
     </span>
     <span class='ocr_line' id='line_1_32' title="bbox 375 4146 1579 4240; baseline -0.009 -20"><span class='ocrx_word' id='word_1_212' title='bbox 375 4154 542 4221; x_wconf 82' lang='lat' dir='ltr'>faciendas</span> <span class='ocrx_word' id='word_1_213' title='bbox 565 4155 836 4240; x_wconf 78' lang='lat' dir='ltr'>interrogationes</span> <span class='ocrx_word' id='word_1_214' title='bbox 867 4154 957 4218; x_wconf 84' lang='lat' dir='ltr'>iuxta</span> <span class='ocrx_word' id='word_1_215' title='bbox 979 4153 1152 4239; x_wconf 84' lang='lat' dir='ltr'>positiones</span> <span class='ocrx_word' id='word_1_216' title='bbox 1174 4152 1319 4232; x_wconf 83' lang='lat' dir='ltr'>allatas;</span> <span class='ocrx_word' id='word_1_217' title='bbox 1348 4161 1380 4220; x_wconf 90' lang='lat' dir='ltr'>et</span> <span class='ocrx_word' id='word_1_218' title='bbox 1399 4150 1436 4218; x_wconf 92' lang='lat' dir='ltr'>ad</span> <span class='ocrx_word' id='word_1_219' title='bbox 1454 4146 1521 4213; x_wconf 81' lang='lat' dir='ltr'>enci·</span> <span class='ocrx_word' id='word_1_220' title='bbox 1578 4157 1579 4198; x_wconf 68' lang='lat' dir='ltr'>l</span> 
     </span>
     <span class='ocr_line' id='line_1_33' title="bbox 377 4239 1579 4365; baseline -0.007 -22"><span class='ocrx_word' id='word_1_221' title='bbox 377 4278 511 4364; x_wconf 90' lang='lat' dir='ltr'>piendas</span> <span class='ocrx_word' id='word_1_222' title='bbox 535 4276 741 4363; x_wconf 86' lang='lat' dir='ltr'>probationes</span> <span class='ocrx_word' id='word_1_223' title='bbox 764 4296 862 4361; x_wconf 88' lang='lat' dir='ltr'>super</span> <span class='ocrx_word' id='word_1_224' title='bbox 891 4275 1036 4342; x_wconf 87' lang='lat' dir='ltr'>articulis</span> <span class='ocrx_word' id='word_1_225' title='bbox 1058 4276 1248 4361; x_wconf 85' lang='lat' dir='ltr'>respective</span> <span class='ocrx_word' id='word_1_226' title='bbox 1272 4298 1295 4343; x_wconf 88' lang='lat' dir='ltr'>a</span> <span class='ocrx_word' id='word_1_227' title='bbox 1320 4274 1483 4365; x_wconf 86' lang='lat' dir='ltr'>partibusp</span> <span class='ocrx_word' id='word_1_228' title='bbox 1484 4287 1520 4335; x_wconf 83' lang='lat' dir='ltr'>m·</span> <span class='ocrx_word' id='word_1_229' title='bbox 1578 4239 1579 4324; x_wconf 61' lang='lat' dir='ltr'>l</span> 
     </span>
     <span class='ocr_line' id='line_1_34' title="bbox 374 4363 1580 4500; baseline -0.001 -34"><span class='ocrx_word' id='word_1_230' title='bbox 374 4402 495 4487; x_wconf 84' lang='lat' dir='ltr'>positis.</span> <span class='ocrx_word' id='word_1_231' title='bbox 514 4400 605 4475; x_wconf 87' lang='lat' dir='ltr'>Quod</span> <span class='ocrx_word' id='word_1_232' title='bbox 622 4399 795 4486; x_wconf 87' lang='lat' dir='ltr'>diligenter</span> <span class='ocrx_word' id='word_1_233' title='bbox 810 4404 901 4467; x_wconf 86' lang='lat' dir='ltr'>notat</span> <span class='ocrx_word' id='word_1_234' title='bbox 917 4398 1071 4465; x_wconf 81' lang='lat' dir='ltr'>Pontifex</span> <span class='ocrx_word' id='word_1_235' title='bbox 1086 4398 1177 4465; x_wconf 84' lang='lat' dir='ltr'>hisce</span> <span class='ocrx_word' id='word_1_236' title='bbox 1192 4402 1345 4469; x_wconf 85' lang='lat' dir='ltr'>verbis</span> <span class='ocrx_word' id='word_1_237' title='bbox 1336 4422 1368 4467; x_wconf 92' lang='lat' dir='ltr'>m</span> <span class='ocrx_word' id='word_1_238' title='bbox 1381 4401 1431 4469; x_wconf 84' lang='lat' dir='ltr'>cit</span> <span class='ocrx_word' id='word_1_239' title='bbox 1445 4395 1518 4465; x_wconf 76' lang='lat' dir='ltr'>ooo.</span> <span class='ocrx_word' id='word_1_240' title='bbox 1578 4363 1580 4500; x_wconf 47' lang='lat' dir='ltr'>fl</span> 
     </span>
    </p>
   </div>
   <div class='ocr_carea' id='block_1_8' title="bbox 0 0 1680 5117">
    <p class='ocr_par' dir='ltr' id='par_1_15' title="bbox 0 0 1680 5117">
     <span class='ocr_line' id='line_1_35' title="bbox 0 0 1680 5117; baseline 0 8"><span class='ocrx_word' id='word_1_241' title='bbox 0 0 1680 5117; x_wconf 95' lang='lat' dir='ltr'> </span> 
     </span>
    </p>
   </div>
  </div>
 </body>
</html>
