3350 5117
380 262 446 325 492
908 277 991 324 rans
1017 277 1038 322 1.

380 405 532 476 rationes,
550 422 628 486 quas
644 401 742 467 iudex
757 421 814 465 suo
831 400 963 466 decreto
979 397 1191 485 comprobare
1207 397 1304 463 debet
1322 395 1379 484 (l).
1396 398 1465 484 Ipsa
1477 417 1535 482 pars

376 530 476 594 testes
498 527 680 614 producens
695 531 729 592 et
744 546 820 612 pars
835 525 974 590 adversa
989 523 1156 590 audientes
1172 524 1305 590 testium
1322 526 1534 609 responsiones,

377 653 586 739 expostulare
609 657 750 738 possunt,
775 657 809 718 ut
831 651 915 715 aliae
940 647 1019 715 fiant
1042 650 1316 734 interrogationes
1338 669 1359 713 a
1382 647 1494 722 iudice;
1513 653 1536 711 at

378 781 467 866 ipsae
490 785 600 866 partes
623 779 745 844 directe
768 783 868 843 testes
891 778 1097 862 interrogare
1121 797 1185 842 non
1209 777 1333 842 valent.

468 905 580 980 Quoad
615 906 841 991 responsiones
875 907 919 969 ita
954 910 1048 970 cavet
1079 904 1151 970 nod.
1182 904 1236 971 cit.
1275 903 1380 990 Grep.
1413 922 1446 967 α.
1477 903 1539 968 659;

379 1050 399 1090 ‹
422 1029 526 1094 Testis
549 1049 639 1095 suam
663 1029 760 1094 faciet
782 1030 1022 1094 attestationem
1038 1031 1114 1114 quin
1130 1029 1176 1093 illi
1201 1028 1251 1093 ias
1274 1030 1317 1095 sit
1339 1027 1537 1112 scriptamle-

377 1175 457 1240 gere
479 1155 724 1241 depositionem:
756 1155 918 1220 attestatio
949 1175 1023 1220 cum
1051 1153 1324 1220 declarationibus
1358 1153 1538 1240 praelimina-

376 1277 466 1342 ribus
489 1277 669 1341 enunciatis
691 1282 755 1341 art.
781 1277 862 1348 656.
887 1276 982 1344 debet
1004 1275 1109 1363 redigi
1134 1277 1166 1342 in
1189 1279 1320 1362 scriptis
1342 1278 1378 1342 in
1401 1297 1535 1362 processu

376 1402 518 1467 verbali:
542 1401 599 1472 fiet
621 1403 740 1468 mentio
762 1423 805 1467 an
829 1405 1102 1488 interrogationes
1130 1403 1298 1470 faciendae
1328 1405 1459 1490 singulo
1481 1405 1534 1468 testi

374 1526 416 1590 ad
438 1545 584 1590 normam
609 1530 674 1590 art.
698 1525 779 1606 657,
798 1524 844 1589 iili
868 1524 974 1590 faeno
998 1526 1062 1590 sint
1084 1545 1129 1590 ecc
1144 1525 1264 1610 officio,
1279 1533 1335 1592 aut
1351 1529 1400 1593 ud
1423 1529 1534 1594 iremu-

376 1651 458 1716 tiam
482 1651 576 1715 unius
599 1655 655 1715 aut
683 1650 818 1715 alterius
849 1652 960 1735 partis.
986 1653 1081 1716 -Α
1106 1650 1303 1717 cancellario
1332 1653 1455 1738 legitur
1479 1653 1535 1716 testi

374 1796 433 1841 sua
456 1776 627 1860 depositi0;
653 1775 707 1851 hic
729 1777 850 1859 poterit
864 1793 904 1840 ea
919 1779 1044 1840 mutare
1060 1782 1115 1841 eut
1131 1775 1251 1842 addere
1267 1797 1350 1860 quae
1374 1783 1535 1863 opportuna

373 1905 522 1967 censeat:
539 1899 621 1965 baec
644 1899 841 1965 notabuntur
857 1902 889 1966 in
906 1901 997 1966 calce
1013 1900 1220 1986 depositionis
1237 1909 1268 1966 et
1284 1923 1386 1987 aeque
1401 1905 1534 1988 legentur

373 2027 457 2098 testi,
479 2025 567 2092 sacta
589 2027 846 2112 interrogatione
869 2047 910 2091 an
934 2027 1085 2112 persistat
1107 2027 1141 2090 in
1172 2029 1210 2092 iis
1234 2027 1380 2093 omnibus
1403 2047 1481 2112 quae
1501 2035 1536 2090 te
1604 2051 1605 2078 2

372 2158 474 2220 status
498 2159 546 2218 est
571 2174 589 2217 ›
614 2154 671 2238 (2).
1604 2129 1605 2206 b

462 2276 545 2350 Quia
572 2276 785 2361 depositiones
805 2277 945 2361 seriptis
976 2276 1174 2360 reseruntur,
1198 2279 1328 2344 easdem
1359 2281 1390 2342 in
1418 2281 1528 2364 signnm

371 2397 625 2466 confirmationis
648 2399 852 2465 subscribent
875 2401 933 2486 ipsi
957 2405 1063 2482 testes,
1082 2421 1143 2466 nec
1167 2421 1231 2467 non
1256 2403 1309 2467 alii
1333 2404 1383 2487 qui
1400 2401 1527 2468 examini

372 2522 600 2596 interfuerunt,
619 2545 733 2609 nempe
755 2526 854 2590 iudex
877 2531 910 2592 et
934 2525 1148 2590 cancellarius
1171 2547 1232 2591 nec
1249 2547 1311 2590 non
1337 2547 1409 2611 pars
1431 2525 1531 2611 produ

369 2666 449 2710 cens
472 2653 504 2712 et
520 2648 657 2714 adversa
673 2671 748 2734 pars
771 2653 1034 2734 quotiescumque
1050 2652 1191 2714 examini
1208 2663 1394 2736 praesentes
1409 2649 1525 2714 fuerint.

370 2769 455 2854 Arq.
470 2789 543 2852 cap.
559 2771 590 2839 7.
608 2773 648 2844 Χ,
662 2772 712 2837 De
728 2778 796 2837 test.
814 2793 885 2859 ceq.
904 2807 947 2822 -
960 2772 1008 2839 Gi.
1026 2771 1325 2858 Sohmalzgrueber,
1343 2773 1386 2836 o'e.
1405 2773 1451 2837 De
1467 2778 1527 2836 tesi.

369 2896 400 2956 et
423 2897 528 2957 niteat.
553 2914 586 2958 n.
614 2892 661 2959 93
683 2914 751 2979 seq.
1603 2897 1604 2904 ’

458 3017 534 3083 478.
559 3019 597 3082 1η
621 3020 855 3086 minitantibus
885 3023 1020 3088 indiciis
1042 3029 1074 3088 et
1098 3025 1130 3088 in
1161 3026 1267 3090 causis
1298 3025 1418 3090 directe
1440 3025 1528 3108 respi-

352 3142 528 3208 ·cientibus
557 3144 675 3210 bonum
705 3146 877 3231 publicum,
902 3147 1098 3233 proindeque
1129 3149 1277 3215 obnoxiis
1307 3151 1405 3234 magis
1427 3149 1522 3234 offitia

368 3267 480 3334 iudicis
503 3290 597 3353 quam
622 3275 759 3357 partium
783 3274 972 3354 intricatior,
987 3282 1160 3342 servantur
1184 3277 1216 3342 in
1240 3277 1456 3342 examinandis
1478 3282 1521 3341 to-

455 3555 495 3626 (l)
517 3557 581 3609 t'od.
601 3560 644 3610 cit.
666 3557 750 3627 Greq.
769 3557 864 3624 habet,
883 3577 907 3613 a.
927 3559 992 3614 658:
1012 3575 1029 3612 «
1048 3560 1117 3614 Pars
1142 3567 1190 3615 ant
1215 3563 1275 3617 eius
1300 3567 1458 3631 procurator
1480 3573 1524 3612 ron
1602 3595 1603 3622 q

366 3664 497 3729 poterunt
511 3661 713 3729 interrumpere
727 3663 806 3715 testis
818 3663 1028 3733 depositionem,
1047 3681 1136 3736 neque
1154 3665 1219 3720 huic
1237 3667 1343 3722 directe
1360 3665 1478 3736 aliquam
1491 3665 1523 3715 in·

364 3768 584 3839 terrogationem
597 3769 705 3834 secere5
719 3769 766 3824 sed
786 3770 855 3825 haee
875 3771 1019 3840 dirigenda
1036 3774 1089 3828 erit
1102 3775 1185 3828 iudici
1204 3776 1364 3830 instructori
1381 3777 1429 3830 sub
1447 3789 1521 3844 poene

364 3873 486 3928 mulctae
512 3891 566 3928 non
586 3875 700 3929 minoris
718 3876 834 3930 duorum
854 3883 1025 3933 scutatorum
1045 3885 1097 3934 etc.
1117 3895 1134 3936 a

454 3978 492 4047 (2)
514 3978 637 4049 Denique
654 3979 815 4034 advertatur
833 3982 1020 4037 iuramentum
1034 4002 1050 4038 a
1063 3990 1135 4039 teste
1149 3985 1343 4056 praestandum
1356 4005 1414 4043 esse
1426 4003 1460 4040 eat
1471 3991 1521 4039 isra

364 4103 462 4140 comm.
481 4098 546 4140 ante
564 4092 777 4158 depositionem·
796 4107 856 4159 arg.
876 4109 936 4162 cap.
952 4092 998 4158 17,
1011 4093 1052 4144 29
1071 4094 1096 4146 b.
1112 4103 1128 4145 t.
1145 4094 1180 4146 X.
1193 4121 1231 4136 -
1244 4095 1426 4150 Nihilominus
1443 4093 1518 4148 siali-

363 4192 428 4244 cubi
445 4193 540 4260 vigeat
559 4195 728 4248 consuetudo
747 4194 817 4249 iilud
841 4197 971 4265 exigendi
986 4209 1050 4269 pest
1069 4201 1279 4270 depositionem,
1298 4201 1446 4256 huiusmodi
1471 4215 1517 4252 nur

362 4314 419 4351 non
437 4299 564 4355 absolute
589 4305 761 4371 reprobatur,
780 4304 927 4360 dummodo
952 4311 1037 4362 testes
1063 4309 1147 4377 probe
1173 4310 1275 4379 sciant,
1300 4313 1473 4383 depositionoe
1489 4309 1518 4359 it·

362 4403 423 4453 etas
442 4420 501 4456 esse
519 4410 616 4474 postea
634 4406 791 4463 iuramento
810 4412 1027 4480 confirmandas;
1044 4415 1078 4467 cf.
1099 4414 1229 4488 Pirhing,
1248 4421 1275 4473 b„
1295 4431 1312 4474 t.
1333 4439 1357 4474 a.
1377 4419 1433 4474 117.
