3350 5117
311 313 378 378 588
837 330 922 379 rans
946 330 968 377 1.

311 461 343 520 et
364 472 404 520 re
425 453 507 526 iud„
532 452 567 517 X
568 474 583 537 ,·
606 460 638 520 et
668 455 731 520 hoc
761 452 798 521 fit
828 456 887 521 etsi
916 456 1064 541 detepuit
1093 455 1222 523 iudices
1245 454 1310 521 dati
1341 456 1407 521 sint
1433 454 1495 521 snb

310 576 457 642 clausula
479 576 621 662 quodsi
644 597 715 644 non
730 596 855 645 omnes.
872 577 951 643 Nam
974 578 1121 671 detepuit
1137 580 1190 663 qui
1215 598 1280 644 non
1295 577 1497 645 insolidum

311 695 432 762 habent
455 698 718 774 iurisdictionem,
743 698 890 765 eamdem
921 700 1142 787 collepialiter
1169 698 1317 766 obtinent
1346 719 1405 765 seu
1430 720 1494 785 pro

311 826 414 906 parte,
439 821 519 886 adeo
542 826 579 888 ut
601 842 712 888 ornnes
735 822 830 888 simul
854 822 1034 909 procedere
1057 822 1204 891 debeant.
1222 822 1402 905 -Quare,
1427 843 1495 889 uno

310 944 449 1012 admisso
473 949 694 1015 iurisdictione
717 954 862 1023 carente,
878 953 970 1015 actus
994 950 1173 1035 collegialis
1196 950 1392 1017 intrinsecus
1415 949 1498 1015 vitio

310 1065 461 1135 inficitur.
486 1106 530 1121 -
554 1072 606 1136 Ex
635 1092 732 1137 sensu
759 1075 926 1138 contrario
958 1092 1053 1139 secus
1085 1072 1259 1141 dicendum
1288 1073 1327 1139 de
1356 1073 1498 1159 collegio

311 1192 451 1260 iudicum
481 1214 606 1280 quoque
629 1196 863 1283 detepetorum
879 1199 932 1282 qui
955 1198 1152 1265 insolidum
1169 1196 1423 1266 iurisdictionem
1438 1197 1498 1261 ha-

312 1315 416 1383 beant.
434 1318 575 1403 Quisque
598 1321 685 1384 enim
708 1339 752 1385 ex
774 1338 810 1386 so
825 1321 914 1388 valet
937 1321 1039 1408 ipsam
1064 1322 1322 1387 controversiam
1345 1318 1496 1393 delinire,

311 1447 344 1507 et
366 1442 577 1530 collegialitas
604 1464 670 1509 non
698 1445 799 1530 ipsam
825 1446 971 1530 impertit
1001 1445 1264 1520 iurisdictionem,
1289 1445 1346 1513 sed
1377 1446 1500 1512 solum-

311 1567 405 1633 modo
432 1568 560 1635 modum
588 1570 784 1636 determinat
809 1571 961 1636 exercitii
993 1569 1135 1637 eiusdem
1166 1558 1409 1645 iurisdictionis;
1443 1572 1498 1635 ni-

311 1693 429 1757 mirum
452 1692 537 1777 quod
554 1681 742 1778 praevaleat
765 1695 932 1759 maioritas
953 1700 1117 1770 votorurm
1142 1695 1185 1760 cf.
1202 1692 1499 1779 Schnralzgrueber

312 1813 343 1878 li.
369 1820 389 1879 t.
412 1834 448 1881 n.
472 1814 523 1882 33
545 1835 595 1901 sq.

401 1938 478 2004 605.
508 1938 691 2005 Secundum
721 1940 912 2024 requisitum
943 1960 1002 2005 seu
1032 1946 1068 2006 ut
1096 1942 1257 2005 sententia
1280 1942 1321 2007 sit
1347 1940 1438 2009 iusta
1463 1946 1501 2005 et
1564 1996 1568 2004 ,

272 2097 274 2100 -
312 2082 377 2127 non
400 2064 505 2130 dubia
530 2063 671 2131 definitio
694 2066 770 2147 litis,
794 2070 845 2130 est
860 2065 963 2130 eidem
988 2066 1033 2131 ita
1056 2066 1202 2131 intimum
1227 2070 1259 2131 et
1281 2064 1441 2139 naturale,
1461 2071 1500 2131 ut

312 2188 503 2273 cuicumque
525 2193 704 2257 sententiae
728 2192 788 2257 etsi
811 2191 1048 2257 extraiudiciali
1071 2194 1112 2257 sit
1135 2192 1365 2258 necessarium.

401 2314 476 2381 606.
502 2316 597 2380 Iusta
628 2321 678 2380 est
708 2316 735 2380 si
767 2314 883 2382 edatur
913 2316 1100 2383 secundum
1131 2315 1194 2383 ius.
1220 2316 1388 2383 Sententia
1413 2334 1499 2381 vero

312 2444 417 2523 potest
442 2439 573 2506 laedere
596 2440 720 2507 directe
743 2440 796 2505 vel

405 2559 435 2647 1)
459 2562 561 2645 ipsum
586 2563 635 2627 ius
658 2581 826 2627 commune
855 2560 907 2625 vel
934 2560 1141 2647 particulare,
1166 2561 1325 2645 scriptum
1349 2559 1403 2626 vel
1429 2581 1500 2627 non

312 2686 468 2770 scriptum
491 2705 549 2751 seu
572 2686 688 2771 legem,
712 2686 765 2751 vel

401 2801 436 2889 2)
460 2806 509 2870 ius
531 2805 641 2890 partis.
1493 2862 1495 2865 .

349 2967 352 2972 >
402 2928 515 2994 Laedit
526 2928 642 3012 prim
665 2928 791 2994 directe
811 2928 914 3013 ipsam
937 2927 1052 3012 legem,
1070 2926 1197 3011 quando
1218 2925 1339 3011 aliquid
1355 2925 1501 3011 disponit

313 3056 425 3135 aperte
449 3054 648 3119 contrarium
671 3052 796 3138 legibus
827 3052 927 3119 certis
959 3056 991 3117 et
1022 3051 1138 3125 claris,
1164 3058 1196 3116 et
1226 3056 1306 3117 tuno
1333 3052 1501 3117 sententia

313 3181 364 3241 est
386 3176 454 3260 ipso
477 3177 549 3241 iure
577 3175 681 3249 nrdla,
706 3177 782 3260 quia
810 3195 853 3240 ex
875 3194 948 3261 rep.
974 3174 1021 3239 64
1043 3174 1110 3239 iur.
1134 3173 1172 3238 in
1196 3172 1238 3237 6:
1261 3191 1352 3258 quae
1375 3178 1501 3240 contra

312 3302 368 3367 ius
396 3304 482 3387 fiunt
512 3301 632 3367 dotem
660 3300 778 3386 utque
803 3319 872 3383 pro
904 3296 1038 3381 insectis
1071 3296 1189 3363 habeat
1219 3302 1252 3363 et
1279 3318 1297 3359 e
1321 3296 1400 3362 licet
1429 3315 1499 3361 non

314 3424 356 3489 sit
379 3421 562 3510 (sententia)
591 3422 806 3509 appellatione
834 3439 1005 3507 suspensa,
1030 3440 1097 3485 non
1125 3424 1231 3505 potest
1258 3424 1369 3487 tamen
1398 3418 1500 3485 subsi-

313 3554 401 3637 stere
417 3549 486 3635 ipso
501 3549 604 3613 iure»
623 3549 669 3615 uti
684 3550 729 3615 ait
743 3567 818 3631 cap.
835 3550 854 3613 1
870 3548 902 3612 lt.
919 3553 940 3613 t.
958 3548 999 3611 X.
1015 3547 1174 3612 Nutanter
1189 3545 1331 3613 diximus
1347 3582 1363 3595 -
1378 3550 1500 3630 operte

313 3675 527 3742 contrarium
549 3674 679 3760 lapibus
701 3674 800 3740 certis
822 3678 854 3740 et
877 3672 981 3739 claris
997 3708 1012 3720 -
1034 3690 1111 3736 nam
1133 3672 1159 3736 si
1185 3670 1259 3737 talis
1281 3671 1439 3759 oppositio
1455 3672 1501 3741 sit

314 3796 419 3873 dubia,
435 3799 488 3863 vel
512 3799 637 3864 ratione
661 3797 739 3863 facti
754 3798 971 3878 controversi,
990 3797 1043 3861 vel
1061 3796 1186 3861 ratione
1210 3794 1298 3861 dubii
1313 3797 1405 3879 iuris,
1421 3815 1499 3862 sen-

313 3925 416 3988 tentia
441 3942 508 3988 non
534 3927 582 3989 est
612 3922 703 3988 nulla
726 3924 794 4008 ipso
825 3923 907 3994 iure,
932 3919 988 3985 sed
1021 3919 1239 4005 appellatione
1270 3918 1444 3994 irritanda,
1469 3922 1500 3986 si

314 4068 408 4115 casus
438 4049 541 4126 ferat;
570 4070 613 4113 ex
643 4068 717 4132 cap.
742 4046 787 4115 13
810 4047 842 4112 h.
868 4052 888 4111 t.
914 4044 949 4109 X
968 4051 1001 4113 et
1029 4044 1072 4110 cf.
1097 4044 1256 4111 Schmalz.
1282 4045 1316 4111 lt.
1341 4050 1364 4113 t.
1386 4064 1421 4111 it
1447 4045 1499 4112 42

314 4181 347 4241 et
370 4170 581 4240 Reiffenstuel
605 4174 637 4239 h.
653 4180 675 4240 t.
692 4194 726 4239 n.
744 4172 794 4238 70
808 4191 859 4257 oq.
1182 4160 1184 4163 ’

403 4296 570 4363 Sententia
592 4296 739 4362 secundo
763 4294 889 4359 directe
912 4292 1010 4361 laedit
1032 4292 1087 4359 ius
1106 4292 1221 4377 partis
1243 4313 1274 4356 v.
1291 4313 1323 4379 g.
1344 4311 1418 4359 curn
1443 4312 1498 4359 ex-

314 4420 403 4487 clusa
426 4418 487 4486 fuit
509 4421 669 4484 immerito
692 4418 800 4502 aliqua
822 4418 947 4503 species
977 4416 1177 4504 probationis
1200 4416 1342 4501 alioquin
1367 4414 1497 4493 efficax.
