3350 5117
511 315 554 361 nn
579 313 718 363 runicus
742 312 1009 361 ncuussrssrrcrs
1305 292 1351 359 67

171 440 331 513 Quocirca
354 440 386 502 in
409 437 518 505 mirato
543 437 690 520 imperio
714 438 900 502 continetur
922 436 1048 502 modica
1071 438 1225 503 coercitio
1249 436 1347 503 iudici

173 562 355 627 necessaria
376 559 417 625 ad
439 559 690 645 compescendas
720 564 829 645 partes
860 560 1059 626 reluctantes
1083 563 1205 626 lumin
1230 559 1349 627 iudicio

171 686 391 771 persequendo
413 696 481 751 tum
504 688 538 751 in
561 687 722 752 sententia
737 684 937 770 exequenda.
955 684 1195 752 -Praeterea
1210 687 1243 751 in
1259 706 1351 751 more

172 810 231 877 luit
257 812 341 898 apud
373 812 534 877 Romanos
559 809 648 897 (erp.
673 811 694 875 l.
719 811 753 885 5,
778 812 829 876 De
850 811 971 877 iamed.
994 812 1054 899 ff),
1079 818 1115 876 ut
1145 812 1352 897 magistratus

168 936 338 1018 ordinarii,
360 936 461 1002 veluti
485 937 670 1015 Praetores,
694 954 784 1001 suam
808 934 1062 1001 iurisdietionem
1078 936 1173 1001 alteri
1197 934 1354 1000 mandare

170 1066 318 1147 possent;
342 1060 395 1126 vel
422 1063 605 1127 universam
630 1080 746 1145 nempe
769 1060 1021 1126 iurisdictionem
1053 1082 1126 1126 eum
1157 1063 1259 1127 mixto
1289 1061 1350 1125 im-

170 1185 279 1269 peri0;
304 1185 356 1249 uel
380 1188 505 1249 tantum
527 1183 708 1249 notionem.
734 1182 868 1248 Cautum
899 1182 961 1247 luit
992 1204 1055 1247 non
1079 1202 1173 1268 possa
1204 1181 1352 1248 mandari

170 1328 270 1373 unum
294 1308 443 1373 namium
465 1306 670 1390 imperium
693 1326 736 1371 ex
759 1307 779 1371 l.
805 1307 832 1381 1,
855 1306 905 1372 De
928 1309 984 1391 off.
1001 1307 1073 1373 eius
1089 1310 1145 1375 cui
1167 1308 1284 1375 mand.
1302 1312 1353 1374 est

171 1434 293 1499 arnse.
315 1436 352 1517 ff.
378 1434 436 1519 (1).
453 1468 496 1483 -
520 1414 677 1498 Maniam
700 1453 758 1499 seu
781 1434 936 1517 delegare
958 1434 1139 1508 notionem,
1157 1435 1295 1500 nomam
1310 1434 1355 1499 n-

169 1554 291 1621 cebant
319 1554 448 1620 iudices
478 1554 573 1619 dure.
599 1556 649 1619 lta
677 1554 832 1639 Ulpianus
863 1556 896 1618 in
920 1556 941 1620 l.
966 1554 1000 1624 3,
1024 1555 1075 1621 cit.
1101 1556 1151 1621 De
1173 1556 1352 1641 iurisdff

168 1680 225 1751 ait,
243 1679 281 1743 in
299 1680 370 1764 fia:
393 1678 622 1745 «iurisdictio
646 1684 692 1744 est
715 1679 817 1746 etiam
840 1678 964 1746 iudicis
987 1681 1096 1747 doridi
1110 1680 1246 1748 licentia
1261 1703 1293 1746 s.
1311 1682 1355 1747 Et

173 1803 245 1867 lnn.
271 1803 320 1867 ΙΙΙ
347 1802 379 1865 in
404 1801 457 1865 cit.
483 1821 551 1886 cap.
569 1801 679 1866 iisdem
703 1803 804 1867 utitur
827 1797 947 1870 verbis,
966 1802 1149 1867 advertens:
1170 1824 1188 1866 ‹
1273 1822 1354 1868 oum

168 1926 328 2012 delegato
344 1944 367 1989 a
382 1925 545 2008 Principe
568 1924 755 1991 iurisdictio
779 1926 888 1991 claudi
910 1926 1057 1992 iudicem
1080 1926 1125 1991 sit
1138 1946 1160 1990 o
1177 1928 1250 2012 lege
1272 1944 1352 1992 eoo·

168 2068 267 2114 cessa
359 2066 389 2123 »ς
413 2047 565 2112 videlicet
588 2047 757 2133 delegandi
779 2047 834 2111 alii
858 2048 1121 2115 iurisdietionem.

265 2168 318 2235 42.
337 2168 519 2271 limisdietio
535 2168 741 2259 distmguinn·
757 2170 789 2233 in
806 2169 1048 2236 contentiosum
1060 2176 1094 2234 et
1107 2169 1354 2254 voluntarium

170 2295 204 2359 in
230 2293 450 2360 ordinarium
473 2297 506 2357 et
527 2293 729 2358 scandatum
752 2292 820 2358 sive
844 2294 1044 2381 delegatam.

269 2414 481 2483 Contentiosa
505 2435 544 2480 aa
572 2421 621 2481 est
651 2436 732 2501 quae
760 2402 938 2483 exercetur
961 2419 1135 2499 intereos,
1160 2419 1213 2501 qui
1239 2416 1358 2483 iudicio

170 2539 391 2615 contendunt;
415 2540 610 2607 uoluntaria
629 2540 936 2607 cmtraiudicieliter
950 2547 1126 2606 exercetur
1141 2542 1179 2607 in
1196 2543 1357 2624 volentem

170 2686 232 2731 seu
255 2664 334 2748 quin
357 2663 422 2737 ille,
439 2665 471 2727 in
494 2684 588 2748 quem
612 2671 795 2737 exercetur,
820 2672 877 2729 aut
899 2665 980 2729 alius
1004 2665 1215 2747 contradicat,
1232 2664 1354 2748 aliquid

174 2931 329 2986 Rasidabat
347 2930 399 2983 illa
416 2930 445 2983 in
465 2929 574 3001 populu,
587 2929 693 2985 liberae
712 2929 895 2999 Reipublicae
914 2935 1046 3000 tempore,
1061 2932 1200 2985 translata
1217 2930 1318 2987 deinde
1329 2930 1360 2984 in

174 3036 371 3106 imperatores,
390 3038 483 3089 aetate
502 3034 657 3089 recentiore
676 3039 728 3089 etc.
743 3052 758 3086 s
773 3034 825 3089 Sed
845 3033 914 3089 haec
932 3035 1027 3089 omnia
1040 3036 1132 3105 potius
1150 3035 1282 3091 videntur
1294 3050 1361 3089 eon·

174 3142 261 3197 tineri
281 3142 310 3195 iu
331 3145 470 3212 potestate
488 3142 608 3212 imperii.
629 3140 698 3195 Nam
718 3146 891 3197 maiestatem
911 3142 952 3195 ita
969 3143 1066 3198 definit
1085 3144 1184 3198 Cicero
1207 3144 1260 3210 (De
1281 3142 1360 3197 Orat.

176 3246 280 3317 11-39):
299 3264 316 3299 ι
336 3246 471 3313 Maiestas
495 3252 537 3301 est
565 3246 719 3316 amplitudo
737 3263 770 3301 ac
794 3247 918 3316 dignitas
942 3248 1065 3303 civitatis
1084 3265 1100 3300 a
1120 3253 1149 3303 et
1172 3247 1362 3309 Quintilianus

173 3354 339 3425 (vll-335)
359 3354 413 3409 ait:
431 3370 448 3407 s
467 3354 600 3411 Maiestas
618 3358 662 3410 est
681 3356 708 3409 iu
729 3357 846 3426 imperio
872 3361 955 3427 atque
981 3357 1009 3410 in
1035 3357 1111 3411 omni
1137 3358 1231 3427 populi
1254 3358 1362 3413 romani

174 3459 317 3529 dignitate
328 3478 353 3515 s.
364 3459 439 3513 Haec
449 3460 554 3515 adverti
564 3458 667 3513 debent
681 3463 712 3513 ut
721 3459 928 3513 canonistarum
941 3460 1120 3530 intelligatur
1135 3462 1208 3515 ratio
1221 3462 1360 3533 loquendi.

176 3564 214 3617 Hi
234 3564 310 3618 enim
335 3564 427 3618 solent
451 3565 479 3618 in
498 3566 611 3635 imperii
635 3568 773 3633 potestate
798 3564 1031 3633 comprehendere
1057 3582 1168 3619 omnem
1193 3568 1362 3635 potestatem

177 3672 367 3742 leyr'sletiuanr
388 3674 417 3727 et
436 3673 617 3727 caecutirem.
637 3668 679 3725 lta
698 3670 816 3740 Pirhing
834 3672 882 3741 qui
903 3671 921 3725 l.
943 3690 964 3725 c.
985 3688 1013 3723 n.
1035 3672 1048 3723 1
1067 3672 1097 3724 in
1116 3676 1236 3742 quatuor
1260 3672 1363 3741 gradus

173 3774 330 3845 distinguit
348 3778 461 3847 imperii
471 3780 647 3846 potestatem,
661 3792 710 3845 pro
731 3776 815 3830 variis
828 3776 1017 3830 functionibus
1031 3777 1189 3846 potestatis,
1204 3777 1362 3847 praecipue,

175 3885 355 3939 executivae.

270 3990 310 4061 (1)
330 3988 406 4045 Haec
425 3990 471 4046 lex
489 3990 530 4045 ita
548 3995 566 4055 ἓ
587 3991 638 4045 1η
660 3990 759 4045 Verius
777 3994 820 4045 est
838 3990 923 4056 enim,
941 4007 1019 4045 more
1037 3992 1176 4045 maiorum
1195 3989 1364 4046 iurisdictio-

176 4114 244 4153 nem
264 4097 376 4168 quidem
395 4098 546 4167 transferri,
566 4098 613 4153 sed
633 4114 739 4153 marum
758 4098 915 4168 imperium,
928 4098 1001 4169 quod
1015 4098 1091 4169 Lege
1110 4099 1202 4165 datur,
1215 4115 1270 4153 non
1283 4112 1364 4169 posse

176 4205 316 4269 transire3
332 4221 420 4275 quare
438 4221 519 4259 nemo
537 4205 612 4273 dicit,
625 4205 893 4259 animadversionem
907 4204 1044 4274 Legatum
1060 4205 1238 4260 Proconsulis
1250 4204 1363 4273 habere,

177 4308 520 4363 mandataiurisdictione.
532 4309 738 4365 Paulusnotat:
758 4313 787 4363 et
807 4310 953 4379 imperium
973 4309 1046 4380 quod
1066 4307 1364 4364 iurisdictionieohae·

178 4414 230 4467 ret
245 4410 356 4485 (nempe
374 4414 513 4487 mrum),
531 4414 662 4469 mandata
680 4414 871 4469 iurisdictione
889 4414 1018 4481 transire,
1037 4415 1131 4470 verine
1151 4417 1194 4470 est
1213 4432 1239 4467 ›.
