3350 5117
317 314 383 381 618
845 337 929 384 rans
955 338 977 383 1.

406 459 440 546 2)
464 460 662 526 Prohibetur
685 463 718 525 in
742 480 816 545 cap.
834 459 868 537 3,
894 460 924 524 lt.
944 466 965 526 t.
991 460 1025 525 X
1047 461 1079 525 in
1104 462 1209 527 causis
1232 462 1444 528 correctionis
1466 464 1502 525 et

316 585 490 669 punitionis
514 585 710 651 clericorum
733 587 944 672 regularium.

298 752 300 756 .
406 709 440 794 3)
464 709 542 774 Cum
569 731 650 777 vero
683 712 857 797 appellatio
880 711 917 775 in
948 711 1146 793 mipenstco
1176 730 1241 777 non
1270 708 1505 796 prohiberetur

317 829 388 892 iure
412 830 629 895 Decretalium
655 852 698 897 ex
722 852 797 915 cap.
822 830 1208 906 aquiminensis
1231 852 1313 916 quae
1328 830 1369 895 ad
1392 848 1503 895 corre·

317 936 457 1019 ctionem
481 961 514 1020 et
529 958 795 1022 reformationem
811 978 938 1023 morum
955 964 1152 1043 spectarent,
1168 958 1294 1042 quando
1310 959 1406 1023 etiam
1421 955 1504 1041 Epi-

316 1100 432 1166 scopus
462 1081 495 1147 in
527 1083 665 1150 clericos
694 1085 990 1157 animadverteret,
1025 1084 1112 1150 Trid.
1146 1086 1242 1151 Cone.
1274 1087 1307 1149 in
1336 1104 1415 1150 sess.
1438 1082 1502 1153 24,

317 1204 469 1285 cap.10‚
494 1205 633 1289 Deras.
665 1209 793 1274 statuit:
820 1208 1016 1293 «Episcopi
1047 1210 1079 1272 in
1103 1208 1249 1273 omnibus
1280 1208 1318 1273 iis
1349 1226 1431 1291 quae
1459 1205 1503 1269 ad

316 1329 533 1394 visitationem
546 1335 579 1395 et
591 1351 717 1395 morum
730 1333 971 1397 correctionem
987 1330 1187 1399 subditorum
1200 1352 1329 1396 suorum
1341 1334 1504 1415 spectant,

317 1456 366 1520 ius
390 1460 423 1519 et
444 1462 634 1540 potestatem
659 1456 781 1522 habent
796 1458 891 1521 etiam
910 1464 1074 1541 tamquam
1091 1456 1182 1523 Sedis
1196 1458 1401 1542 Apostolicae
1416 1455 1504 1521 dele·

316 1582 392 1665 pati,
410 1601 449 1644 ea
466 1580 646 1655 ordinandi,
663 1582 864 1655 moderandi,
883 1582 1036 1668 puniendi
1052 1589 1085 1649 et
1101 1583 1280 1668 exequendi
1297 1585 1388 1649 iuxta
1403 1602 1502 1647 cano-

317 1724 393 1769 num
406 1705 598 1778 sanetiones
613 1706 776 1789 quasillis
794 1726 836 1770 ex
854 1706 1028 1790 prudentia
1040 1727 1099 1771 sua
1114 1726 1173 1791 pro
1185 1705 1382 1773 subditorum
1395 1725 1504 1769 emen·

317 1828 446 1894 datione
469 1850 508 1893 ac
532 1830 688 1895 dioecesis
706 1835 784 1895 suae
801 1830 939 1895 utilitate
956 1832 1140 1895 necessaria
1155 1828 1357 1896 videbuntur.
1377 1832 1443 1895 Nec
1468 1832 1503 1894 in

317 1954 368 2019 his
390 1953 564 2037 (notentur
586 1951 704 2040 verba)
727 1953 781 2018 ubi
806 1954 847 2019 de
870 1954 1053 2019 visitatione
1080 1959 1112 2018 et
1143 1973 1268 2018 morum
1296 1954 1504 2018 correctione

317 2082 435 2166 agitur,
453 2082 614 2165 exemptio
638 2086 694 2145 aut
716 2080 779 2144 ulla
798 2078 956 2161 inhibitio,
973 2080 1156 2162 appellatio
1177 2099 1233 2145 seu
1249 2080 1387 2164 querela
1402 2080 1501 2144 etiam

311 2206 351 2270 'in
369 2205 483 2273 Sedem
500 2208 560 2290 Ap.
582 2205 781 2290 interposita.
798 2203 1034 2270 caecutientem
1050 2224 1161 2269 eorum
1177 2222 1260 2287 quae
1275 2202 1315 2267 ab
1339 2201 1390 2267 his
1412 2222 1503 2266 man-

318 2330 402 2411 data,
427 2330 559 2395 decreta
582 2337 637 2393 aut
661 2328 800 2393 iudicata
826 2328 959 2409 fuerint,
988 2327 1231 2411 quoquomodo
1262 2326 1414 2411 impediat
1444 2332 1502 2391 aut.

317 2456 503 2539 suspendet
520 2475 550 2519 a.
576 2456 662 2520 Huic
679 2458 836 2519 consonat
854 2473 934 2520 sess.
950 2451 1003 2533 13,
1020 2474 1047 2519 c.
1065 2454 1092 2525 1,
1113 2451 1242 2534 Dares.
1258 2471 1336 2518 sess.
1354 2450 1404 2523 11,
1421 2472 1448 2517 c.
1466 2454 1501 2531 4,

317 2580 455 2662 Dares.
479 2586 510 2645 et
533 2598 611 2645 sesa.
636 2579 698 2659 22,
723 2598 750 2645 e.
767 2579 796 2658 1,
824 2576 879 2643 De
902 2577 966 2659 ref.
986 2578 1132 2662 -Ergo
1156 2577 1189 2640 in
1213 2576 1280 2641 istis
1296 2575 1422 2641 casibus
1444 2596 1501 2661 ap-

316 2702 448 2787 pellatio
465 2722 528 2765 non
547 2704 579 2766 in
595 2701 802 2784 suspensivo,
820 2699 876 2765 sed
894 2702 927 2765 in
944 2701 1132 2767 devolutivo
1148 2704 1272 2764 tantum
1298 2697 1501 2763 observatur.

316 2862 362 2874 -
378 2827 573 2892 Benedictus
588 2827 673 2892 XIV
691 2826 879 2892 authentice
896 2830 1036 2893 mentem
1054 2826 1188 2892 Concilii
1204 2824 1384 2890 Tridentini
1400 2827 1502 2890 inter-

316 2956 462 3036 pretatus
484 2958 533 3018 est
556 2954 589 3015 in
613 2956 715 3017 const.
744 2952 836 3017 «Act
859 2952 1037 3018 militantis
1054 2973 1071 3015 a
1091 2953 1123 3017 in
1141 2970 1203 3036 qua
1219 2950 1427 3015 declarantur
1449 2969 1503 3034 po-

318 3077 418 3139 tiores
441 3093 534 3138 casus
551 3076 584 3138 in
600 3072 715 3156 quibus
731 3073 904 3158 appellatio
922 3074 955 3135 in
972 3073 1169 3156 suspensivo
1193 3072 1364 3137 interdicta
1379 3078 1429 3137 est
1444 3069 1502 3158 (l).

408 3282 447 3353 (l)
467 3281 581 3336 Summa
604 3281 687 3335 huius
706 3286 792 3336 const.
811 3282 853 3335 ita
873 3283 993 3337 refertur
1012 3298 1029 3334 a
1047 3281 1081 3335 cl.
1102 3280 1181 3335 Santi
1199 3285 1225 3336 b.
1245 3292 1263 3335 t.
1283 3299 1309 3333 n.
1328 3279 1385 3333 39:
1404 3298 1420 3333 e
1440 3280 1502 3334 Huc

318 3385 387 3440 lacit
411 3388 575 3441 constitutio
595 3387 738 3441 benedicti
758 3386 795 3441 lV
814 3390 832 3416 ‘⁴
853 3388 898 3439 Ad
917 3386 1065 3439 utititaatis
1084 3386 1100 3406 ’'
1119 3387 1176 3439 diei
1194 3386 1236 3439 30
1254 3386 1353 3441 Martii
1372 3386 1454 3438 1742
1473 3385 1501 3439 in

318 3507 373 3561 qua
392 3490 486 3559 plures
503 3490 698 3545 describuntur
716 3494 746 3545 et
764 3488 944 3544 declarantur
964 3506 1044 3543 casus
1063 3490 1092 3543 in
1112 3490 1213 3561 quibus
1234 3489 1387 3559 appellatio
1406 3490 1436 3544 in
1454 3506 1501 3542 su-

318 3600 447 3669 spensivo
467 3598 637 3668 prohibetur.
658 3598 805 3667 Praecipui
825 3602 905 3651 suut:

408 3726 424 3760 c
443 3711 470 3776 a)
490 3708 650 3777 Appellatio
669 3709 705 3760 ab
725 3706 912 3775 applicatione
932 3706 1115 3773 decretorum,
1128 3724 1243 3777 quorum
1258 3708 1387 3763 executio
1406 3725 1423 3761 a
1441 3708 1504 3761 Tri-

318 3816 432 3871 dentino
451 3816 597 3869 commissa
617 3818 660 3868 est
679 3814 833 3868 Ordinariis
852 3814 976 3868 locorum
996 3814 1081 3868 etiam
1100 3817 1141 3868 uti
1162 3813 1240 3868 Sedis
1258 3814 1437 3885 Apostolieae
1456 3817 1503 3869 do-

317 3918 429 3989 legatis,
448 3936 511 3971 crim
530 3915 655 3971 clausula
668 3921 685 3948 “
704 3918 895 3987 appellatione
913 3916 958 3972 vel
978 3917 1145 3972 inhibitione
1164 3935 1338 3991 quacumque
1357 3920 1502 3973 remota

318 4026 404 4080 Immo
424 4027 587 4095 prohibetur
606 4026 760 4096 appellatio
779 4025 806 4079 in
827 4028 990 4096 suspensivo
1014 4029 1049 4082 ab
1076 4028 1240 4082 executione
1264 4042 1503 4098 quorumcumque

317 4132 492 4185 decretorum
504 4131 622 4184 aliorum
636 4131 718 4185 Cone.
732 4131 865 4198 Trident,
879 4132 1031 4187 Ordinariis
1043 4135 1167 4187 locorum
1180 4122 1345 4188 demandata
1357 4134 1392 4187 ab
1405 4132 1502 4188 eodem

318 4238 443 4292 Concilio
462 4244 491 4293 et
504 4256 521 4291 a
535 4244 621 4292 rurist
636 4239 678 4292 Pii
693 4238 759 4292 1v“
774 4241 944 4295 Benedictus
959 4242 1035 4295 Deus
1049 4241 1064 4261 ”
1079 4241 1196 4296 Concilii
1210 4242 1425 4297 confirmatoria.
1445 4242 1502 4296 Sci·

318 4345 386 4399 licet
404 4344 514 4414 quaudo
538 4343 690 4413 Episcopus
715 4346 864 4416 exequitur
888 4346 1000 4417 aliquod
1027 4347 1169 4401 decretum
1194 4347 1312 4402 Concilii
1339 4348 1503 4411 Tridentini,

319 4451 472 4522 appellatio
490 4453 526 4505 ab
545 4452 599 4505 ista
618 4452 783 4508 executione
802 4469 857 4506 non
877 4458 1004 4507 seruatur
1022 4452 1050 4507 in
1070 4452 1241 4523 suspensivo.
