3350 5117
529 321 572 366 or
596 320 736 369 morans
761 320 1026 370 rccnasnsrrcm
1257 282 1260 298 ’
1304 306 1370 371 625

186 444 359 531 appellatio
383 463 501 511 coram
531 463 569 512 eo
600 444 838 532 interponenda
862 452 919 511 est.
944 446 976 515 Si
1001 447 1055 512 hic
1079 447 1176 537 iudex
1199 448 1307 531 aliqua
1330 445 1369 511 de

186 588 286 635 cama
303 569 386 635 adiri
402 590 467 635 non
483 572 592 656 possit,
608 571 716 638 statim
739 569 907 636 adeundus
930 577 979 637 est
1002 569 1101 636 iudex
1125 572 1171 637 od
1190 590 1291 656 quem
1314 592 1368 658 ap-

186 694 317 779 pellatio
347 692 517 779 dirigenda
545 701 611 761 est:
634 693 719 778 quod
748 694 774 758 si
803 696 845 759 sit
875 692 1012 777 difficile
1035 700 1091 761 aut
1122 693 1368 780 dispendiosum,

187 819 353 884 emittatur
375 818 470 884 huius
493 818 667 885 voluntatis
689 820 878 904 protestatio
903 838 1013 885 coram
1038 820 1117 884 viris
1140 820 1293 893 honestis,
1316 820 1369 902 qui

188 949 299 1029 postea
321 943 361 1009 da
385 944 550 1009 voluntate
573 945 755 1030 appellandi
779 950 959 1021 testentur3
983 945 1025 1010 ci.
1043 966 1070 1013 c.
1088 967 1114 1011 c.
1140 946 1199 1027 52,
1225 946 1283 1027 59,
1310 946 1368 1026 72,

189 1067 238 1151 73
261 1069 291 1132 b.
317 1074 337 1133 t.
361 1069 403 1144 X,
427 1073 461 1136 et
483 1070 506 1134 4
528 1070 579 1135 De
601 1070 690 1136 elect.
715 1071 750 1135 X
771 1067 810 1155 (l,
835 1070 869 1156 6)
895 1077 927 1135 et
953 1070 1055 1137 Clean.
1080 1070 1098 1133 1
1122 1076 1142 1135 t.
1168 1072 1197 1133 lu.
1223 1069 1279 1154 (l).

269 1193 354 1259 640.
380 1195 455 1259 lure
480 1194 695 1261 Decretalium
725 1195 832 1259 forma
863 1194 1009 1280 legitima
1036 1194 1289 1280 interponendae
1314 1215 1369 1279 ap-

187 1317 370 1402 pellationis
393 1318 513 1403 duplex
536 1323 623 1393 erat;
647 1318 701 1383 vel
717 1320 804 1383 anim
825 1324 970 1384 «stante
989 1319 1078 1402 pede
1100 1324 1132 1384 et
1153 1318 1231 1384 uiua
1254 1337 1368 1385 voce>

188 1444 400 1509 incontinenti
430 1448 502 1530 post
524 1444 683 1529 prolatam
713 1444 908 1509 sententiam
938 1442 1204 1529 interponebatur
1234 1448 1267 1508 et
1290 1444 1371 1508 inse-

187 1566 322 1632 rebatur
337 1588 357 1631 a
372 1567 499 1632 notario
523 1568 605 1633 actis
620 1566 830 1643 iudicialibus,
847 1572 880 1633 et
895 1568 957 1633 hoc
973 1566 1165 1645 sufficiebat3
1182 1568 1234 1633 vel
1258 1587 1303 1634 eoa
1322 1570 1372 1633 in-

190 1694 330 1760 tervallo
353 1713 410 1758 seu
426 1698 497 1778 post
512 1694 629 1759 editam
652 1694 846 1773 sententiam
862 1694 955 1759 intra
970 1694 1014 1759 10
1029 1694 1100 1761 dies
1123 1693 1229 1767 fiebat,
1247 1700 1279 1760 et
1294 1698 1371 1759 tunc

189 1819 328 1904 proponi
353 1816 489 1883 debebat
512 1839 570 1903 per
592 1817 736 1883 libellum
760 1818 1009 1903 appellatorium
1040 1820 1104 1884 rite
1135 1819 1370 1903 conscriptum;

189 1942 231 2007 of.
257 1962 284 2008 c.
305 1962 332 2007 a.
356 1942 394 2005 11
416 1942 470 2007 De
488 1941 587 2025 prob.
612 1942 647 2007 X
667 1947 699 2007 et
720 1940 778 2022 311,
803 1942 854 2008 59
878 1942 908 2006 b.
935 1947 955 2007 t.
980 1943 1022 2006 X.
1048 1940 1153 2009 Hodie
1175 1942 1287 2027 praxis
1311 1948 1368 2013 est.

191 2069 226 2128 ut
248 2080 377 2147 semper
400 2064 432 2127 in
455 2064 585 2148 scriptis
607 2062 813 2147 proferatur3
837 2061 881 2127 cf.
906 2062 952 2127 Ol.
977 2062 1066 2128 Santi
1091 2062 1121 2126 b.
1147 2067 1168 2127 t.
1192 2082 1226 2127 a.
1252 2062 1303 2129 18.

279 2186 355 2251 641.
381 2189 420 2252 In
442 2187 551 2253 libello
574 2188 799 2274 appellationis
821 2186 862 2252 ab
886 2187 1131 2253 interlocutoria
1153 2188 1254 2251 inseri
1278 2185 1373 2253 debet

190 2330 288 2377 causa
311 2312 549 2397 appellationis;
573 2314 648 2397 quia
670 2312 777 2393 iudex,
794 2317 831 2378 ut
854 2333 911 2377 suo
926 2312 999 2378 loco
1015 2312 1162 2387 diximus,
1180 2312 1372 2378 sententiam

191 2434 469 2501 interlocutoriam
493 2455 651 2501 revocare
674 2440 731 2503 aut
750 2437 921 2521 corrigere
937 2406 1054 2521 potest;
1080 2456 1098 2500 e
1121 2441 1235 2501 contra
1258 2436 1292 2501 in
1316 2455 1373 2521 ap-

189 2562 363 2647 pellatione
379 2582 399 2625 a
414 2560 578 2627 definitiva
600 2582 665 2627 non
690 2562 870 2646 requiritur
886 2582 1042 2648 expressa
1058 2564 1176 2627 mentio
1193 2582 1310 2627 causae
1333 2561 1372 2625 ob

190 2707 286 2771 quam
317 2688 511 2773 appellatur,
537 2709 609 2754 cum
640 2689 738 2754 iudex
767 2708 790 2754 o
818 2708 887 2774 quo
919 2688 959 2754 de
982 2689 1044 2755 hac
1075 2688 1236 2755 sententia
1265 2686 1372 2751 valida

191 2810 328 2894 amplius
350 2810 462 2875 videre
485 2831 550 2875 non
574 2812 691 2897 posslt;
714 2810 759 2876 cf.
784 2830 812 2877 c.
828 2831 856 2877 c.
882 2810 924 2875 61
948 2812 977 2875 b.
1005 2816 1025 2876 t.
1049 2811 1084 2875 X
1104 2816 1136 2875 et
1157 2812 1175 2875 1
1199 2810 1229 2875 b.
1247 2815 1270 2875 t.
1285 2809 1323 2874 in
1340 2812 1370 2873 6.

116 2928 120 2935 ’
193 2937 406 3002 Nihilominus
423 2936 637 3021 ‘proponenda
659 2941 709 3001 est
729 2936 904 3021 appellatio
932 2935 1016 3021 apud
1046 2935 1183 3002 iudicem
1214 2936 1268 3019 qui
1299 2954 1372 3000 sen-

190 3061 324 3126 tentiam
346 3060 487 3145 protulit,
505 3081 543 3126 eo
562 3061 694 3127 consilio
718 3067 753 3125 ut
776 3062 854 3145 ipse,
873 3080 1033 3146 perpensa
1049 3060 1291 3127 controversiae
1314 3080 1373 3143 ap-

190 3183 329 3268 pellatae
354 3190 479 3265 natura,
503 3182 662 3271 significet
684 3183 845 3269 superiori
871 3182 975 3257 iudici,
1000 3202 1043 3247 an
1066 3182 1151 3247 iusta
1173 3188 1206 3248 et
1227 3181 1372 3269 legitima

191 3306 252 3373 sibi
275 3308 422 3374 videatur
448 3308 629 3395 appellatio,
654 3311 843 3395 exprimens
872 3310 905 3373 in
933 3308 1050 3374 litteris
1073 3284 1147 3375 suas
1170 3306 1371 3373 animadver-

190 3434 307 3499 siones.
324 3435 369 3498 At
390 3434 489 3499 iudex
511 3453 534 3498 u
549 3454 616 3518 quo
639 3435 889 3519 appellationem
914 3454 1068 3520 respuere
1092 3455 1156 3498 non
1177 3438 1290 3519 potest,
1308 3435 1369 3498 nisi

191 3559 227 3622 in
251 3556 378 3623 casibus
403 3578 422 3621 a
445 3559 516 3623 iure
539 3560 711 3644 expressis.

283 3683 359 3748 642.
385 3683 455 3747 Hac
471 3681 511 3748 de
527 3702 624 3748 causa
640 3685 673 3747 in
689 3704 844 3768 processu
868 3684 1091 3769 appellationis
1107 3683 1279 3749 introducti
1300 3688 1374 3750 sunt

192 3804 338 3887 apostoli
360 3824 417 3869 seu
439 3804 578 3878 litterae,
595 3824 674 3889 quas
697 3804 795 3870 iudex
817 3824 840 3869 u
861 3824 927 3889 quo
949 3804 1003 3869 dat
1022 3804 1117 3869 iudici
1140 3803 1187 3869 od
1210 3823 1321 3889 quem,
1339 3808 1375 3869 ut

193 3948 267 3993 eum
292 3930 466 4030 certiorem
496 3928 609 3994 reddat
639 3929 679 3995 de
710 3930 927 4015 appellatione
958 3929 1146 4015 interposita
1176 3933 1209 3993 et
1239 3927 1278 3993 de
1306 3922 1375 3993 ans

282 4120 322 4191 (ll
342 4120 401 4174 Hoc
414 4087 498 4190 caput
514 4122 603 4188 docet,
616 4140 634 4175 a
652 4123 793 4177 sententia
812 4122 961 4177 tribunalis
974 4119 1130 4191 collegialis
1149 4138 1209 4177 essa
1227 4119 1374 4190 appellan-

191 4224 257 4278 dum
276 4225 348 4296 apud
367 4242 462 4281 omnes
481 4227 594 4295 iudicas,
613 4228 713 4283 saltem
732 4229 804 4298 apud
823 4229 957 4287 maiorum
977 4232 1092 4299 partem.
1113 4226 1165 4282 Sed
1179 4227 1203 4281 si
1218 4224 1376 4296 appelletur

193 4332 266 4402 apud
291 4351 376 4387 unum
396 4337 518 4401 tantum,
538 4334 584 4390 hic
602 4336 703 4391 saltem
728 4336 809 4390 testis
834 4336 890 4391 erit
914 4336 1095 4407 interpositae
1114 4333 1318 4406 appellationis.
1339 4366 1373 4378 -

171 4497 175 4505 ,
194 4440 313 4495 Ponitur
332 4442 406 4496 enim
425 4459 505 4496 casus
522 4444 719 4514 appellationis
739 4446 801 4499 uiua
821 4462 887 4501 uoce
905 4446 1005 4499 sactae.

343 4552 402 4604 Soc.
423 4551 509 4621 Lepta
1198 4556 1233 4609 40
