3350 5117
519 295 564 341 nn
587 293 726 341 runicus
750 291 1015 341 socunsrnsrrcrs
1292 274 1359 340 225

178 416 324 482 sionibus
347 418 433 481 inter
456 437 491 482 se
514 416 560 480 ita
581 413 771 480 dissidentes
794 421 831 481 ut
853 416 971 480 mirum
995 416 1036 480 sit
1059 415 1122 479 hoc
1147 413 1284 500 vulgare
1309 415 1325 480 f
1344 451 1358 463 -

178 549 267 610 mum
290 541 407 608 talibus
431 543 590 628 implicari
613 539 863 608 difficultatibus.
880 575 924 590 -
941 541 1067 608 Verum
1091 563 1155 608 nun
1178 542 1291 609 ultima
1305 544 1359 609 be·

179 674 261 730 rum'
277 665 511 731 dissensionum
533 667 618 732 ratio
640 665 711 738 luit,
727 665 951 750 quaestionem
974 666 1053 730 iuris
1069 664 1266 731 abstractam
1282 686 1359 731 con-

179 788 327 855 fundisse
350 810 423 854 cnm
448 788 703 874 inquisitionibus
718 790 751 854 in
767 790 817 854 ins
832 789 1004 874 positivum
1022 789 1260 864 Romanorum3
1276 789 1360 873 quod

180 918 231 981 ius
254 915 352 1000 aliqui
376 915 585 981 detorserunt
607 916 640 979 in
663 916 813 1001 proprios
837 921 1013 1004 conceptus
1028 916 1238 1000 possessionis
1260 915 1359 1000 pbilo-

180 1041 345 1127 supbicos;
369 1041 423 1104 alii
455 1060 498 1105 ex
527 1039 682 1104 institutis
708 1039 788 1104 iuris
812 1039 949 1114 romani,
974 1059 1039 1103 non
1062 1039 1145 1104 bene
1176 1039 1359 1106 intellectis.

180 1162 318 1227 haurire
340 1163 448 1230 conati
470 1169 545 1228 sunt
567 1164 731 1228 notionem
754 1163 966 1248 possessionis
990 1161 1196 1227 abstractam.

271 1285 335 1352 Sed
357 1307 420 1352 nec
442 1307 508 1352 uua
530 1307 592 1352 nec
614 1287 680 1352 alia
693 1289 747 1352 ria
770 1292 860 1351 recte
877 1286 1030 1352 incedere
1045 1293 1195 1372 poterant
1217 1289 1360 1370 iuristee3

180 1407 339 1492 siquidem
362 1407 425 1474 hac
448 1412 544 1474 etiam
567 1411 601 1475 in
623 1411 802 1496 provincia,
826 1411 922 1495 plura
948 1409 1076 1474 edicere
1106 1415 1211 1496 potest
1233 1412 1283 1476 ius
1306 1431 1360 1496 po·
1444 1461 1445 1466 1

181 1533 321 1606 sitivum,
346 1553 429 1617 quae
451 1554 516 1598 non
540 1535 748 1600 continentur
772 1554 928 1620 expressa
951 1535 1022 1599 iure
1046 1535 1196 1601 naturali.

273 1655 405 1720 Revera
428 1655 548 1721 lactum
570 1657 790 1741 possessionis,
815 1676 859 1720 ex
883 1654 954 1720 iure
985 1661 1130 1729 naturae,
1155 1675 1219 1741 qua
1241 1657 1361 1722 nudum

263 1739 375 1762 v--n
390 1745 511 1764 ..n—-
528 1730 751 1758 *wa-⁴⁶³¹
811 1727 1099 1756 ...nm-..nuu-

183 1779 306 1845 iactum
329 1782 453 1846 nullum
476 1784 562 1868 parit
583 1784 644 1863 ius,
668 1783 789 1875 nullam
804 1781 1304 1882 Qltlffllfflilldffl·
1330 1787 1363 1847 et

181 1904 318 1966 eatenus
341 1908 446 1988 potest
466 1901 540 1969 lieri
565 1905 686 1970 sactum
710 1903 890 1976 inridicula,
916 1911 1074 1988 quatenus
1097 1910 1146 1969 est
1169 1906 1362 1972 exercitium

182 2027 264 2092 iuris
286 2026 344 2113 (l).
370 2028 431 2094 Sed
454 2034 532 2095 tunc
556 2029 701 2096 defensio
732 2029 827 2095 datur
857 2030 928 2094 iuri
957 2050 1022 2095 non
1051 2030 1142 2111 sacto
1172 2051 1231 2116 per
1254 2051 1288 2096 se
1312 2031 1362 2095 in-

182 2163 315 2243 spect0;
338 2164 372 2224 et
393 2178 452 2223 nos
475 2158 660 2242 quaerimus
683 2158 723 2223 de
746 2159 956 2244 possessione,
971 2177 1033 2242 qua
1049 2159 1169 2223 sactum
1194 2163 1242 2224 est
1257 2179 1276 2222 a
1293 2161 1364 2224 iure

184 2279 380 2351 distinctum,
404 2280 469 2344 imo
492 2278 594 2345 eidem
618 2279 790 2363 aliquando
814 2281 1003 2365 oppositum,
1028 2285 1135 2344 tamen
1167 2301 1187 2346 a
1218 2282 1289 2346 iure
1311 2302 1362 2366 po-

182 2403 278 2466 sitivo
302 2402 505 2487 recognitum
529 2407 561 2466 et
583 2406 774 2486 protectum.

277 2526 350 2591 193.
375 2529 419 2593 nt
438 2529 592 2615 Q
602 2529 884 2614 irprfflpqrit
906 2528 1074 2612 possessio,
1095 2531 1202 2592 tamen
1227 2547 1292 2591 non
1315 2533 1364 2618 est

183 2669 430 2734 supervacanea
451 2652 631 2748 inquisitio,
650 2671 698 2747 ⁸an
721 2650 783 2748 hoe
800 2652 920 2746 factum
938 2651 1251 2738 pest-qle-tqulicam
1271 2669 1364 2732 ⁸reco-

161 2769 366 2859 *gnitionem
390 2747 622 2874 ettuffifflem,
647 2741 732 2837 adeo
751 2779 787 2837 ut
809 2773 862 2837 vel
887 2774 958 2837 iura
982 2792 1143 2858 generare
1171 2772 1287 2853 valeat,
1311 2773 1364 2838 vel

183 2891 300 2961 'sallem
325 2871 453 2960 eetione
476 2895 612 2960 iuridica
634 2895 764 2962 defendi
786 2897 896 2980 possit.

277 3017 336 3083 Cui
358 3018 535 3101 quaestioni
550 3020 595 3084 ita
610 3017 871 3082 satisfaciendum
887 3017 1025 3082 ridetur.
1043 3052 1086 3065 -
1105 3017 1237 3082 Publica
1253 3023 1364 3084 aucto-

169 3143 266 3236 ritas
289 3161 372 3225 qnne
394 3162 430 3206 se
452 3141 615 3207 substituit
636 3143 784 3226 privatae
807 3143 925 3206 civium
948 3143 1134 3208 auctoritati
1151 3143 1364 3207 intuitionem

183 3267 303 3332 iurium
328 3263 538 3364 singulorum,
549 3255 619 3332 ‘iti‘
631 3254 790 3353 quemque
812 3269 900 3332 tueri
918 3267 1012 3332 debet
1035 3271 1068 3332 in
1085 3267 1219 3354 pacifica
1235 3290 1366 3336 suarum

276 3461 316 3530 (l)
336 3462 377 3515 Ex
396 3462 477 3516 dictis
496 3463 558 3515 fluit
576 3461 680 3516 solutio
699 3462 899 3517 celeberrimas
919 3461 1104 3533 qimestionis3
1130 3481 1164 3514 an
1188 3479 1286 3533 nempe
1306 3480 1366 3532 pos·

185 3565 273 3619 sessio
292 3571 322 3618 in
339 3567 403 3620 iure
421 3584 456 3620 en
475 3567 505 3620 in
522 3571 599 3639 facto
619 3567 762 3621 consistat.
776 3567 844 3620 Visa
858 3572 900 3623 est
913 3567 986 3621 enim
1001 3568 1134 3621 Bassiano
1148 3573 1176 3621 et
1188 3567 1260 3633 aliis,
1275 3570 1366 3637 potius

185 3674 216 3723 in
234 3672 299 3726 iure
317 3688 400 3742 quem
419 3673 449 3724 in
466 3676 540 3742 facto
560 3672 713 3726 consistere
734 3673 879 3742 possessio,
890 3673 955 3744 qnia
974 3674 1017 3726 ins
1036 3674 1129 3742 gignit
1147 3677 1176 3727 el
1194 3675 1261 3742 quia
1278 3675 1308 3726 in
1327 3674 1367 3727 le-

186 3779 269 3848 gibus
288 3778 438 3851 aliquando
456 3783 628 3834 memoretur
646 3783 691 3833 ius
708 3782 899 3850 possessionis,
911 3797 1010 3850 nempe
1024 3810 1037 3822 ·
1050 3780 1112 3849 plus
1132 3779 1200 3833 iuris
1220 3780 1305 3833 habet
1319 3781 1365 3850 qni

186 3887 312 3958 possidet
329 3903 414 3958 quem
432 3887 479 3958 qui
498 3903 555 3942 non
572 3887 697 3958 possidet
715 3917 730 3930 ·
749 3905 783 3943 ex
805 3890 824 3942 l.
842 3891 863 3941 2
881 3891 911 3960 ff.
937 3890 980 3942 Uti
994 3905 1079 3958 poss,
1090 3892 1118 3943 et
1137 3888 1203 3959 quia
1216 3887 1366 3942 nonnullae

188 4012 323 4065 personae
342 3996 386 4049 ius
403 3995 509 4050 hebent
526 3996 682 4066 possidendi
708 4001 738 4052 et
762 4001 806 4051 ius
829 3999 1012 4068 possessionis
1040 3998 1068 4052 in
1097 3997 1167 4050 alios
1185 3998 1365 4052 transferunt.
1437 4071 1441 4078 Ι

188 4125 224 4140 ·-
241 4097 296 4152 Sed
314 4095 575 4151 contradicendum
594 4101 638 4152 est
657 4073 859 4167 possessiouem
878 4115 932 4152 non
946 4099 975 4152 in
994 4100 1056 4153 iure
1076 4099 1123 4153 sed
1143 4101 1172 4152 in
1188 4103 1260 4164 facto
1275 4100 1366 4152 consi·

188 4208 280 4269 εἰει-ος
298 4203 360 4257 iura
379 4203 453 4259 enim
472 4204 547 4274 parit
564 4220 620 4258 non
640 4222 675 4260 ex
694 4222 723 4259 se
742 4205 789 4260 sed
809 4223 844 4260 ex
863 4205 982 4260 tuitione
1002 4206 1173 4259 extrinsecus
1193 4206 1218 4260 ei
1238 4223 1367 4260 conce-ssa

189 4325 208 4361 s
219 4306 293 4376 leges
306 4323 392 4378 quare
404 4308 540 4377 possessio
553 4312 596 4363 est
608 4313 724 4380 fection,
737 4310 785 4364 sed
804 4311 893 4365 evasit
906 4314 1012 4380 sactum
1025 4311 1176 4364 iuridicum
1189 4311 1367 4380 dispositione

190 4409 274 4481 legis
291 4409 334 4466 Cf.
354 4410 479 4481 Ruggeri
498 4429 542 4483 op.
562 4413 644 4478 cias
668 4415 716 4466 73.

339 4517 399 4571 Suc.
417 4517 505 4588 Lepa.
1193 4519 1226 4573 15
