3350 5117
526 312 570 358 us
595 312 732 359 runicus
756 310 1021 359 nocuusmsmcrs
1295 292 1358 360 561

275 433 304 519 l)
328 453 454 518 nempe,
479 432 563 518 quod
586 439 679 499 actm
701 439 735 500 et
757 453 833 499 reus
856 436 921 500 sint
947 441 1167 512 contumaces;

271 559 306 647 2)
330 560 414 645 quod
438 562 526 627 solus
548 566 659 636 acuum

271 684 306 771 3)
332 684 414 770 quod
437 684 524 750 solus
548 705 634 751 reus.

272 808 350 875 569.
375 810 414 874 In
437 810 542 894 prima
572 809 746 896 hypothesi
769 808 807 875 in
837 810 990 876 ciuilibus
1013 810 1168 877 habemus
1193 811 1282 877 litem
1306 811 1362 878 de·

183 936 313 1004 sermm,
331 951 425 1016 quam
450 930 548 997 iudex
570 930 741 1015 aliquando
758 931 928 997 declarare
951 937 1057 1017 potest
1078 932 1120 997 ad
1143 932 1362 1018 perimendam

184 1055 377 1129 instantiam,
401 1055 508 1140 prouti
532 1054 765 1138 explicavimus
787 1058 968 1121 tractantes
990 1056 1034 1122 de
1051 1056 1287 1138 peremptione
1309 1056 1363 1121 in·

183 1181 390 1246 standarum
406 1200 438 1245 n.
454 1180 521 1245 309
536 1180 569 1244 in
585 1180 656 1244 iure
672 1198 743 1244 can.
757 1216 800 1230 -
816 1181 856 1245 In
873 1180 1108 1249 criminalibus
1121 1187 1229 1247 autem
1246 1203 1287 1247 ne
1304 1184 1363 1247 cri·
1467 1220 1471 1227 ·

184 1304 273 1369 mina
295 1306 360 1370 sint
383 1306 547 1391 impunita,
571 1302 671 1369 iudex
693 1305 806 1389 poeuis
829 1311 1035 1371 contumaces
1060 1310 1199 1371 coercet.

274 1428 350 1493 570.
376 1430 414 1492 in
437 1427 580 1494 monada
602 1428 776 1514 hypothesi
807 1434 923 1495 contra
948 1434 1098 1499 actorem
1121 1434 1363 1511 contumacem,
1467 1446 1469 1451 ’

186 1551 269 1619 haec
292 1557 368 1619 sunt
389 1556 577 1637 comparata
596 1551 748 1624 remedia,
766 1572 848 1637 quae
872 1558 980 1619 tamen
1004 1573 1069 1618 uon
1085 1554 1288 1639 applicantur
1304 1554 1365 1619 nisi

185 1676 353 1743 declarata
375 1679 425 1748 sit,
450 1676 543 1742 modo
559 1695 621 1761 quo
644 1674 793 1751 diximus,
817 1677 920 1762 partis
943 1678 1154 1745 contumacia.
1172 1680 1215 1744 Et
1236 1680 1300 1746 hoc
1318 1697 1367 1745 se·

187 1803 254 1869 met
277 1820 338 1886 pro
360 1820 497 1885 semper
518 1800 724 1867 advertimus.

281 1923 312 2008 1)
335 1926 458 1990 Actore
481 1944 546 1989 non
570 1929 779 2011 comparente
802 1926 836 1990 in
861 1927 1001 1991 termino
1028 1927 1187 1992 citationis
1211 1946 1267 1991 reo
1291 1928 1366 1992 inti·

188 2051 306 2127 matae,
329 2044 370 2111 ad
393 2045 536 2112 eiusdem
555 2046 608 2113 rei
621 2046 831 2119 instantiam,
850 2046 947 2113 iudex
969 2044 1120 2113 effectum
1144 2049 1303 2129 citationis
1318 2069 1368 2116 re

189 2169 308 2239 scindit
337 2190 404 2243 seu,
428 2172 474 2236 uti
498 2170 561 2236 dici
587 2171 678 2243 solet,
702 2170 973 2239 circumducitur
995 2193 1053 2238 seu
1076 2172 1366 2240 circnneacribitur

187 2296 356 2380 edictum;
379 2301 413 2361 et
434 2301 527 2361 actor
550 2315 614 2360 non
638 2294 817 2360 admittitur
839 2295 880 2360 ad
904 2296 1000 2361 aliam
1020 2298 1215 2372 citationem,
1232 2299 1293 2363 nisi
1310 2318 1368 2363 reo
1440 2274 1445 2291 ¹

189 2423 297 2489 sotoat
319 2440 500 2504 capenam,
521 2424 555 2485 et
577 2425 721 2504 praestet
744 2420 935 2488 cautionem
959 2422 1001 2488 de
1023 2442 1059 2489 ae
1081 2423 1186 2489 iudici
1208 2424 1366 2493 sistendo.

189 2545 219 2611 Α
243 2550 442 2619 contumace,
459 2546 529 2609 sire
551 2550 662 2637 actore
678 2545 747 2609 sive
763 2563 831 2617 reo,
848 2545 987 2628 refectio
1004 2566 1245 2631 expensorum.
1262 2548 1302 2614 de
1318 2550 1367 2614 iu-

189 2672 276 2737 stitia
298 2691 427 2757 semper
449 2670 609 2757 exigenda
631 2673 694 2744 est;
722 2672 828 2736 cautio
852 2691 941 2745 vero,
955 2672 1009 2739 'de
1030 2690 1066 2738 ae
1088 2672 1194 2739 iudici
1207 2668 1366 2751 sistenda,

190 2798 333 2882 exigitur
356 2796 483 2879 quando
498 2796 568 2882 ipse
590 2800 765 2861 contumax
779 2814 801 2860 a
816 2816 875 2861 sua
891 2796 1048 2863 recedens
1067 2798 1270 2863 coutumacia
1289 2818 1367 2882 qua-

190 2940 328 3004 cumque
350 2920 385 2984 in
403 2919 505 2985 stadio
521 2919 629 2985 iudicii
645 2918 794 3005 postulat,
812 2925 848 2984 ut
863 2919 904 2984 ad
926 2920 1083 2985 ulteriora
1100 2922 1317 3007 ·procedatur;
1336 2927 1370 2989 et

190 3046 322 3131 planum
345 3050 440 3110 est*

281 3167 315 3252 2)
343 3168 466 3233 Verum
496 3168 522 3232 si
550 3186 626 3232 reiis
652 3164 750 3231 hahet
771 3166 979 3253 probationes
1004 3173 1143 3253 paratas,
1168 3170 1368 3255 potiusquam

177 3260 338 3355 ‘obtinere
362 3289 464 3356 edicti
479 3288 838 3372 circumscriptionem,
857 3294 1013 3377 expetere
1028 3290 1116 3356 valet
1138 3296 1174 3355 ut
1196 3292 1264 3357 eius
1283 3294 1370 3360 exci-

191 3418 321 3501 piantur
345 3414 559 3501 probationes,
584 3413 716 3479 ahsente
746 3419 868 3488 actore,
893 3435 931 3480 eu
963 3415 1097 3480 consilio
1121 3420 1156 3481 ut
1179 3416 1369 3503 iudexpro·

192 3540 350 3604 nunciare
372 3538 480 3602 valeat
502 3537 694 3602 senteutiam
718 3536 915 3603 definitivam
941 3558 998 3603 reo
1027 3538 1248 3613 favorabilem,
1273 3558 1369 3623 quum

191 3664 287 3729 huius
318 3663 523 3751 probationes
553 3663 722 3737 evincunt,
754 3666 875 3730 actoris
909 3664 1122 3730 intentionem
1156 3664 1370 3749 respuendam

192 3806 273 3852 esse.
299 3789 381 3872 Arg.
405 3804 480 3868 cup.
505 3784 540 3866 3,
561 3784 592 3849 h.
617 3790 637 3849 t.
662 3786 697 3849 X

265 3910 315 3996 3)
340 3910 474 3986 Quando
498 3908 540 3975 tis
562 3910 624 3973 iam
649 3909 747 3975 fuerit
770 3915 963 3983 contestata,
987 3909 1040 3975 vel
1063 3910 1200 3975 ulterius
1223 3928 1371 3996 progres

192 4057 262 4102 sum
294 4039 336 4101 sit
363 4036 396 4099 io
425 4034 533 4101 iudicii
563 4036 749 4121 agitatione,
776 4042 910 4101 atreus
943 4035 1023 4100 nolit
1045 4034 1175 4121 fatigari
1199 4036 1231 4101 iu
1260 4054 1371 4121 prose-

193 4158 319 4243 quendo
343 4158 469 4232 iudicio,
493 4158 574 4244 petit
603 4178 639 4222 se
668 4156 795 4223 absolvi·
814 4156 859 4224 ab
893 4156 1126 4224 obseruatione
1148 4156 1275 4225 iudicii.
1300 4157 1372 4223 Hoc

193 4286 371 4351 remedium
388 4289 437 4350 est
459 4283 609 4369 pinguius
632 4284 697 4348 alio
721 4283 1027 4357 circumductionis,
1048 4301 1123 4348 nam
1139 4301 1198 4367 per
1213 4280 1275 4348 hoc
1290 4284 1372 4349 tolli-

191 4410 248 4471 tur
271 4410 395 4470 tantum
418 4406 522 4470 virtus
545 4404 652 4470 factae
675 4404 843 4471 citationis
866 4411 898 4470 et
928 4402 1205 4470 absolvitur'reus
1227 4403 1268 4469 ab
1292 4405 1370 4489 ipsa,

337 4529 397 4583 Soc.
417 4528 502 4598 Lepa.
1194 4526 1229 4583 36
