3350 5117
526 321 570 368 nn
594 321 732 369 roorons
757 321 1021 370 nccnnsrasrrcrs
1296 306 1361 372 377

187 441 284 507 habet
318 445 508 530 Fcpnonns
542 446 573 512 h.
606 452 627 511 t.
658 447 696 512 in
726 465 799 530 cap.
834 447 896 518 20.
929 447 960 512 h.
992 457 1013 514 t.
1044 469 1079 513 n.
1105 449 1148 531 9,·
1179 449 1286 513 forum
1312 451 1361 515 rei

186 569 265 634 sitae
290 573 323 634 et
346 575 542 652 contractus,
566 572 670 636 minus
693 573 860 658 proprium
884 577 917 637 et
939 574 1029 655 quasi
1052 570 1272 651 accidentale;

274 691 308 780 2)
332 693 410 760 hinc
421 695 576 778 seqnitur,
589 696 767 761 certissime
780 716 823 760 ex
835 697 907 761 iure
919 716 990 761 can.
1005 697 1111 762 forum
1127 697 1276 763 domicilii
1290 718 1364 764 con·

184 838 323 884 currere
347 839 419 884 cnm
444 819 516 884 foro
540 823 725 886 contractus
749 825 780 884 et
805 822 856 886 rei
880 823 962 886 sitae
985 826 1019 886 et
1040 819 1113 887 fieri
1142 822 1249 888 locum
1272 842 1363 908 pree·

186 945 341 1026 ventioni,
358 946 402 1010 ita
419 950 454 1009 nt
468 944 564 1010 index
587 944 747 1026 domicilii,
765 947 791 1010 si
815 951 1032 1031 praeoccupet
1054 948 1216 1032 negotium
1234 946 1361 1012 citando

186 1086 278 1132 reum
295 1067 335 1132 ob
351 1073 552 1134 contractum
571 1068 647 1134 alibi
660 1067 868 1150 celebratum,
885 1068 1037 1154 impediat
1051 1071 1296 1155 competentiam
1313 1072 1362 1136 iu-

184 1191 265 1257 dicis
289 1192 352 1256 fori
377 1199 578 1268 contractus;
603 1199 636 1260 et
658 1194 729 1258 vice
752 1211 857 1258 versa.

276 1314 309 1401 3)
335 1315 488 1380 Nonnulli
503 1321 654 1380 auctores
670 1316 844 1401 opinantur
859 1313 966 1380 forum
983 1313 1134 1381 domicilii
1150 1335 1214 1380 non
1231 1334 1363 1380 concur·

186 1457 263 1504 rere
280 1459 353 1504 cnm
377 1439 449 1504 soro
473 1441 522 1504 rei
546 1441 635 1520 sitae,
652 1436 708 1504 sed
731 1438 794 1504 hoc
810 1438 857 1502 illi
874 1438 1076 1525 praevalere.
1096 1438 1249 1512 Quamvis
1264 1438 1362 1504 fatea-

185 1582 259 1626 mur
283 1562 345 1628 hoc
369 1562 505 1630 forsitan
528 1581 641 1628 verum
662 1581 732 1626 esse
748 1563 819 1627 iure
835 1581 927 1634 rom„
944 1582 1099 1648 negamus
1114 1562 1176 1627 hoc
1191 1562 1364 1627 observan-

185 1687 260 1752 dum
279 1708 349 1753 esse
366 1690 436 1753 iure
451 1707 534 1769 can,
551 1689 742 1773 praesertim
767 1687 806 1752 ob
831 1690 1028 1754 contrariam
1044 1689 1171 1773 praxim
1188 1688 1361 1768 forensem,

184 1814 225 1878 de
249 1834 314 1898 qua
338 1814 590 1882 luculentissime
613 1819 772 1879 testantur
797 1813 941 1878 Barbosa
963 1813 1001 1878 in
1029 1832 1104 1896 cop.
1128 1812 1162 1886 3,
1187 1813 1217 1877 h.
1236 1819 1256 1878 t.
1273 1835 1307 1878 n.
1323 1813 1363 1896 2,·

188 1938 337 2024 Pirhing.
363 1939 393 2004 Ιι.
418 1945 439 2006 t.
463 1960 497 2004 n.
529 1939 597 2022 1193
627 1938 785 2006 Gonzalez
818 1937 927 2002 Tellez
953 1938 991 2003 in
1021 1957 1096 2021 cop.
1127 1937 1161 2011 3,
1193 1957 1227 2002 n.
1262 1939 1293 2018 9,
1327 1943 1360 2004 et

187 2061 481 2148 Schmalzgrueber
504 2063 536 2127 h.
560 2068 581 2127 t.
606 2083 639 2128 n.
664 2063 722 2128 57.

277 2191 311 2276 4)
335 2192 486 2256 Attamen
511 2189 681 2273 aliquando
705 2189 855 2254 iudicium
879 2190 994 2273 agitari
1019 2209 1083 2254 non
1107 2192 1221 2274 potest,
1246 2189 1307 2253 nisi
1330 2189 1362 2253 in

186 2315 260 2379 foro
288 2317 337 2379 rei
367 2316 456 2386 sitae,
493 2319 605 2400 utputa
635 2314 784 2378 iudicium
815 2313 1036 2379 restitutionis
1068 2313 1302 2395 spoliatorum,
1331 2317 1363 2376 et

186 2443 266 2503 tnnc
289 2438 534 2503 accidentaliter
567 2437 672 2503 forum
708 2437 873 2504 domicilii
902 2455 966 2501 non
1002 2438 1169 2502 concurrit
1198 2457 1270 2503 cum
1299 2439 1362 2503 alio

186 2564 239 2629 rei
262 2563 357 2629 sitae.

253 2767 260 2780 .
277 2687 311 2774 5)
336 2689 468 2752 Domum
491 2689 525 2752 in
548 2688 611 2752 hoc
626 2688 824 2774 propositum
840 2686 1041 2766 advertatur,
1057 2685 1225 2750 admodum
1241 2687 1363 2750 instare

188 2812 237 2876 ius
262 2831 441 2882 commune,
467 2815 501 2876 ut
531 2816 704 2876 serventur
734 2811 785 2876 isti
815 2808 898 2874 modi
930 2807 1083 2873 sortiendi
1113 2809 1228 2890 iorum,
1247 2811 1363 2894 quippe

187 2933 325 3002 mirifice
339 2937 519 3004 inserviunt
531 2936 668 3001 faciliori
685 2955 857 3001 causarum
875 2934 1081 3021 expeditioni
1097 2935 1173 2998 hinc
1189 2935 1221 2997 in
1237 2951 1312 3016 cop.
1329 2931 1362 3005 3,

188 3064 218 3127 n.
245 3069 267 3127 t.
292 3063 327 3127 X
347 3061 546 3126 decernitur:
574 3082 594 3122 ‹
609 3058 699 3126 Sanc
721 3061 751 3126 si
774 3060 941 3143 Episcopi
963 3061 1053 3125 inter
1071 3077 1156 3144 qnos
1175 3077 1280 3123 consa
1293 3076 1364 3122 ucr-

185 3191 295 3266 sane,
319 3185 389 3250 sint
403 3183 618 3249 diversarum
630 3183 904 3266 prouinciarum,
920 3183 977 3248 itte
998 3181 1137 3246 Primos
1160 3181 1216 3245 det
1237 3180 1363 3245 indices

187 3309 224 3373 in
248 3309 346 3374 cniin
364 3307 546 3391 provincio
569 3312 616 3372 ert
639 3307 732 3373 tocns
755 3305 824 3390 (seu
848 3325 902 3370 res
925 3303 1114 3387 immobilis),
1130 3304 1172 3369 de
1194 3323 1261 3388 qno
1284 3323 1363 3369 con·

188 3432 339 3497 tenditur
354 3452 385 3496 ›.
411 3433 448 3496 ln
473 3451 546 3514 cop.
570 3451 649 3498 vero
668 3431 699 3505 7,
717 3431 767 3496 De
785 3430 901 3512 prieti.
926 3431 964 3495 in
987 3429 1080 3514 6(V,
1107 3430 1141 3515 7)
1158 3430 1203 3493 ita
1216 3424 1364 3515 {explicat

189 3553 261 3617 lun.
280 3555 293 3616 l
299 3553 330 3618 V
347 3553 550 3640 privilegium
573 3553 731 3637 aliquibus
750 3571 938 3616 concessum
955 3557 990 3617 nt
1005 3552 1130 3615 nonnisi
1148 3569 1257 3615 coram
1274 3555 1363 3649 certo

187 3680 293 3744 iudice
310 3680 553 3752 conveniantur,
566 3678 760 3744 decernens:
781 3677 1053 3744 ‹Declaratione
1064 3676 1300 3763 irrefrapcbiti
1311 3677 1365 3743 de·

186 3803 329 3890 finimus
347 3804 439 3889 qnod
455 3810 766 3890 quantumcumque
781 3803 830 3870 sic
845 3804 994 3886 eoccrnpti
1005 3803 1179 3889 pendeant
1202 3802 1363 3884 libertate,

188 3932 411 3999 nihilominus
435 3937 547 3997 tamen
570 3929 704 3996 ratione
727 3928 849 4002 delicti,
874 3928 943 3994 sive
966 3933 1158 3995 contractus
1181 3932 1242 3993 ont
1255 3928 1306 3993 rei
1322 3928 1365 3994 de

188 4077 258 4140 pua
283 4063 402 4123 contra
425 4059 517 4140 ipsos
539 4057 664 4142 coitur,
688 4056 753 4120 rite
772 4061 917 4137 possunt
944 4073 1061 4121 coram
1085 4055 1238 4119 iocorum
1264 4051 1365 4117 Ordi-

186 4183 299 4248 ncriir
323 4183 506 4258 conveniri,
532 4189 562 4248 et
584 4182 634 4248 itti
657 4181 772 4268 quood
796 4181 859 4248 troc
880 4180 1035 4246 suumin
1052 4179 1364 4262 ipsosiniisdiclio-

188 4327 268 4374 nem
288 4313 396 4390 prout
418 4307 472 4373 ins
494 4306 599 4392 enipi!
629 4324 791 4372 encrcere
808 4325 838 4368 ιι.
874 4305 963 4385 Nam,
996 4305 1039 4369 uti
1062 4304 1235 4376 innuimus,
1260 4303 1366 4368 huius-

188 4429 275 4497 modi
298 4430 384 4496 modi
410 4429 565 4496 sortiendi
592 4429 699 4494 lorum
727 4428 924 4494 innituntur
953 4432 1178 4513 praesumptae
1205 4418 1366 4493 voluntati
1409 4497 1415 4506 ,
