3350 5117
316 233 364 299 36
846 254 930 301 raas
954 252 977 299 1.

408 376 443 463 2)
468 376 506 441 ln
522 376 711 443 criminibus
725 396 805 441 vero
828 376 977 462 publicae
999 377 1120 441 actioni
1142 396 1201 441 seu
1222 374 1419 441 accusationi
1437 373 1500 439 ob-

319 502 436 575 noxiis,
452 500 544 566 adest
558 522 689 587 semper
702 500 830 586 quidam
847 498 982 566 effectus
997 500 1103 565 civilis
1116 498 1359 587 persequendus
1373 504 1500 565 matum

318 626 360 691 ab
384 647 423 691 eo
443 626 525 701 cire,
543 626 659 691 damno
682 623 799 691 affecto
822 647 866 690 ex
881 628 1027 691 crimine.
1044 626 1173 690 Etenim
1194 626 1328 703 crimen,
1340 622 1504 707 publicae

318 749 591 815 animadversioni
621 749 798 829 subiicitur,
826 754 985 832 quatenus
1018 750 1053 813 in
1081 748 1172 813 laeso
1198 749 1287 821 cive,
1311 748 1499 813 universam

319 874 470 941 deturbat
492 872 651 961 publicam
675 876 832 959 quietem;
853 873 1052 941 submittitur
1072 880 1180 939 autem
1203 874 1322 937 actioni
1341 872 1505 956 priuatae

321 1002 447 1067 ratione
472 1002 555 1067 illius
578 1003 632 1085 qui
647 1000 797 1065 damnum
820 1002 982 1087 persensit
1003 1002 1037 1065 in
1056 1000 1149 1065 bonis
1171 1018 1250 1065 suae
1271 1018 1431 1083 personae
1445 999 1499 1063 vel

320 1124 505 1209 patrimonii
532 1124 592 1187 eui.
611 1124 743 1195 Dicitur,
760 1128 837 1188 tunc
859 1124 913 1209 agi
937 1122 1329 1235 effla&
1344 1126 1378 1218 et
1396 1119 1503 1203 quoad

320 1244 455 1313 effectus
478 1247 600 1339 civiles,
624 1246 749 1314 admitti
772 1250 1018 1319 transactiones,
1041 1246 1292 1333 exploratissimi
1315 1214 1476 1341 iuris-{i

335 1348 445 1457 ““““3)
468 1344 605 1446 onina
628 1370 668 1435 aa
686 1368 826 1435 erimine
841 1346 1020 1457 'agebam
1045 1336 1350 1435 Meuia·
1364 1368 1412 1433 aa
1430 1386 1501 1451 pe

320 1494 446 1561 blicam
468 1494 663 1567 vindictam,
681 1500 758 1557 tunc
775 1493 961 1579 transigere
976 1492 1017 1557 de
1039 1493 1177 1559 crimine
1192 1494 1352 1577 importat
1369 1490 1502 1573 aliquid,

320 1620 426 1706 pretio
451 1618 658 1691 aestimabile,
684 1618 730 1682 illi
757 1617 938 1685 concedere
968 1621 1024 1705 qrri
1053 1638 1210 1685 accusare
1236 1617 1379 1690 deberet,
1404 1620 1439 1680 ut
1460 1616 1503 1680 ab

321 1744 504 1813 accusando
528 1744 669 1809 desistat
686 1744 777 1819 Quae
799 1748 987 1827 transactio,
1003 1751 1116 1833 suapte
1129 1752 1257 1817 natura,
1273 1746 1349 1829 quia
1363 1748 1413 1807 est
1427 1762 1503 1808 con-

321 1870 434 1933 ventio
455 1868 592 1953 privata,
617 1888 681 1933 non
705 1869 785 1955 ligat
808 1870 889 1935 alios
911 1872 1001 1935 cives
1024 1872 1074 1935 ius
1097 1868 1256 1935 babentes
1277 1867 1318 1933 ad
1345 1886 1503 1933 accusan-

320 1990 407 2065 dum,
431 1991 485 2056 vel
509 1991 612 2077 ipsum
635 1994 861 2081 Magistratum
877 1995 932 2079 qui
954 2015 998 2060 ex
1013 1991 1119 2059 officio
1134 1993 1198 2059 boc
1220 2010 1380 2077 peragere
1395 1988 1503 2056 debet.

324 2114 374 2180 cf.
399 2112 540 2199 Pirhing
563 2112 594 2177 b.
619 2120 641 2179 t.
665 2135 700 2180 n.
731 2112 794 2188 30,
817 2116 840 2199 ἓ
863 2116 896 2180 4.
927 2114 1031 2191 Unde,
1055 2115 1114 2181 sub
1137 2116 1201 2180 boc
1230 2116 1327 2179 etiam
1357 2119 1503 2201 aspectu,

321 2239 495 2305 conventio
518 2240 647 2325 privata
670 2246 720 2306 est
743 2242 847 2326 impar
870 2240 1108 2327 extinguendas
1126 2240 1288 2323 publicae
1309 2239 1444 2307 actioni.

411 2364 459 2431 De
474 2367 545 2431 iure
561 2368 718 2431 canonico
741 2370 777 2434 ut
797 2367 985 2441 disseratur,
1001 2388 1023 2431 a
1044 2368 1116 2432 iure
1138 2367 1358 2431 &manorum
1375 2364 1503 2429 initium

321 2489 514 2557 sumendum
530 2498 590 2557 est.
607 2492 828 2557 Fundamenta
843 2494 938 2558 huius
953 2492 1164 2578 legislationis
1180 2494 1211 2556 in
1227 2491 1292 2557 hnc
1304 2491 1503 2577 propositum

322 2620 386 2683 iam
409 2618 653 2685 delineavimus.
678 2618 874 2687 lastinianus
905 2621 1087 2705 Imperator
1112 2619 1276 2701 antiquam
1300 2617 1501 2702 disciplinam

243 2780 246 2786 ·
321 2760 387 2807 non
409 2740 580 2807 admodum
603 2742 749 2821 mutavit,
772 2742 848 2825 quia
870 2742 903 2805 in
927 2740 1209 2807 coelestiane
1232 2744 1339 2805 trane.
1363 2759 1407 2804 ex
1428 2758 1505 2803 con·

321 2868 488 2933 stitutione
513 2866 702 2933 Diocletiani
727 2870 759 2932 et
782 2867 971 2931 Maximiani
994 2865 1149 2933 edicitur:
1175 2886 1194 2930 ‹
1221 2866 1427 2952 Treneipere
1448 2865 1502 2930 vel

323 3095 434 3164 privati.
455 3094 505 3161 lta,
519 3095 578 3150 iure
598 3095 807 3161 Germanorum,
821 3100 914 3152 certae
933 3100 1016 3151 taxea
1035 3096 1206 3150 constitutae
1223 3096 1304 3148 erant
1321 3108 1372 3161 pro
1389 3092 1505 3161 singulo

321 3202 449 3269 crimine,
463 3202 629 3271 repetendae
648 3203 683 3255 ab
702 3218 735 3257 eo
748 3202 794 3273 qui
808 3202 913 3256 crimen
927 3217 1024 3270 passus
1035 3202 1128 3255 tuerat
1140 3204 1224 3270 atque
1237 3201 1273 3252 ab
1286 3200 1347 3253 eins
1365 3199 1505 3267 sangnine

322 3309 492 3362 coniunctis:
512 3308 547 3360 cl.
560 3306 696 3376 Schnpler
714 3308 797 3361 Delta
811 3307 969 3361 Istituciom'
988 3305 1122 3359 Politicbe
1141 3305 1380 3374 Lonyobardiclre,
1394 3304 1454 3359 Lib.
1468 3302 1500 3357 ll.

323 3409 573 3481 Scbmalzgrueber
585 3412 612 3464 lt.
625 3421 642 3464 t.
656 3430 682 3465 η.
697 3412 724 3475 9,
738 3414 831 3480 refert,
845 3413 874 3465 in
888 3412 970 3466 ltalia
988 3410 1200 3475 transactiones,
1218 3412 1273 3463 iam
1293 3409 1420 3464 inductas
1437 3398 1505 3478 lege'

323 3528 448 3583 romana,
467 3518 542 3569 ratae
566 3514 676 3569 habitas
699 3516 785 3570 {nime
808 3520 838 3570 et
862 3516 986 3569 moribus
1011 3519 1145 3585 receptas
1165 3514 1262 3580 Hodie,
1280 3513 1353 3583 apud
1375 3511 1504 3568 excultas

322 3620 462 3685 nationes,
474 3620 568 3674 omnia
586 3621 704 3675 crimina
722 3625 752 3675 et
769 3620 872 3675 delicta
889 3626 955 3675 snat
973 3622 1094 3676 obnoxia
1112 3620 1242 3690 publicae
1260 3618 1438 3685 auctoritati;
1453 3618 1504 3672 sed

322 3726 405 3777 caute
425 3723 635 3793 distinguuntur
653 3726 769 3779 effectus
787 3726 949 3780 criminales
968 3729 998 3781 at
1015 3726 1131 3781 effectus
1151 3726 1255 3792 ciuiles,
1272 3724 1306 3779 da
1324 3726 1425 3795 quibas
1442 3722 1503 3793 pri-

322 3828 382 3881 vati
402 3828 587 3899 paciscuntur,
611 3832 675 3885 Cod.
697 3830 754 3885 Ciu.
770 3832 845 3885 Gall.
857 3850 883 3885 a.
895 3830 989 3884 2046.
1011 3830 1163 3886 Praeterea
1180 3831 1393 3899 distinguuntur
1411 3839 1506 3883 mans·

322 3936 483 4005 pressiones
497 3938 762 4005 (coerraeeenztoni)
775 3938 804 3992 in
822 3939 950 4009 politiam
967 3943 997 3993 et
1009 3939 1190 3994 securitatem
1208 3938 1332 3991 civitatis
1343 3953 1416 4008 quae
1428 3938 1506 3990 mab

322 4043 373 4096 ctis
385 4040 506 4113 aliisque
519 4044 676 4098 mitioribus
688 4045 784 4115 poenis
796 4048 1017 4115 compescuntur.
1030 4044 1072 4098 Ex
1084 4043 1149 4098 eoa
1164 4042 1225 4098 ltal.
1238 4041 1356 4115 poenal,
1369 4052 1422 4097 cit.
1434 4042 1504 4095 372

321 4150 381 4217 52,
394 4146 504 4202 ratione
522 4149 669 4219 parvitatis
687 4150 821 4205 materiae
841 4154 870 4204 et
887 4166 923 4205 ne
941 4149 1043 4204 iudicia
1061 4149 1291 4220 multiplicentur,
1303 4148 1440 4203 nonnulla
1455 4146 1505 4201 de-

322 4256 392 4312 licta
410 4257 488 4328 parvi
508 4259 640 4312 momenti
654 4274 709 4312 non
722 4258 876 4328 puniuntur
894 4259 946 4312 nial
960 4258 994 4312 ad
1006 4258 1169 4313 instantiam
1182 4257 1260 4313 laesi.
1273 4257 1344 4312 Sunt
1358 4256 1438 4329 quasi
1450 4257 1504 4311 dc·

324 4364 391 4419 licta
404 4365 528 4436 priuata,
547 4380 619 4437 quae
637 4381 691 4418 non
711 4368 846 4436 respuunt
863 4365 1074 4420 transactiones
