3350 5117
548 338 594 385 os
616 338 756 386 runicus
779 338 1046 387 scenesnsrrcrs
1344 320 1390 387 53

205 463 290 547 ffb.
307 468 339 535 t,
357 462 420 527 nisi
442 460 483 529 ob
499 461 748 528 consuetudines
761 461 907 528 locorum
930 469 986 530 aut
1001 465 1145 529 rationes
1168 464 1389 549 particulares

206 588 330 655 admitti
354 590 425 673 quis
448 590 563 674 possit:
587 588 629 653 cf.
654 586 878 670 Reiffenstuel,
903 589 934 653 b.
960 594 980 653 l.
1004 609 1038 653 n.
1063 588 1132 672 39;

296 709 331 797 3)
354 711 650 808 excommunicatus
673 729 739 775 non
769 710 937 793 toleratus,
961 730 1018 777 seu
1048 710 1208 777 vitandus.
1233 712 1388 777 Attamen

206 833 235 897 si
257 806 516 919 eligatur-‘atque
530 803 572 897 in
596 852 694 899 causa
716 835 919 919 pronunciet,
934 834 1064 901 laudum
1080 834 1279 921 probabilius
1295 839 1386 901 tenet

204 958 355 1039 quianon
370 962 419 1023 est
429 964 520 1023 actus
531 956 770 1024 iurisdictionis.
784 956 832 1023 ct.
844 958 973 1031 Suarez,
984 958 1034 1024 De
1049 958 1218 1033 Censoris,
1228 958 1322 1043 Disp.
1332 958 1385 1034 16,

203 1080 248 1144 cf.
273 1100 348 1165 cop.
372 1080 434 1162 39,
457 1082 508 1147 De
531 1081 622 1148 Seat.
646 1102 813 1149 excomm.
837 1082 872 1145 X
892 1082 946 1167 (V,
972 1082 1049 1163 39);

295 1208 329 1292 4)
352 1208 494 1274 foemina
510 1229 553 1273 ex
564 1227 640 1292 cop.
657 1208 690 1284 t,
708 1209 739 1273 b.
757 1214 777 1273 t.
792 1208 916 1273 Verum
933 1208 973 1273 ob
988 1208 1175 1293 dignitatem
1192 1228 1255 1293 qua
1271 1207 1381 1293 pollet,

204 1338 318 1417 utputa
342 1330 475 1419 regiam,
498 1331 551 1398 rel
582 1332 622 1397 ob
652 1333 881 1419 particularem
912 1333 1120 1399 eminentiam
1147 1333 1382 1397 scientiaeaut

203 1458 335 1523 uirtutis
359 1456 422 1544 (l);
447 1458 499 1523 vel
523 1457 563 1522 ob
585 1458 650 1523 luci
674 1457 938 1523 consuetudinem
961 1477 1105 1542 congrue
1129 1457 1302 1542 aliquando
1325 1478 1381 1523 ar-

203 1581 281 1647 bitri
304 1580 409 1647 officio
433 1583 525 1669 fungi
547 1583 644 1648 valet.
669 1583 718 1649 cf.
743 1579 954 1649 Reiffenstuel
979 1582 1010 1647 b.
1036 1588 1057 1647 t.
1081 1602 1115 1647 a.
1140 1582 1192 1647 41.

293 1706 328 1792 5)
351 1706 543 1793 Religiosus,
567 1708 629 1772 nisi
651 1708 828 1792 superioris
852 1707 986 1773 accedat
1010 1726 1196 1774 consensus.

292 1828 327 1913 6)
351 1830 389 1893 lu
414 1828 556 1895 iudicem
579 1828 779 1894 ordinarium
793 1830 1008 1914 compromitti
1027 1834 1141 1914 potest,
1158 1848 1232 1915 ary.
1250 1847 1326 1913 cap.
1345 1829 1378 1909 7,

200 1951 234 2017 b.
260 1956 294 2017 t„-
316 1948 402 2018 unde
424 1920 609 2019 correctum
631 1954 693 2019 fuit
714 1956 764 2021 ius
790 1955 887 2021 civile
911 1974 1093 2021 romanum:
1117 1950 1154 2039 (l.
1180 1953 1211 2028 9,
1236 1954 1258 2036 5
1280 1952 1317 2029 2,
1341 1956 1378 2037 ff.

201 2076 235 2141 b.
259 2081 307 2159 t).
332 2078 428 2144 Ratio
452 2078 629 2161 repetenda
650 2097 694 2144 ex
715 2077 823 2143 indole
845 2079 925 2143 iuris
951 2078 1109 2149 canonici,
1134 2077 1292 2162 cupientis
1318 2096 1380 2163 per

197 2202 342 2271 arbitros
376 2202 450 2269 lites
484 2205 711 2281 determinari;
741 2205 783 2270 cf.
818 2204 943 2279 Devoti‚
979 2204 1039 2270 Ius
1072 2204 1154 2271 Can.
1190 2202 1221 2267 h.
1252 2208 1273 2267 t.
1300 2203 1323 2285 5
1348 2202 1380 2278 9,

127 2340 130 2344 ’
199 2337 270 2398 not.
297 2331 333 2396 2.

289 2455 324 2543 7)
348 2454 526 2550 Quaeritur
548 2474 591 2519 an
613 2453 698 2527 laici,
720 2454 836 2520 arbitri
861 2474 931 2521 esse
953 2455 1077 2541 possint
1100 2455 1133 2518 in
1158 2455 1263 2519 causis
1286 2454 1382 2539 spiri·

197 2580 348 2646 tualibus.
374 2581 470 2645 Ratio
493 2577 690 2645 difficultatis
713 2580 819 2645 oritur
841 2600 884 2645 ex
907 2586 1024 2645 natura
1045 2580 1180 2644 istarum
1204 2598 1376 2645 causarum

196 2701 241 2767 ad
262 2699 406 2766 tribunal
429 2701 702 2783 Ecclesiasticum‚
725 2703 771 2767 uti
802 2702 1043 2787 explicabimus,
1067 2702 1307 2788 pertinentium,
1332 2700 1373 2767 de

194 2826 311 2911 quibus
334 2826 409 2891 laici
432 2824 553 2891 iudices
576 2824 755 2891 decernere
770 2846 834 2890 non
858 2832 999 2911 possunt.
1018 2825 1169 2900 Quaestio
1185 2825 1230 2889 ita
1244 2825 1376 2891 videtur

195 2951 401 3017 resolvenda.
426 2950 459 3016 Si
482 2956 600 3036 agatur
622 2952 662 3017 de
684 2951 823 3019 arbitris
837 2952 924 3019 iuris
940 2954 993 3037 qui
1016 2952 1285 3018 iurisdictionem
1310 2951 1373 3017 ha-

192 3077 284 3151 beat,
308 3078 359 3142 isti
382 3076 500 3142 talibus
523 3079 555 3143 in
578 3080 684 3143 causis
706 3078 821 3144 arbitri
845 3099 916 3143 esse
939 3098 1004 3143 non
1027 3082 1169 3163 possunt,
1187 3078 1302 3163 quippe
1318 3096 1375 3143 ec-

194 3201 399 3267 clesiasticae
423 3200 652 3267 iurisdictionis
675 3204 854 3287 incapaces.
877 3203 924 3267 Cf.
951 3202 1090 3289 Pirhing
1111 3202 1141 3267 b.
1156 3207 1178 3267 t.
1195 3222 1229 3266 n.
1244 3202 1291 3267 21
1304 3222 1373 3287 seq.

191 3325 228 3390 Si
244 3344 326 3389 vero
341 3330 457 3409 agatur
472 3322 512 3388 de
526 3322 659 3389 arbitris
675 3326 992 3408 cornpromissortis,
1009 3328 1062 3409 qui
1080 3324 1200 3391 nullam
1215 3332 1375 3394 exercent

284 3588 325 3657 (l)
344 3588 434 3649 Quum
453 3592 548 3641 nostra
566 3591 660 3641 aetate
678 3604 734 3640 non
753 3589 843 3656 pauci,
862 3587 942 3641 obliti
968 3604 1113 3641 munerum
1143 3590 1271 3643 foeminis
1291 3592 1375 3641 natu·

191 3697 306 3762 ralium,
324 3695 434 3749 easdem
454 3694 488 3748 ud
507 3694 602 3748 munia
621 3694 732 3763 publiea
753 3702 782 3749 et
800 3695 938 3765 graviora,
957 3694 1119 3764 pertrahere
1138 3701 1167 3751 et
1186 3697 1265 3767 quasi
1284 3696 1375 3751 vindi·

186 3816 256 3855 care
275 3800 415 3867 studeant,
434 3802 513 3855 iuvat
532 3801 675 3855 excribere
694 3803 780 3856 verba
797 3800 870 3870 legis
888 3803 937 3855 ult.
960 3802 1068 3856 Codicis
1085 3805 1111 3857 b.
1129 3814 1146 3856 t.
1160 3804 1281 3871 (11,55);
1298 3820 1371 3874 quae

187 3923 246 3961 non
266 3906 372 3977 aliquid
391 3909 457 3962 novi
475 3909 608 3971 referunt,
626 3907 674 3962 sed
693 3910 861 3963 examussim
886 3914 1002 3963 naturae
1021 3909 1112 3978 legem
1132 3912 1300 3979 exprimunt.
1320 3912 1370 3966 Ait

187 4014 299 4064 textus:
310 4010 492 4076 «Sensimus,
504 4010 636 4065 mulieres
653 4028 721 4065 suae
740 4011 890 4081 pudicitiae
910 4029 1046 4067 memores
1065 4018 1093 4068 et
1108 4029 1223 4083 operum
1242 4030 1314 4084 quae
1327 4015 1368 4069 eis

187 4117 293 4167 natura
310 4115 440 4183 permisit
458 4120 488 4169 et
499 4130 517 4167 a
528 4114 629 4185 quibus
647 4129 695 4169 eas
711 4116 794 4169 iussit
805 4117 955 4183 abstinere,
969 4117 1036 4171 licet
1055 4134 1178 4172 summae
1197 4122 1283 4189 atque
1296 4118 1370 4188 opti-

185 4236 252 4274 mae
270 4220 411 4290 opinionis
430 4222 600 4276 constitutae
618 4222 648 4275 in
667 4238 696 4276 se
715 4222 863 4276 arbitrium
883 4225 1064 4293 susceperint,
1083 4224 1136 4292 vel,
1157 4225 1181 4279 si
1199 4227 1306 4281 luerint
1324 4244 1373 4297 pa·

186 4330 296 4395 tronae,
315 4328 428 4384 etiamsi
450 4330 525 4384 inter
552 4329 668 4386 libertos
692 4348 770 4385 suam
796 4333 1015 4402 interposuerint
1040 4335 1218 4404 audientiam,
1238 4338 1273 4389 ab
1294 4340 1371 4391 omni

185 4434 311 4491 iudiciali
330 4437 447 4507 agmine
464 4439 589 4507 seperari
609 4444 663 4493 eto.
683 4459 698 4491 »
