3350 5117
326 324 392 390 306
851 345 935 393 rsus
959 345 980 390 1.

324 465 424 530 tutela
438 465 736 534 administratorum
752 467 955 538 constitutae,
969 467 1098 554 pupillis
1114 471 1211 550 atque
1226 451 1404 532 minoribus
1418 483 1501 530 com-

325 597 498 676 parantur;
525 593 566 658 cf.
591 614 619 660 o.
636 614 663 660 c.
688 594 715 668 1.
735 594 771 675 2,
797 593 830 668 3,
855 595 879 660 5
904 595 936 658 b.
960 600 982 660 t.
999 595 1041 675 X,
1058 599 1091 658 et
1113 595 1141 674 1,
1164 592 1191 657 2
1214 592 1245 657 b.
1270 596 1292 657 t.
1315 592 1354 656 ia
1376 591 1409 656 6.
1436 591 1502 655 Nec

325 714 427 780 refert
442 715 527 800 quod
550 715 728 782 huiusmodi
752 717 900 802 personis
919 721 1034 782 contra
1056 736 1131 782 suos
1154 723 1324 781 curatores
1346 718 1379 780 el
1400 712 1502 778 admi-

326 843 515 908 nistratores
538 847 698 928 competat
713 842 800 910 actio
817 843 865 907 ad
878 843 1049 916 interesse,
1067 848 1102 906 ut
1125 861 1180 906 aas
1200 841 1365 906 indemnes
1381 839 1502 904 saciant

324 966 451 1030 amala
474 968 675 1052 negotiorum
700 965 864 1050 gestiona;
889 985 962 1029 nam
986 965 1061 1048 quia
1084 965 1233 1049 pinguius
1257 967 1306 1030 est
1325 960 1501 1029 remedium

326 1091 535 1157 restitutionis
562 1092 595 1155 in
618 1092 789 1176 integrum,
814 1087 877 1154 hoc
900 1090 1060 1174 praeferri
1085 1094 1196 1175 potest.

411 1215 486 1280 273.
507 1215 632 1281 Exinde
648 1215 807 1300 beneficia
831 1217 1151 1301 comprehenduntur
1174 1216 1303 1280 nomine
1320 1215 1500 1292 Ecclesiae,

324 1337 440 1422 quippe
471 1355 552 1420 qnae
583 1335 723 1422 gaudent
753 1338 823 1402 inre
851 1338 1026 1428 minorum;
1057 1336 1114 1402 sed
1138 1357 1211 1401 cum
1237 1356 1314 1422 pars
1343 1334 1502 1400 bonorum

324 1454 558 1522 beneficialium
575 1456 691 1522 cedant
714 1458 834 1523 clerieo
850 1459 883 1522 in
911 1477 1089 1544 congruam
1112 1459 1385 1530 sustentationem,
1407 1476 1504 1540 quae

324 1585 408 1648 ritur
430 1603 472 1649 an
497 1584 635 1651 clericus
651 1570 798 1652 beneficii
814 1585 1055 1650 administrator
1070 1588 1170 1672 possit
1193 1605 1253 1670 pro
1280 1583 1404 1650 actibus
1423 1603 1504 1648 suae

324 1705 607 1774 administrationis
632 1713 743 1794 petere
766 1708 966 1774 commodum
991 1709 1212 1774 restitutionis.
1228 1743 1270 1756 -
1285 1708 1363 1773 Cum
1388 1707 1503 1793 primis

324 1831 529 1898 advertatur:

415 1957 446 2042 1)
469 1958 622 2023 clericum
646 1978 709 2042 qua
731 1959 828 2024 talem
846 1980 939 2044 posse
962 1959 1181 2027 tantummodo
1198 1961 1351 2024 invocare
1374 1959 1503 2023 restitu-

323 2081 443 2144 tionem
467 2081 591 2144 ratione
619 2081 748 2162 uelutis,
772 2099 837 2144 non
861 2082 986 2146 ratione
1007 2085 1124 2146 aluum.
1143 2081 1230 2145 Hinc
1245 2081 1335 2146 circa
1350 2080 1435 2145 bona
1450 2103 1505 2166 pn-

324 2205 520 2270 trimonialia
546 2205 672 2288 aliaque
704 2207 796 2280 iuria,
821 2209 881 2272 etsi
912 2206 1058 2272 derivata
1085 2227 1104 2272 e
1130 2209 1323 2293 patrimonio
1351 2207 1504 2272 eeclesia·

324 2334 404 2399 atico
419 2353 461 2399 ex
477 2333 570 2400 titulo
590 2355 615 2399 s.
632 2333 841 2400 ordinationis
862 2333 958 2419 (quod
981 2355 1046 2399 non
1063 2339 1113 2400 est
1130 2332 1345 2419 beneficium),
1359 2334 1421 2398 nisi
1438 2334 1502 2397 cle·

326 2457 411 2522 ricus
434 2457 475 2522 sit
497 2457 612 2530 minor,
637 2458 700 2523 hoc
723 2459 802 2523 iuris
826 2459 1003 2524 remedium
1026 2460 1180 2523 invocare
1203 2476 1268 2523 non
1292 2457 1398 2531 valet;

412 2580 445 2666 2)
470 2581 573 2664 quoad
595 2579 743 2648 beneflcii
766 2581 1084 2664 administrationem,
1097 2582 1237 2648 clericus
1260 2587 1372 2666 petere
1395 2587 1504 2665 potest.

322 2705 582 2788 restitutionem,
602 2709 628 2771 si
653 2707 724 2772 iura
747 2708 835 2772 laesa
858 2709 923 2773 sint
944 2705 1092 2773 beneficii
1117 2707 1169 2773 vel
1193 2707 1278 2772 bona
1300 2709 1370 2773 eius
1394 2707 1501 2772 dotem

324 2832 568 2896 constituentia:

411 2955 445 3040 3)
467 2959 494 3022 si
517 2957 616 3022 laesio
641 2955 696 3023 fiat
711 2959 744 3022 in
768 2958 926 3025 fructibus
941 2956 1088 3024 beneficii
1106 2958 1206 3023 cultui
1229 2957 1337 3023 divino
1354 2963 1410 3023 aut
1425 2979 1503 3042 pau-

322 3079 451 3166 peribus
474 3079 648 3152 destinatis
674 3079 769 3146 datur
791 3083 950 3148 restitutio
974 3082 1007 3146 in
1031 3082 1175 3146 favorem
1201 3081 1385 3165 religionis;

412 3207 445 3288 4)
478 3208 506 3272 si
535 3206 634 3271 laesio
664 3203 720 3270 fiat
750 3208 783 3270 in
814 3207 968 3272 reditibus
999 3208 1110 3273 clerici
1142 3226 1307 3293 congruae
1339 3213 1499 3272 sustenta-

322 3328 398 3394 tioni
425 3329 594 3400 concessis,
616 3331 815 3392 communior
838 3333 871 3393 et
893 3327 1090 3414 probabilior
1113 3334 1163 3393 est
1184 3329 1346 3392 sententia
1373 3329 1500 3394 restitu-

322 3453 440 3518 tionem
465 3455 497 3516 in
525 3455 687 3538 integrum
712 3473 776 3518 non
804 3453 883 3519 dari.
902 3489 947 3500 —
971 3454 1020 3519 lta
1043 3449 1254 3519 Reiffenstuel
1270 3452 1301 3516 b.
1326 3459 1347 3517 t.
1370 3473 1404 3517 a.
1429 3452 1500 3536 33;

323 3577 494 3662 Fagnanus
519 3579 551 3642 iu
574 3597 643 3662 cap.
671 3578 939 3659 Consuetudinem
958 3597 1052 3643 num.
1078 3576 1142 3650 30,
1163 3577 1213 3642 De
1236 3577 1441 3651 conaaetud„
1467 3587 1501 3644 et

322 3701 613 3788 Sohmalzgrneber
637 3704 667 3767 h.
694 3709 713 3766 l.
738 3723 772 3768 u.
795 3701 857 3768 23.

410 3827 485 3888 274.
501 3825 695 3892 Conceditur
707 3845 786 3890 vero
803 3825 885 3890 haec
902 3825 1060 3891 restitutio
1075 3825 1190 3888 minori
1206 3831 1322 3890 contra
1338 3826 1496 3890 minorem

322 3957 355 4014 at
367 3950 533 4015 Ecclesiae
545 3955 660 4015 contra
672 3949 860 4031 Ecclesiam,
866 3950 940 4032 quia
951 3947 1127 4016 attenditur
1142 3949 1245 4014 laesio
1258 3968 1341 4032 qnae
1352 3957 1500 4016 meretur

322 4077 554 4142 restitutionem
579 4077 674 4141 etiam
699 4082 813 4141 contra
835 4077 934 4141 alium
950 4077 1106 4141 minorem
1129 4097 1186 4142 seu
1210 4074 1367 4140 adversus
1390 4096 1500 4160 perso

321 4223 394 4268 nam
419 4205 534 4269 minori
557 4209 784 4289 comparatam,
810 4223 852 4268 ne
875 4206 945 4288 quis
968 4203 1064 4269 ditior
1087 4201 1204 4268 evadat
1227 4223 1300 4268 cum
1323 4203 1433 4268 aliena
1456 4205 1500 4268 ia·
1561 4259 1567 4268 .

321 4331 422 4392 ctura.
438 4327 528 4393 Unde
545 4347 607 4391 non
625 4333 728 4413 potest
744 4329 888 4392 invocari
905 4329 1106 4412 principium,
1124 4348 1239 4415 nempe
1257 4322 1500 4414 privilegiatam

321 4453 439 4515 contra
463 4449 598 4533 puriter
621 4449 878 4535 privilegiatum
904 4449 1084 4536 privilegio
1107 4469 1169 4516 suo
1200 4450 1251 4515 uti
1273 4469 1345 4516 noa
1364 4454 1499 4534 potest3
