3350 5117
534 306 578 353 na
602 305 740 352 runrcus
764 303 1029 352 accussrnsrrcrs
1305 282 1371 350 147

187 434 307 493 contra
329 428 512 495 mandatum
535 428 653 494 dicitur
667 428 822 511 speciale,
840 426 924 511 quod
940 448 1040 493 unum
1061 432 1185 492 tantum
1202 426 1368 513 negotium

189 552 342 619 iudiciale
358 554 411 619 vel
434 555 530 619 etiam
553 573 652 619 unum
675 556 800 618 tanturn
823 556 931 618 actum
945 552 1185 637 processualem
1208 550 1372 636 respiciat.

282 677 388 753 Quum
410 682 551 763 potestas
577 676 618 741 de
640 676 727 742 facto
754 678 960 761 procuratori
990 696 1146 741 concessa
1174 673 1372 741 desumenda

187 804 234 870 sit
256 824 299 868 ex
321 802 430 868 verbis
454 802 612 883 mandati,
635 800 676 865 ad
699 800 893 866 auferendas
916 800 1168 886 quamplurimas
1191 799 1371 867 dubietates

185 930 389 996 adhibentur
413 935 523 995 certae
550 927 709 994 formulae
743 930 775 993 in
808 948 868 993 usu
898 926 981 1013 apud
1016 926 1199 1001 tribunalia,
1224 946 1371 1013 quaeque

189 1058 349 1143 leguntur
378 1055 533 1121 collectae
557 1056 593 1119 iu
615 1054 831 1135 formulariis
854 1053 901 1138 (1)
926 1058 960 1119 et
981 1054 1138 1117 nonnulla
1162 1052 1265 1119 rerba
1295 1058 1374 1119 sunt

189 1180 293 1245 veluti
317 1179 473 1244 solemnia
500 1177 623 1263 quibus,
647 1180 720 1243 iure
751 1176 1043 1249 consuetudinario,
1067 1182 1159 1243 certa
1187 1176 1373 1243 adnectitur

188 1299 393 1388 significatio.
414 1302 463 1367 lta
486 1304 518 1366 in
542 1301 691 1367 mandato
711 1300 868 1386 generali,
885 1299 1011 1383 quando
1027 1299 1181 1365 latissima
1196 1300 1277 1365 velit
1291 1320 1370 1365 con·

189 1425 265 1491 cedi
289 1429 430 1509 potestas
453 1425 667 1508 procuratori.
684 1423 856 1489 adhibetur
878 1422 1023 1487 clausula
1038 1443 1116 1488 cum
1133 1422 1240 1489 libera
1255 1422 1309 1489 vel
1331 1426 1371 1487 ut

188 1550 282 1615 alter
312 1567 383 1635 epo,
409 1566 490 1630 quae
517 1547 681 1612 clausulae
711 1551 889 1631 operantur
916 1550 952 1612 ut
980 1547 1081 1631 possit
1111 1553 1314 1631 procurator,
1339 1545 1374 1610 in

189 1674 342 1739 omnibus
372 1675 509 1759 negotiis
535 1673 741 1738 mandantem
774 1678 1032 1759 repraesentare,
1057 1675 1202 1760 exceptis
1231 1672 1375 1739 unove}

189 1799 299 1864 altero
323 1800 476 1884 graviore
503 1818 590 1864 casu.
616 1798 758 1863 Proinde
790 1800 822 1862 in
854 1799 922 1863 ist-is
952 1799 1110 1863 mandatis
1142 1799 1376 1884 procuratoriis

191 1920 390 1987 exercendis
412 1925 444 1986 et
467 1921 701 2007 perpendendis
724 1940 797 1987 cum
820 1920 933 2005 primis
956 1920 1077 1987 attendi
1104 1920 1200 1987 debet
1227 1942 1303 1987 usus
1325 1922 1377 1987 lo·

192 2046 318 2120 rensis;
344 2044 384 2111 de
407 2047 476 2131 ipso
498 2051 604 2112 autem
635 2046 707 2110 iure
729 2046 890 2110 communi
919 2046 1075 2129 quaedam
1107 2051 1291 2112 statuuntur
1318 2065 1372 2110 re-

191 2171 291 2256 gulae
314 2169 356 2235 ad
380 2169 654 2236 determinandam
677 2170 903 2237 mandatorum
927 2172 1004 2237 virn.

288 2294 363 2359 117.
390 2294 447 2400 Q
471 2296 665 2381 inquisitioni
687 2296 732 2385 uti
760 2292 906 2383 QQ.
937 2296 1043 2380 primo
1066 2296 1292 2380 inquirendum
1322 2301 1374 2363 est

190 2439 236 2484 an
259 2418 301 2484 de
330 2420 402 2485 inre
433 2421 591 2485 communi
622 2421 656 2484 in
686 2420 830 2485 omnibus
862 2422 967 2487 causis
998 2428 1192 2507 procurator
1222 2424 1373 2491 constitui

193 2545 305 2630 possit.
323 2544 441 2608 -Est
463 2544 655 2629 principium
679 2544 759 2609 iuris
782 2546 939 2611 naturalis
962 2547 1114 2612 traditum
1137 2549 1171 2611 in
1191 2549 1314 2634 reputa
1329 2548 1381 2614 68-

193 2668 262 2734 a'ur.
287 2669 327 2733 iu
350 2669 374 2733 6
382 2688 392 2729 :
418 2675 566 2751 ‹polest
596 2669 672 2754 quis
698 2690 765 2751 per
795 2671 902 2737 alium
926 2672 1018 2756 quod
1038 2678 1147 2755 polest
1167 2671 1285 2753 facere
1309 2691 1379 2756 per

192 2791 347 2875 seipsum
363 2812 394 2868 »;
412 2810 513 2876 quare
534 2793 680 2859 omnibus
703 2796 735 2859 iu
759 2796 863 2859 causis
886 2801 1080 2880 procurator
1095 2797 1247 2863 constitui
1271 2801 1377 2883 potest

195 2921 258 2985 nisi
282 2938 438 3004 expresse
462 2938 481 2982 a
503 2919 575 2983 iure
597 2917 818 3003 prohibeatur.
842 2921 885 2985 Et
908 2940 926 2985 e
949 2926 1073 2993 contra,
1098 2942 1193 2985 nemo
1224 2924 1296 3008 cogi
1323 2943 1376 3008 po

193 3047 260 3107 test
283 3040 325 3107 ad
341 3046 587 3127 procuratorem
604 3044 871 3126 constituendum,
889 3046 949 3109 nisi
963 3044 1027 3110 hoc
1042 3064 1198 3131 expresse
1214 3045 1374 3122 iubeatur,

193 3189 274 3256 erp.
299 3188 375 3251 cup.
398 3169 435 3249 2,
460 3168 490 3231 b.
516 3174 535 3231 l.
560 3168 595 3233 X
614 3168 653 3252 (l,
677 3169 744 3250 38),
761 3174 793 3235 et
816 3189 892 3253 cup.
916 3171 935 3234 1
958 3172 1007 3236 De
1031 3172 1231 3239 iudicine
1256 3173 1314 3253 (11,
1333 3173 1378 3257 l).

197 3292 350 3357 lamveru
374 3290 413 3355 de
430 3290 502 3355 iure
518 3293 676 3357 communi
701 3294 733 3356 in
758 3294 863 3358 causis
879 3293 1026 3359 civilibus
1042 3299 1236 3378 procurator
1251 3315 1380 3381 semper

195 3417 350 3482 constitui
375 3422 487 3501 potest.
513 3418 729 3504 Excipiuntur
759 3418 916 3483 nonnulla
945 3421 1077 3504 negotia
1105 3419 1375 3492 extraiudicialia

196 3542 299 3607 veluti
323 3540 481 3626 professio
505 3542 605 3623 Fidei,
630 3542 779 3608 visitatio
804 3543 858 3608 SS.
877 3544 1035 3607 Liminum
1059 3563 1102 3607 ex
1117 3545 1375 3628 praescriptione

196 3662 283 3729 Sixti
307 3664 358 3730 V:
383 3670 458 3729 sunt
479 3666 609 3751 negotia
631 3666 743 3729 stricte
767 3666 960 3750 personalia.

196 3914 344 4009 Q
367 3919 508 4005 Q?
530 3916 671 4001 ciuiliter
692 3916 815 3982 nullum
839 3917 969 3984 dubium
997 3919 1110 3985 adesse
1140 3926 1253 4006 potest.
1279 3922 1376 3987 Ratio

195 4036 285 4101 enim
309 4036 476 4104 dubitandi
490 4042 548 4112 est,
566 4058 679 4104 causas
694 4040 880 4105 criminales
895 4038 1022 4106 definiri
1038 4042 1211 4127 aliquando
1227 4064 1287 4130 per
1303 4064 1380 4110 con·

188 4356 196 4363 -
289 4320 330 4393 (l)
349 4318 381 4375 lh
399 4323 550 4393 appendice
568 4322 651 4380 huius
668 4328 804 4382 tractatus
829 4326 941 4399 aliquod
966 4327 1124 4399 exemplum
1148 4328 1248 4384 harum
1273 4332 1381 4387 formu·

198 4426 292 4483 larum
311 4428 461 4485 trademus.
