3350 5117
333 327 401 393 390
860 345 945 394 rans
969 345 991 391 1.

334 469 411 555 pulo
435 489 636 536 communem
660 471 766 535 solere
790 470 880 556 gigni
896 489 940 536 ex
963 470 1070 554 aliquo
1086 471 1196 536 colore
1211 471 1304 544 tituli,
1320 471 1376 536 sed
1393 490 1437 536 ex
1453 472 1517 537 bac

331 597 418 680 sacti
443 600 568 664 ratione
592 616 657 662 non
680 597 749 663 fluit
773 597 928 683 generale
951 599 1038 664 iuris
1060 599 1270 683 principium;
1297 618 1413 685 nempe
1435 619 1518 665 sem

331 742 391 809 per
415 725 539 806 requiri
566 723 702 789 litatum
726 725 927 806 coloratam,
950 743 1060 809 aeque
1082 726 1237 810 sufficere
1254 745 1406 792 errorem
1424 745 1519 794 coat-

331 869 474 916 manem
513 851 552 915 l.

427 847 699 1036 353011actenus
724 970 862 1036 vidimus
893 925 937 1034 de¹
963 970 1177 1054 competentia
1206 969 1421 1035 determinata
1448 977 1517 1036 tum

331 1093 470 1161 ratione
493 1093 610 1161 obiecti
632 1101 698 1159 tum
722 1095 856 1162 ratione
889 1094 1062 1161 territorii.
1091 1095 1137 1158 De
1165 1095 1380 1179 competentia
1410 1093 1520 1159 deter-

333 1217 459 1282 minata
481 1218 616 1284 ratione
639 1218 780 1304 prodas,
806 1217 880 1282 data
906 1237 1015 1302 opera,
1044 1216 1135 1282 nobis
1165 1217 1323 1302 agendum
1354 1238 1420 1282 non
1450 1223 1516 1292 est;

332 1343 494 1428 siquidem
518 1343 726 1409 Hierarcltia
741 1343 985 1410 iurisdictionis
998 1343 1193 1426 eaplicatar
1207 1345 1240 1407 in
1256 1345 1411 1411 Tractatu
1430 1365 1448 1406 a
1466 1345 1522 1410 De

338 1467 508 1534 Pers-otiis
525 1488 554 1532 a.
574 1469 638 1534 llos
661 1487 742 1552 quae
757 1467 796 1532 ad
813 1487 882 1532 rent
906 1474 1050 1532 nostram
1069 1469 1242 1553 pertinent,
1259 1488 1459 1553 exponemus
1483 1471 1517 1532 in

336 1591 433 1656 titulo
460 1591 513 1657 De
536 1591 829 1675 appellationibus
855 1576 1057 1678 explicantes
1078 1592 1373 1678 diversosgradus
1396 1594 1519 1657 instan-

331 1715 453 1782 tiarum
477 1716 681 1781 iudicialium.

425 2229 465 2300 (l)
486 2229 545 2283 Hac
558 2229 797 2285 animadversione
814 2229 944 2296 videntur
961 2231 1073 2285 dissolvi
1093 2230 1278 2297 difficultates,
1291 2231 1398 2284 moveri
1413 2229 1518 2305 solitae

334 2351 370 2389 ex
389 2335 614 2405 responsionibus
627 2335 653 2388 S.
669 2335 697 2389 C.
710 2335 813 2390 Concil.
824 2365 838 2376 -
850 2336 921 2389 Nam
932 2337 1001 2390 istae
1011 2353 1104 2390 casum
1118 2336 1315 2406 particularem
1329 2337 1514 2406 attingentes,

338 2443 418 2494 actus
446 2440 590 2496 declarant
616 2441 765 2513 aliquando
790 2448 903 2496 sanatos
926 2443 1012 2497 tuisse
1036 2443 1145 2496 ratione
1170 2442 1267 2498 habita
1292 2444 1369 2496 tituli
1386 2444 1514 2504 colorati,

337 2549 387 2620 qui
410 2565 533 2604 errorem
555 2565 727 2604 communem
752 2549 922 2616 prohabilem
946 2556 974 2603 et
998 2551 1055 2605 tare
1074 2550 1260 2604 necessarium
1282 2549 1441 2604 reddiderit.
1460 2550 1514 2604 Sed

335 2670 371 2708 ex
382 2655 479 2710 iisdem
490 2657 580 2710 evinci
591 2671 644 2709 nou
657 2659 748 2724 potest
758 2656 909 2710 necessitas
922 2657 998 2709 tituli
1010 2656 1134 2709 colorati.
1148 2655 1206 2708 lmo
1218 2654 1389 2708 contrarium
1401 2655 1514 2710 videtur

332 2764 445 2831 probari
459 2780 493 2817 ex
508 2779 578 2831 resp.
590 2762 617 2815 S.
630 2763 659 2816 C.
671 2762 699 2816 C.
712 2763 800 2817 relata
811 2781 827 2816 a
840 2763 941 2818 Bened.
953 2764 1018 2818 xlv
1029 2765 1047 2817 l.
1059 2783 1081 2818 c.
1100 2765 1182 2819 a.22.
1194 2764 1283 2824 Quum
1297 2761 1350 2816 PP.
1362 2761 1512 2832 capuccini

332 2869 362 2923 in
376 2869 500 2924 Dioecesi
516 2869 651 2922 Patavina
674 2869 733 2923 siue
747 2868 800 2922 loci
814 2867 951 2921 Ordinatii
965 2871 1164 2938 approbatione
1182 2868 1305 2923 fidelium
1325 2869 1513 2924 consessiones

332 2976 516 3045 excepissent,
530 2975 686 3045 quaesitum
700 2975 788 3027 tuta«
803 2973 908 3039 Pta'aio,
922 2992 959 3030 an
973 2975 1062 3039 licite,
1074 2977 1209 3041 secando,
1222 2993 1260 3028 aa
1272 2975 1367 3028 aalide
1379 2974 1450 3028 dicti
1464 2975 1513 3029 Ca·

328 3085 444 3152 pacciai
456 3083 646 3136 saeculariam
660 3083 850 3151 consessiones
864 3082 1026 3151 acceperint
1038 3099 1070 3147 »3
1082 3086 1111 3135 et
1121 3083 1171 3135 sub
1184 3083 1231 3134 die
1244 3081 1275 3133 11
1287 3081 1417 3134 Decemb.
1432 3081 1512 3134 1683

333 3205 495 3259 responsum
509 3188 569 3241 suit:
583 3203 599 3238 a
610 3189 655 3241 Ad
661 3190 797 3257 primum,
811 3188 918 3240 illicite.
932 3188 978 3240 aa
991 3191 1154 3252 securatam,
1165 3188 1306 3254 r'nucrlide5
1318 3189 1369 3240 sed
1382 3205 1440 3240 noa
1453 3203 1514 3242 esse

333 3299 527 3368 inquietandos
541 3298 606 3350 illos
625 3297 673 3366 pai
686 3299 755 3351 borea
773 3297 830 3366 fide
844 3297 1046 3366 confessisunt.
1064 3300 1201 3361 Attamen,
1220 3299 1246 3349 si
1259 3300 1314 3367 ipsi
1327 3299 1451 3366 confessi
1462 3297 1513 3351 hoc

334 3405 509 3468 resciveriat,
524 3405 571 3457 rel
590 3405 626 3456 de
642 3403 815 3456 inualiditate
830 3403 1010 3471 confessionis
1022 3402 1216 3469 dubitaverint,
1229 3404 1341 3459 eosdem
1354 3407 1447 3456 teneri
1458 3406 1513 3458 rei·

333 3519 428 3563 terare
448 3509 651 3579 confessionem
666 3524 690 3562 a.
711 3506 780 3559 Nam
802 3505 928 3576 quamvis
945 3508 1037 3576 specie
1056 3511 1138 3560 tenua
1157 3507 1225 3560 haec
1244 3508 1387 3578 responsio
1399 3512 1512 3562 nostrae

334 3615 505 3670 conclusioni
525 3615 652 3669 videatur
677 3615 826 3681 contraria,
846 3619 940 3668 tamen
968 3631 1064 3684 reapse
1088 3615 1177 3675 fauet:
1196 3615 1262 3684 quia
1287 3633 1321 3670 ne
1349 3632 1511 3685 responsum

335 3725 443 3776 scateat
461 3721 594 3784 absurdis,
616 3721 656 3775 ita
675 3719 889 3790 intelligendum
908 3725 959 3788 est,
978 3726 1010 3773 ut
1028 3721 1177 3790 Capuccini
1197 3723 1322 3775 invalide
1340 3721 1512 3776 absolverint

333 3827 361 3880 vi
381 3828 452 3880 iaris
472 3829 635 3892 commanis,
654 3825 688 3880 dc
707 3842 762 3896 quo
781 3825 983 3896 quaerebatur,
1000 3825 1047 3880 sed
1066 3825 1201 3880 indirecte
1219 3843 1269 3880 seu
1294 3827 1329 3880 ob
1353 3826 1509 3894 suppletam

333 3931 551 3986 iurisdictionem
572 3932 702 3985 sustineri
723 3931 937 3995 absolutionem,
951 3929 1020 3985 adeo
1035 3936 1066 3984 ut
1080 3930 1255 4001 poenitentes
1268 3947 1322 3984 non
1335 3930 1392 3984 sint
1404 3931 1510 3999 {riquie-

337 4039 431 4102 taudi,·
449 4039 584 4108 quamvis,
603 4039 638 4091 ob
658 4037 771 4091 dubium
792 4038 899 4090 erroris
918 4040 1080 4102 commwris,
1099 4037 1127 4089 iu
1143 4036 1228 4090 certis
1240 4037 1350 4090 casibus
1362 4035 1510 4106 adigantur

336 4145 369 4199 ad
389 4151 483 4199 actum
503 4144 688 4214 repetendam.
709 4143 800 4204 Quare
819 4161 870 4213 pro
895 4145 972 4212 praxi
999 4147 1128 4197 teneatur
1150 4159 1205 4196 non
1231 4159 1290 4198 esse
1315 4143 1509 4212 inquietandos

332 4267 379 4306 eos
398 4252 455 4321 qui,
469 4251 582 4320 vigente
601 4251 739 4303 communi
760 4266 863 4312 errore,
880 4251 919 4303 usi
941 4256 1006 4304 sunt
1025 4251 1098 4303 bona
1116 4249 1169 4303 fide
1185 4250 1340 4305 ministerio
1352 4250 1452 4305 iudicis
1464 4249 1508 4306 vel

330 4355 491 4410 confessarii
511 4354 637 4408 destituti
658 4355 742 4407 etiam
768 4355 849 4408 titulo
875 4356 1008 4420 colorato,
1029 4371 1081 4408 nec
1100 4355 1259 4410 reiteranda
1282 4372 1342 4410 esse
1366 4359 1438 4424 acta,
1456 4354 1507 4408 nisi

330 4475 461 4530 expresse
483 4459 660 4514 decernatur:
686 4463 765 4527 patet
789 4475 823 4512 ex
842 4476 911 4528 resp.
937 4456 966 4513 C.
988 4459 1071 4513 Cone.
1091 4460 1178 4514 citata
1196 4479 1214 4514 a
1232 4459 1333 4516 Bened·
1357 4459 1424 4514 xlv
1448 4457 1467 4512 l.
1485 4474 1507 4511 a
