3350 5117
338 301 404 366 640
862 320 947 368 ruas
972 321 995 367 1.

425 443 488 511 Sed
521 443 668 528 equidem
704 443 786 510 haec
821 451 871 512 est
905 445 993 512 iuris
1022 445 1272 529 praeempto,
1306 444 1387 510 adeo
1420 452 1456 511 nt
1490 447 1518 511 si

337 571 407 652 quis
441 567 580 654 probare
615 569 728 654 possit,
757 589 793 633 se
823 568 938 634 vitium
967 587 1087 634 sanare
1116 588 1182 634 uon
1213 570 1372 654 potuisse,
1400 569 1521 654 qnippe

337 693 416 760 illud
435 693 614 780 ignorabat,
631 695 740 781 elapso
757 697 853 761 etiam
869 693 1035 769 decendio,
1051 695 1281 760 admitteretur
1295 692 1430 779 querela
1444 693 1518 758 nul·

337 819 444 884 litatis.
469 817 560 894 Quae
583 819 623 885 de
646 827 757 885 cetero
780 833 946 904 nunquam
973 818 1172 899 conceditur,
1196 819 1258 885 nisi
1286 837 1405 884 causae
1427 837 1519 903 prae

337 945 433 1010 missa
455 944 629 1010 summaria
651 945 852 1030 cognitione;
877 942 1033 1027 siquidem
1057 948 1107 1010 est
1130 941 1309 1008 remedium
1332 941 1519 1008 extraordi-

336 1068 479 1134 narium:
509 1068 550 1133 ci.
584 1063 793 1134 Reiffenstuel
817 1070 838 1133 t.
863 1089 891 1133 c.
915 1087 950 1132 a.
981 1065 1058 1132 136.
1085 1067 1157 1132 Hoc
1185 1087 1284 1132 sensu
1314 1065 1518 1152 intelligendi

335 1197 409 1256 sunt
432 1191 618 1258 canonistae
640 1193 855 1258 communiter
876 1191 1031 1256 docentes
1054 1211 1119 1255 non
1142 1192 1285 1256 transire
1315 1191 1349 1254 in
1372 1209 1442 1255 rem
1473 1191 1519 1254 iu-

335 1318 472 1384 dicatam
496 1320 687 1384 seutentiam
711 1318 809 1384 iatam
833 1338 877 1383 ex
898 1317 1157 1400 errore,vele1
1172 1337 1272 1384 causa
1288 1316 1380 1388 falsa
1397 1315 1451 1381 rel
1474 1335 1519 1380 ex

336 1443 426 1508 falsis
449 1444 680 1524 instrumentis,
705 1444 750 1509 uti
773 1443 891 1508 talibus
914 1449 1028 1529 postea
1050 1443 1186 1508 detectis
1209 1448 1243 1508 et
1265 1443 1420 1529 probatis,
1440 1442 1519 1507 item

335 1589 378 1634 ex
401 1569 589 1634 testimoniis
613 1569 741 1633 testium
764 1574 1007 1653 corruptorum,
1031 1570 1058 1634 si
1082 1567 1157 1634 dein
1180 1568 1244 1632 hoc
1266 1571 1382 1653 aperte
1407 1566 1520 1632 doceri

335 1694 442 1777 possit.
468 1691 658 1758 Huiusmodi
683 1693 770 1757 enim
794 1691 940 1758 defectus
963 1693 1081 1777 quippe
1103 1692 1232 1777 ignotos
1246 1693 1278 1756 ei
1302 1693 1393 1756 cuius
1415 1691 1519 1756 inter-

335 1822 415 1888 erat,
425 1817 465 1882 ab
478 1817 589 1882 eodem
598 1815 684 1882 haud
693 1817 855 1902 praesumi
863 1819 972 1902 potest
983 1820 1113 1881 sanatos
1121 1815 1230 1880 fuisse.
1244 1813 1293 1881 ef.
1305 1813 1519 1881 Reiffenstuel

334 1947 354 2010 t.
368 1963 395 2010 c.
408 1943 478 2008 129
491 1961 569 2028 req.¹
589 1942 786 2028 Schmalzgr.
805 1944 837 2006 in
855 1942 928 2009 eod.
943 1941 990 2008 tit.
1007 1961 1042 2007 n.
1055 1941 1114 2013 64.
1130 1941 1275 2025 Namque
1290 1943 1340 2007 rei
1357 1941 1520 2008 iudicatae

334 2066 510 2131 auctoritas
532 2064 687 2130 tundatur
702 2069 770 2131 tota
786 2065 818 2129 in
838 2065 1102 2150 praesumptione
1116 2063 1204 2129 iuris
1223 2063 1316 2130 etde
1330 2063 1416 2137 iure,
1434 2083 1521 2148 qnae

335 2207 399 2252 non
423 2187 560 2252 admittit
583 2186 748 2252 directam
772 2186 985 2253 coneursum
1004 2186 1254 2271 probationem,
1270 2189 1316 2253 uti
1340 2186 1517 2258 docuimus,

334 2313 472 2380 admittit
496 2332 574 2377 vero
590 2313 791 2379 indirectam
807 2334 864 2378 seu
881 2314 968 2379 illam
986 2313 1154 2379 docentem
1170 2313 1283 2379 deesse
1306 2313 1520 2378 fundamenta

335 2440 612 2526 praesumptionis,
637 2441 742 2525 prouti
767 2436 811 2512 iit,
829 2442 855 2504 si
881 2459 932 2504 ex.
949 2461 999 2526 gr.
1016 2439 1172 2525 probetur
1194 2440 1278 2505 falsa
1300 2459 1372 2506 esse
1394 2441 1518 2504 instru-

334 2567 451 2633 menta,
477 2560 590 2645 quibus
614 2565 736 2629 tantum
762 2562 892 2626 innixus
915 2560 1013 2627 iudex
1035 2563 1226 2628 sententiam
1249 2559 1348 2626 edidit
1370 2556 1426 2644 (l).

423 2681 497 2746 665.
524 2683 604 2746 ltem
628 2701 693 2746 non
716 2688 887 2749 transeunt
910 2684 944 2747 iu
967 2703 1037 2749 rem
1062 2683 1233 2750 iudicatam
1265 2683 1445 2748 sententiae
1471 2701 1518 2746 ex

334 2809 446 2892 quibus
469 2809 618 2874 damnum
643 2817 776 2895 caperet
798 2810 851 2874 vel
875 2810 945 2895 ipsa
967 2809 1098 2896 publica
1117 2811 1213 2883 salus,
1231 2810 1287 2874 vel
1307 2808 1426 2873 bonum
1449 2810 1516 2894 spi-

335 2936 449 3002 rituale
473 2934 623 3001 fidelium.
649 2935 738 3011 Quae
762 2935 897 3022 proinde
920 2937 1101 3003 sentcntiae
1131 2937 1185 3001 vel
1212 2933 1254 3000 ab
1285 2935 1375 3000 initio
1406 2933 1519 3000 nullae

334 3067 417 3133 sunt,
439 3065 470 3125 et
485 3065 562 3126 tunc
577 3079 636 3146 per
653 3059 816 3143 querelam
842 3059 998 3126 nullitatis
1018 3056 1182 3124 obtinetur
1196 3058 1373 3123 declaratio
1390 3077 1517 3122 earum·

334 3181 405 3246 dem
422 3183 586 3264 nullitatis,
600 3183 652 3246 vel
667 3183 693 3246 si
710 3181 834 3246 validae
851 3182 1029 3255 extiterint,
1047 3183 1241 3265 impetratur
1255 3185 1292 3247 ut
1305 3184 1515 3260 resecentur,

333 3305 385 3371 rel
402 3305 484 3390 apud
500 3307 602 3391 ipsum
619 3306 755 3372 iudicem
772 3307 824 3389 qui
838 3305 1031 3372 seutentiam
1048 3305 1284 3390 pronunciavit,
1300 3303 1354 3369 vel
1369 3303 1455 3388 apud
1471 3304 1517 3370 iu·

333 3429 437 3492 dicem
453 3431 662 3512 superiorem.
677 3429 767 3494 iuxta
783 3425 920 3512 eaquae
935 3431 968 3494 in
981 3426 1044 3493 hoc
1056 3429 1253 3512 propositum
1269 3426 1515 3512 explicavimus,

334 3557 466 3636 agentes
489 3551 528 3616 de
552 3552 690 3635 querela
713 3550 879 3617 nuttitotis
908 3557 941 3616 et
964 3551 1007 3616 de
1029 3550 1066 3616 in
1093 3549 1265 3635 inteqrum
1292 3548 1517 3615 restitutione.

422 3675 497 3742 666.
522 3675 710 3741 Huiusmodi
733 3695 851 3742 causae
874 3679 967 3740 sunt:

422 3803 456 3887 a)
481 3804 583 3869 Causa
598 3803 783 3878 criminalis,
801 3806 834 3868 in
851 3825 914 3887 qua
929 3823 1027 3888 quum
1043 3809 1160 3889 agatur
1175 3803 1351 3888 praecipue
1366 3801 1410 3868 de
1427 3801 1518 3870 bono

329 3927 475 4012 publico,
499 3931 523 4012 si
548 3933 675 3995 constet
698 3931 901 3994 innocentem
917 3929 1017 3995 fuisse
1033 3928 1301 3994 condemnatione
1317 3927 1514 4014 perculsum,

365 4191 370 4198 ,
420 4122 459 4192 (l)
481 4123 582 4178 Verum
602 4139 656 4178 nou
676 4123 872 4180 admitteretur
884 4123 1001 4195 querela
1020 4123 1161 4178 nullitatis
1179 4140 1229 4180 sou
1248 4123 1390 4178 revocatio
1402 4127 1517 4178 senten·

334 4227 398 4294 tiae,
416 4228 438 4280 si
459 4233 554 4298 postea
573 4229 749 4300 reperiantur
766 4247 837 4284 noea
857 4230 1043 4285 iustrumenta
1060 4229 1160 4300 quibus
1179 4247 1232 4284 res·
1244 4230 1368 4283 iudicata
1389 4227 1514 4298 impetiri

333 4330 432 4396 vellet3
451 4332 607 4386 sententiae
632 4332 707 4386 enim
732 4333 810 4387 valor
836 4332 1015 4402 perpenditur
1041 4350 1077 4386 er
1101 4336 1168 4387 actis
1193 4343 1219 4390 et
1241 4333 1382 4403 probarim
1405 4347 1460 4386 non
1480 4347 1514 4386 ex

334 4438 450 4505 rependis
470 4440 499 4491 et
513 4439 678 4508 probandis.
