3350 5117
537 332 578 376 DE
603 330 742 403 lUDlCIlS
766 328 1031 378 ECCLESIASTICIS

642 634 821 701 TITULUS
848 635 926 700 Vll.

581 849 631 895 DE
667 848 988 895 IUREIURANDO.

612 986 662 1027 Huc
677 984 720 1027 ref.
735 986 770 1027 rit.
785 984 820 1038 24,
835 984 874 1028 lib.
889 985 957 1027 11-x.

199 1191 415 1247 summarium.
434 1192 495 1247 454.
515 1192 617 1260 Agitur
637 1192 669 1246 de
688 1191 937 1261 iuramento‚quod
957 1197 999 1245 est
1017 1190 1169 1245 remedium
1189 1190 1279 1243 litium
1293 1204 1375 1257 expe·

286 1300 455 1353 diendarum.
469 1328 506 1341 -
518 1300 578 1353 455.
594 1298 666 1352 Hinc
685 1302 727 1353 est
747 1296 902 1361 huiusmodi
922 1299 1108 1353 iuramentum
1120 1297 1166 1351 vel
1178 1297 1311 1351 iudiciale
1329 1295 1373 1349 vel

290 1407 515 1460 extraiadr'cinlc.
530 1435 563 1445 -
579 1406 640 1459 456.
655 1405 882 1458 Entrnindiriale
894 1403 1083 1457 voluntarium
1103 1408 1146 1457 est
1162 1402 1268 1471 species
1287 1407 1375 1455 trans·

289 1512 408 1565 aetionis
426 1511 608 1581 interpositae
627 1509 660 1563 ad
680 1510 759 1563 litem
780 1508 1020 1578 praeveniendam.
1038 1537 1076 1550 -
1093 1508 1154 1561 457.
1174 1507 1245 1559 Hine
1267 1507 1375 1575 regitur

286 1616 443 1671 huiusmodi
471 1618 656 1671 iuramentum
684 1616 790 1685 regulis
809 1633 879 1685 quae
898 1616 1077 1669 moderantur
1095 1617 1320 1668 transactionem.
1338 1641 1375 1653 -

286 1724 347 1778 458.
367 1724 506 1779 Iudicinle
524 1726 717 1778 voluntarium
736 1729 779 1779 est
797 1724 904 1793 species
922 1724 1119 1777 transactionis
1137 1724 1223 1777 initae
1242 1722 1277 1776 ad
1295 1721 1374 1775 litem

288 1834 343 1887 iam
364 1832 522 1886 inchoatam
541 1832 725 1886 deliniendam
745 1837 774 1885 et
793 1830 846 1884 hoc
864 1830 950 1885 habet
961 1832 1014 1885 sibi
1029 1831 1178 1900 proprium,
1187 1834 1218 1883 nt
1230 1830 1375 1884 emittatur

293 1941 407 2008 praevio
426 1939 524 1993 iudicis
542 1939 661 2005 decreto,
679 1939 722 1993 cui
748 1938 898 2007 parendum
917 1942 970 1991 est.
988 1966 1025 1978 -
1043 1937 1105 1991 459.
1122 1936 1205 1990 ludex
1229 1952 1296 1990 vero
1319 1952 1374 1989 non

287 2046 378 2113 debet,
398 2046 425 2100 in
446 2062 557 2115 genere,
576 2044 722 2117 admittere
742 2044 928 2098 iuramentum
947 2045 1125 2110 decisoriam,
1136 2044 1187 2098 nisi
1201 2049 1279 2097 actor
1296 2060 1374 2100 suam

287 2154 441 2217 actionem,
469 2169 530 2205 reus
558 2150 749 2219 exceptionem
779 2151 941 2219 probatione
967 2151 1062 2220 aliqua
1092 2151 1147 2203 iarn
1175 2151 1316 2205 munierit.
1343 2179 1374 2190 -

287 2260 348 2313 460.
370 2259 508 2312 ludiciula
522 2258 710 2311 necessarium
723 2274 771 2310 seu
785 2258 991 2327 suppletorium
1010 2273 1064 2310 non
1078 2258 1202 2325 procedit
1220 2274 1237 2310 a
1255 2258 1375 2326 partium

290 2364 542 2431 conventione,sed
561 2382 577 2416 a
596 2364 709 2417 decreto
728 2362 826 2415 iudicis
845 2364 879 2416 ad
898 2362 1077 2432 supplendam
1097 2363 1219 2431 inopiam
1238 2363 1376 2431 probatio-

294 2486 369 2523 num.
389 2497 423 2510 -·
442 2469 502 2523 461.
518 2468 553 2521 Et
572 2474 614 2523 est
626 2452 809 2521 ’deserendum
823 2466 866 2519 illi
879 2484 978 2536 nempe
997 2468 1055 2521 sive
1074 2468 1161 2520 actori
1180 2468 1238 2521 sive
1257 2483 1312 2530 reo,
1328 2469 1374 2537 qni

291 2576 410 2629 maiores
429 2575 546 2630 ediderit
565 2575 750 2645 probationes
771 2580 800 2627 at
818 2576 848 2629 in
867 2575 926 2642 pari
946 2591 1038 2640 causa,
1057 2590 1113 2629 reo.
1132 2604 1165 2614 -
1185 2575 1245 2627 462.
1263 2574 1316 2635 Qui
1336 2576 1378 2627 iu·

290 2685 447 2735 ramentum
466 2682 673 2749 suppletorium
693 2683 811 2745 recusat,
830 2677 949 2732 habetur
977 2696 1027 2747 pro
1053 2680 1187 2743 confesso,
1206 2680 1258 2731 nisi
1278 2681 1376 2747 probet

214 2774 217 2781 “
289 2804 386 2841 causas
412 2786 555 2857 legitimae
580 2786 771 2839 recusationis.
798 2815 831 2826 -
857 2784 917 2837 463.
944 2785 1132 2839 luramentnm
1161 2786 1300 2839 emittitur
1325 2788 1375 2839 sub

289 2898 366 2948 certa
384 2893 504 2946 formula
523 2910 595 2963 quae
614 2896 696 2945 caute
716 2908 732 2944 a
750 2890 843 2943 iudice
862 2896 890 2944 et
909 2908 926 2943 a
944 2895 1032 2959 parte,
1042 2890 1123 2945 cuius
1134 2891 1259 2955 interest,
1269 2893 1376 2945 exami-

289 2998 381 3051 nanda
399 3004 451 3064 est,
470 3003 499 3051 et
518 2998 603 3053 etiam
622 2996 804 3051 reformanda.
823 3025 861 3038 -
878 2997 939 3049 464.
960 2996 1146 3050 loramentum
1171 2996 1304 3049 iudiciale
1326 3014 1375 3049 nc-

289 3108 444 3161 cessarium
470 3124 518 3160 seu
545 3123 599 3160 non
626 3106 776 3175 procedens
796 3123 812 3158 a
831 3106 1017 3159 conventione
1042 3111 1085 3159 est
1108 3105 1293 3160 iuramentum
1320 3107 1376 3159 liris·

288 3214 520 3278 aestimatoriunr,
540 3229 588 3266 seu
607 3213 635 3265 in
656 3212 741 3265 litem.

290 3432 366 3494 454.
394 3430 483 3493 Finis
514 3428 736 3526 probationum
760 3437 808 3494 est
831 3431 972 3495 ostensio
995 3429 1140 3494 veritatis
1173 3429 1276 3512 quoad
1307 3448 1375 3492 reni

201 3558 461 3627 controversam,
477 3554 683 3637 quamobrem
699 3554 777 3618 illud
801 3562 943 3639 systema
964 3554 1181 3638 probatorium
1198 3555 1292 3619 debet
1315 3554 1377 3619 dici

201 3678 386 3763 perfectius,
400 3678 484 3762 quod
508 3679 687 3743 faciliorem
702 3680 808 3764 aperit
823 3680 908 3742 viam
932 3678 972 3743 ad
994 3680 1164 3744 veritatem
1188 3680 1221 3743 in
1244 3699 1282 3744 re
1304 3699 1378 3743 con·

201 3810 352 3869 troversa
376 3804 597 3890 detegendam.
615 3805 646 3869 Si
671 3806 776 3869 minor
801 3810 885 3869 esset
899 3805 1065 3868 hominum
1089 3806 1218 3886 malitia,
1240 3805 1378 3869 hominis

203 3929 401 3992 asseveratio
425 3928 606 3992 attestantis
629 3926 668 3991 de
692 3926 799 4009 aliqua
822 3947 859 3990 re
883 3931 968 3992 esset
984 3926 1164 4011 expeditior
1186 3932 1219 3990 et
1240 3926 1378 3991 nobilior

201 4051 304 4117 litium
336 4048 550 4115 finiendarum
574 4052 674 4125 ratio;
698 4050 754 4116 sed
785 4050 870 4115 malo
900 4052 977 4129 fato,
1001 4052 1146 4134 pronitas
1176 4051 1314 4114 hominis
1337 4051 1377 4115 ad

203 4170 413 4236 asserendum
444 4172 584 4235 maxime
608 4170 691 4253 quod
714 4174 782 4235 eius
805 4173 949 4244 interest,
975 4172 1034 4235 etsi
1057 4172 1186 4236 veritati
1211 4171 1378 4235 conforme

203 4318 267 4361 non
295 4298 346 4378 sit,
371 4298 567 4362 contrariam
602 4297 728 4392 induxit
763 4298 918 4383 regulam,
944 4318 1059 4382 nempe
1095 4298 1255 4361 neminem
1289 4316 1377 4361 asse-

200 4425 329 4485 rentem
361 4422 394 4485 in
426 4442 517 4487 suum
542 4421 790 4485 emolumentum
813 4420 940 4504 aliquod
964 4421 1084 4485 factum
1114 4422 1148 4486 in
1175 4420 1292 4486 indicio
1315 4420 1377 4485 sut-
