3350 5117
763 678 946 763 SEO'llO
979 679 1049 756 IV.

640 871 695 942 De
718 873 933 943 executione
956 873 1173 943 sententiae

319 1104 534 1161 Summarium.
555 1135 588 1147 —
607 1108 669 1160 677.
688 1105 851 1163 Sententiae
870 1107 1060 1162 absolutorioe
1079 1108 1200 1177 positiva
1213 1124 1268 1160 non
1286 1106 1414 1176 indigent
1431 1123 1502 1161 exe·

407 1215 532 1270 cutione:
553 1215 652 1271 saltem
672 1215 701 1268 in
721 1217 858 1270 ciuilibus.
880 1215 1045 1270 Sententiae
1057 1215 1301 1271 condemnatoriae
1319 1217 1348 1270 iu
1366 1217 1501 1272 cimino·

409 1322 481 1376 libere
494 1321 567 1376 aliae
580 1339 674 1376 secum
689 1320 806 1376 trahunt
825 1322 1036 1387 executionem
1049 1321 1122 1376 aliae
1135 1321 1283 1392 positivam
1296 1321 1425 1378 obtinent
1436 1339 1504 1377 exe·

407 1431 547 1484 cntionem
568 1431 725 1484 ministerio
739 1430 905 1484 executoris.
919 1429 955 1483 in
968 1431 1096 1485 civilibus
1108 1427 1297 1485 voluntariam
1308 1435 1358 1484 aut
1373 1433 1501 1484 coactam

407 1536 558 1605 exquirunt
578 1535 780 1590 executionem.
800 1563 834 1577 -
854 1537 915 1589 678.
936 1536 966 1590 ln
985 1537 1115 1592 civilibus
1138 1535 1267 1592 executio
1287 1534 1414 1606 pluribus
1432 1551 1503 1604 gra·

406 1642 542 1712 cibusque
561 1641 773 1712 quaestionibus
791 1641 961 1712 implicetur.
979 1643 1084 1696 Harum
1103 1641 1298 1713 quaestionum
1316 1646 1418 1696 natura
1434 1643 1502 1697 brc-

407 1749 479 1802 viter
504 1748 679 1804 describitur.
701 1777 735 1788 -
755 1747 816 1802 679.
837 1747 1003 1802 Huiusmodi
1029 1747 1279 1802 controversiaesi
1304 1753 1451 1803 vorsentur
1471 1748 1502 1800 in

408 1858 469 1910 foro
488 1856 557 1910 eccl.
578 1857 652 1909 circa
672 1857 733 1910 iura
746 1855 849 1922 civilia,
861 1855 1041 1911 resolvuntur
1053 1856 1154 1926 partim
1166 1854 1227 1910 iure
1240 1857 1389 1922 communi,
1398 1857 1501 1924 partim

408 1961 468 2014 iure
488 1960 564 2015 civili
584 1960 721 2030 peculiari
740 1965 789 2014 aut
808 1961 869 2015 iure
889 1960 1142 2015 consuetudinario·
1155 1987 1189 2001 -
1207 1960 1268 2014 680.
1282 1960 1431 2015 iudicialis
1450 1977 1502 2030 po-

407 2071 495 2121 testas
514 2067 611 2120 linitur
632 2083 682 2136 per
700 2068 882 2122 sententiam:
897 2072 1044 2122 execution
1062 2073 1156 2123 autem
1174 2084 1205 2121 se
1224 2068 1342 2137 porrigit
1359 2068 1502 2122 adomnia

409 2171 470 2224 iura
489 2188 560 2242 quae
584 2172 778 2228 executionem
798 2172 939 2242 recipiunt
964 2172 1120 2226 ministerio
1145 2171 1250 2224 iudicis.
1269 2201 1305 2214 -
1322 2172 1386 2226 681.
1406 2172 1503 2233 Quoad

408 2279 600 2334 executionem
621 2279 823 2336 sententiarum
839 2280 964 2334 revocari
983 2279 1075 2344 debet,
1088 2279 1242 2334 sententies
1254 2294 1314 2333 esse
1332 2277 1436 2332 iuriam
1453 2279 1505 2331 dc·

409 2388 584 2440 claratorios.
598 2385 663 2442 lude
683 2386 782 2456 pendet
802 2387 985 2457 quaestio,an
1005 2386 1147 2441 sententie
1164 2385 1268 2440 hebeat
1282 2386 1339 2439 rim
1357 2390 1504 2440 retroacti-

409 2509 480 2546 oom.
493 2493 602 2546 a682.
623 2495 666 2546 nb
686 2493 851 2548 executione
870 2494 1028 2548 sententiae
1047 2493 1089 2547 uti
1108 2493 1143 2547 ab
1163 2492 1326 2548 executione
1345 2495 1502 2548 ceterorum

409 2597 511 2652 iurium
531 2597 612 2652 datur
632 2599 715 2652 etiam
736 2600 813 2652 tertii
829 2597 992 2668 appellatio

409 2813 485 2879 677.
510 2809 678 2880 Sententia
702 2833 784 2898 quae
807 2815 975 2880 transierit
1000 2814 1033 2878 in
1057 2835 1128 2880 rem
1152 2813 1332 2894 iudicatam,
1348 2814 1399 2878 vel
1420 2832 1504 2897 quae

320 2935 381 3001 fuit
403 2935 618 3021 appellatione
635 2939 789 3023 impet-ita,
806 2937 863 3003 sed
879 2938 1000 3023 absque
1017 2941 1135 3024 effectu
1158 2939 1365 3022 suspensivo,
1382 2958 1503 3004 execu-

320 3063 399 3128 tioni
423 3063 609 3129 demandari
634 3063 737 3129 debet.
760 3065 886 3130 Verum
911 3065 1087 3130 nonnullae
1110 3063 1249 3149 positiva
1271 3084 1337 3130 non
1359 3064 1506 3149 indigent

322 3191 524 3262 executione,
552 3209 669 3274 nempe
694 3191 876 3255 sententiae
899 3189 952 3255 rei
975 3189 1223 3273 absolutorium
1246 3189 1394 3256 executio
1417 3191 1503 3254 euim

320 3315 405 3380 inest
428 3315 460 3378 in
485 3315 553 3399 ipsa
570 3332 606 3376 re
624 3312 773 3394 iudicata,
791 3313 823 3377 vi
841 3314 934 3379 cuius
950 3334 1027 3380 reus
1043 3315 1198 3379 eximitur
1213 3313 1253 3378 ab
1268 3313 1388 3379 actoris
1402 3315 1505 3398 impe·

320 3438 443 3511 titione,
464 3437 550 3503 hanc
574 3439 607 3502 in
631 3444 822 3522 perpetuum
840 3438 1006 3524 repellens
1021 3459 1081 3524 per
1099 3439 1324 3523 exceptionem
1345 3439 1398 3504 oei
1420 3437 1506 3504 iodi-

322 3568 426 3628 catoe.
446 3562 516 3626 Hoc
533 3562 646 3627 saltem
668 3562 700 3625 in
718 3559 872 3627 civilibus
880 3581 895 3644 ,·
912 3562 946 3626 in
962 3561 1199 3627 criminalibus
1213 3563 1298 3626 enim
1312 3560 1505 3628 absolutioni

322 3687 371 3751 rei
394 3689 447 3770 qui
471 3707 606 3752 carcere
630 3684 834 3752 detinebatur
858 3691 914 3749 aut
930 3685 995 3750 alia
1015 3684 1219 3752 afficiebatur
1233 3705 1347 3768 poena,
1361 3685 1505 3750 succedit

322 3813 390 3878 eius
413 3812 587 3878 vindicatio
611 3814 644 3876 in
667 3810 851 3877 libertatern
875 3817 931 3876 aut
957 3812 1091 3877 alterius
1114 3812 1194 3876 iuris
1217 3813 1385 3877 restitutio.
1410 3811 1508 3878 Aliae

322 3939 355 4003 vi
378 3958 436 4002 sua
458 3937 675 4002 necessariam
708 3934 932 4001 secumierunt
964 3936 1199 4016 executionem,
1222 3931 1404 4000 huiusmodi
1431 3939 1507 4000 sunt

323 4063 357 4126 in
384 4060 618 4128 criminalibus
649 4061 829 4126 sententiae
857 4059 1169 4139 condemnatoriam
1194 4057 1308 4143 quibus
1328 4078 1405 4124 reus
1428 4077 1507 4123 cen-

324 4209 401 4254 sura
417 4189 569 4274 plectitur
586 4187 823 4263 ecclesiastica;
841 4186 960 4272 quippe
977 4205 1136 4252 censurae
1151 4204 1264 4253 recum
1281 4185 1421 4250 trahunt
1431 4203 1507 4252 ecce·

324 4315 502 4383 cntionem.
535 4317 578 4382 At
613 4315 790 4382 ordinario
827 4313 1025 4380 criminales
1057 4312 1242 4379 sententiae
1272 4312 1439 4397 positivam
1474 4315 1508 4374 et

326 4444 470 4506 coactam
495 4461 551 4505 seu
576 4440 608 4502 in
631 4439 847 4504 reluctantem
874 4443 930 4503 aut
954 4437 1089 4502 invitum
1112 4435 1317 4521 expostulent
1346 4434 1508 4501 executio
