3350 5117
504 340 548 391 nn
572 338 714 387 runicus
737 338 1003 387 accuesmsrrcrs
1281 316 1348 382 113

165 482 307 537 causam,
332 463 480 550 perfecta
507 464 724 529 examinatam
748 464 839 527 iuxta
860 461 943 549 legis
964 458 1189 547 dispositiones
1211 463 1246 525 et
1266 459 1348 524 iuris

166 586 375 672 generaliora
385 588 555 673 principia,
568 584 733 670 deliniant,
746 592 842 673 atque
854 587 1046 653 seutentiam
1059 590 1273 671 exequantur,
1284 586 1348 650 nisi

165 714 276 796 partes
298 711 472 797 appellent.
497 746 541 760 -
565 712 647 776 Item
671 711 743 775 iure
759 710 916 776 canonico
940 709 1016 775 olim
1039 708 1215 774 relationes
1236 708 1348 773 buius·

165 832 252 899 modi
275 834 446 900 admodum
467 834 602 902 fuerunt
616 834 854 919 frequentatae,
870 840 904 899 et
920 830 1130 899 Pontificibus
1145 833 1348 899 occasionem

165 959 389 1046 praebuerunt
405 959 499 1026 dandi
516 959 747 1027 saluberrimas
762 961 844 1027 iuris
859 959 1093 1047 dispositiones,
1113 957 1226 1043 quibus
1241 957 1349 1023 reler-

164 1090 236 1151 tum
262 1090 310 1153 est
325 1085 450 1172 Corpus
466 1087 546 1151 iuris
569 1106 640 1151 can.
656 1122 703 1133 —
718 1086 904 1173 Progressa
917 1106 998 1151 vero
1012 1084 1177 1171 temporis.
1196 1084 1272 1169 quia
1289 1103 1350 1168 per

167 1208 346 1277 relationes
369 1211 403 1275 in
427 1210 559 1296 longum
591 1210 687 1277 nimis
716 1208 994 1296 protrahebantur
1022 1208 1098 1277 lites
1119 1214 1154 1275 et
1175 1210 1208 1274 in
1232 1208 1350 1275 Codice

165 1332 258 1417 leges
282 1330 438 1397 extabant
459 1332 523 1396 iam
547 1328 746 1397 sufficienter
776 1349 952 1417 expressae
978 1335 1011 1395 et
1033 1329 1227 1403 declaratae.
1251 1332 1349 1397 etiarn

166 1460 240 1523 iure
264 1475 336 1522 can.
359 1456 444 1524 tales
467 1458 642 1523 relationes
665 1458 699 1547 in
722 1456 964 1523 desuetudinem
987 1456 1148 1523 abierunt.
1173 1455 1280 1521 Nihilo
1302 1476 1349 1521 se

166 1582 237 1647 cius
261 1600 426 1665 nunquam
442 1580 506 1646 bae
521 1581 771 1667 consultationes
787 1580 941 1667 explicite
956 1580 1150 1666 reprobatae
1173 1585 1260 1656 eunt;
1283 1580 1349 1644 imo

166 1704 351 1769 constitutis
384 1704 458 1770 heic
486 1704 609 1769 Romae
640 1702 694 1771 SS.
724 1702 1051 1790 congregationibus.
1080 1704 1233 1768 nimirum
1263 1702 1350 1769 inter

165 1828 260 1910 allas,
285 1828 319 1895 S.
343 1827 443 1915 Cong.
467 1849 566 1915 super
588 1828 876 1897 consultationibus
899 1830 1133 1915 Episcoporum
1157 1834 1190 1895 et
1213 1827 1351 1914 Regula·

168 1956 253 2019 rium
287 1960 321 2019 et
343 1953 375 2019 S.
400 1954 500 2041 Cong.
528 1954 746 2022 cardinalium
770 1956 904 2023 Concilii
936 1954 1025 2021 Trid.
1050 1956 1281 2041 Interpretum,
1304 1954 1349 2020 ia·

168 2081 239 2147 cilis
264 2082 368 2167 patuit
397 2081 494 2147 iudici
524 2081 629 2149 aditus
652 2080 693 2147 ad
717 2052 797 2148 iuris
820 2083 1042 2167 quaestionum
1072 2079 1270 2147 hauriendas
1291 2100 1350 2145 eu-

167 2203 331 2269 thenticas
346 2202 538 2269 solutiones:
563 2210 597 2269 at
619 2223 713 2269 nemo
736 2222 802 2269 non
825 2204 915 2269 videt
929 2202 1014 2288 quod
1036 2223 1137 2291 parce
1160 2204 1223 2269 hoc
1244 2202 1351 2268 medio

168 2328 436 2394 extraordinario
460 2326 505 2413 (l)
533 2329 685 2394 utendum
717 2334 774 2395 est.
799 2330 971 2414 -Caput
999 2327 1043 2393 68
1074 2329 1126 2394 cit.
1159 2328 1206 2394 tit.
1238 2332 1349 2393 caret:

171 2455 309 2521 «iusta
332 2454 500 2540 lepitimas
521 2454 713 2521 sanctiones
736 2454 866 2539 quoties
885 2454 1078 2519 relaturum
1100 2473 1136 2519 se
1158 2454 1266 2519 iudex
1280 2455 1351 2538 qui·

169 2578 249 2645 libet
270 2561 461 2663 pollicetur,
486 2580 576 2647 illico
608 2579 833 2666 litteratoribus
864 2580 960 2663 opud
990 2584 1067 2647 acta
1097 2580 1351 2648 consiliationis

169 2704 354 2787 coemptor
377 2704 478 2769 edere
501 2708 655 2770 letentur
671 2724 702 2769 >.
728 2704 800 2769 Hoc
823 2702 956 2788 respicit
971 2700 1107 2768 iudicem
1124 2704 1176 2786 qui
1196 2704 1352 2789 procedat

168 2847 213 2894 ec
237 2826 348 2912 officio
372 2827 608 2910 muraenam
631 2828 747 2913 quippe
769 2832 848 2894 tunc
870 2830 981 2913 partes
1002 2825 1134 2908 factum
1155 2831 1350 2913 proponunt,

168 2956 397 3040 argumentum
420 2951 496 3024 litis,
520 2951 666 3037 idemque
689 2951 830 3037 probare
852 2950 980 3017 debent.

260 3080 314 3145 87.
342 3078 509 3143 Hactenus
533 3078 631 3143 locuti
654 3098 763 3143 sumus
786 3077 829 3143 de
851 3076 954 3144 dubio
978 3077 1073 3143 imis.
1090 3079 1130 3143 lu
1145 3076 1248 3144 dubio
1270 3095 1352 3145 vero

167 3200 254 3283 sacti
277 3199 407 3286 quando
430 3220 547 3287 nempe
562 3200 657 3265 iudici
673 3220 738 3267 non
755 3205 882 3267 constat
905 3221 948 3266 an
971 3201 1091 3267 iactum
1105 3205 1351 3266 controversum

168 3320 374 3388 sufficienter
402 3320 572 3407 probatum
596 3323 646 3397 sit,
670 3328 748 3389 tunc
780 3322 995 3391 communiter
1025 3341 1136 3387 omnes
1160 3321 1352 3389 Canonistae

169 3447 377 3534 respondent,
403 3452 507 3514 stante
529 3447 592 3513 hoc
616 3447 710 3513 dubio
733 3468 793 3534 pro
817 3468 875 3513 reo
906 3446 1162 3533 respondendum
1195 3466 1283 3524 esse;
1307 3447 1349 3513 of.

170 3568 384 3637 Reiffenstuel
409 3571 454 3636 tit.
480 3572 530 3637 De
553 3573 608 3655 off.
631 3571 702 3637 iud.
726 3592 760 3636 n.
786 3570 836 3637 32
858 3590 943 3655 seq.;
966 3571 1121 3656 siquidem
1145 3578 1260 3639 actore
1280 3590 1353 3637 mori

165 3697 338 3781 probante
360 3716 441 3763 reus
464 3695 688 3764 absolvendus
703 3703 759 3763 est.
776 3729 821 3747 —-
837 3698 959 3763 Textus
975 3698 1055 3761 iuris
1070 3716 1245 3782 expressus
1267 3700 1353 3764 alter

169 3816 311 3882 habetur
334 3818 369 3881 in
393 3836 466 3899 cap.
484 3815 509 3882 3
527 3816 579 3883 ne
594 3816 696 3883 Pron.
715 3816 749 3879 rr
768 3816 886 3901 (rr-19)
911 3815 965 3882 uu
989 3816 1192 3882 decernitur:
1220 3796 1353 3891 «cuod

170 3945 200 4008 si
214 3942 400 4010 amborum
413 3943 569 4026 partium
586 3948 681 4009 testes
695 3942 762 4009 sint
777 3962 885 4030 aeque
899 3942 1023 4017 idonei,
1035 3943 1243 4026 possessoris
1255 3948 1354 4011 testes

260 4134 304 4205 (l)
326 4132 366 4188 De
385 4134 493 4189 ratione
512 4151 567 4206 qua
589 4150 671 4204 parce
690 4140 720 4189 et
739 4135 856 4201 utiliter,
874 4136 953 4189 iuxta
973 4134 1080 4207 stylum
1099 4134 1145 4189 SS.
1165 4135 1261 4205 Congq
1278 4153 1352 4190 nunc

172 4237 310 4293 utendum
329 4238 367 4290 eit
386 4237 476 4292 medio
495 4236 708 4293 consultationis
726 4240 760 4294 ad
779 4238 910 4294 diluenda
927 4239 996 4293 iuris
1008 4240 1099 4307 dubia,
1113 4246 1211 4296 exorta
1223 4241 1307 4295 etiam
1323 4242 1353 4294 in

171 4341 283 4395 iudiciis
312 4341 483 4408 exercendis,
501 4346 595 4397 actum
619 4344 674 4398 fuit
698 4345 727 4396 in
752 4360 826 4399 cous.
847 4345 1029 4414 Limburqen.
1054 4346 1131 4416 apud
1157 4344 1184 4399 S.
1210 4344 1237 4400 C.
1260 4344 1287 4400 C·
1307 4346 1353 4398 die

173 4447 209 4499 19
228 4447 290 4502 lan.
312 4446 401 4500 1889.
421 4446 461 4501 cf.
483 4449 620 4504 Monitore
640 4449 716 4504 Eccl.
736 4451 773 4502 31
793 4450 853 4505 Ian.
874 4452 999 4521 189612.
1018 4452 1093 4505 250.

321 4574 382 4627 Soc.
403 4572 488 4643 Lepci.
1229 4577 1247 4629 8
