3350 5117
541 300 586 345 oa
612 298 750 346 runicus
774 296 1040 344 accrmsmsrrcrs
1313 276 1376 341 611

197 424 261 487 uisi
284 421 366 487 adsit
393 422 538 507 legitima
553 441 650 486 causa
674 421 876 505 suspicionis3
894 419 935 483 of.
952 438 1026 503 cop.
1043 420 1066 486 5
1083 418 1137 485 De
1159 418 1338 503 appellite
1358 418 1381 484 6

197 548 257 634 (ΙΙ,
286 549 338 636 15)
362 555 395 616 et
419 546 512 614 lteifl.
537 549 567 613 h.
592 555 613 614 t.
638 570 671 613 a.
696 546 771 613 234
797 566 865 631 aeq.

293 672 368 738 628.
383 674 530 757 Effectus
541 672 759 755 torpentibus
770 690 835 734 nou
851 671 896 735 ita
911 670 1096 765 necessario
1111 671 1256 753 sequitur
1270 669 1380 755 appel-

199 799 367 871 lationem,
380 803 417 864 ut
429 798 510 863 haec
522 800 592 864 sine
608 798 662 863 illo
679 799 860 865 consistere
875 816 939 861 non
953 798 1062 882 possit
1074 797 1191 881 quippe
1201 798 1381 861 sententiae

197 920 385 1007 appellatae
401 922 553 988 executio
569 920 702 987 decerni
718 926 823 1007 potest
838 921 896 987 sub
921 942 958 987 ea
981 922 1055 1008 lego
1070 926 1105 987 ut
1121 922 1181 987 ieta
1197 926 1380 992 revocetur,

199 1042 228 1105 si
253 1042 423 1106 contraria
446 1041 497 1105 vel
523 1040 656 1106 diversa
679 1042 794 1106 edatur
817 1044 1013 1107 sententiaa
1032 1041 1135 1107 iudice
1150 1041 1382 1127 appellationia

198 1200 245 1214 -
273 1166 316 1229 Et
338 1164 401 1230 hoo
426 1165 572 1250 pluribus
602 1166 636 1228 iu
668 1165 794 1230 casibus
826 1165 965 1231 edictum
990 1165 1059 1237 fuit,
1084 1166 1256 1249 praecipue
1279 1164 1382 1249 quoad

198 1286 451 1373 appellationem
477 1288 753 1353 extraiudioialem
776 1288 822 1351 uti
846 1287 1033 1353 videbimus.
1057 1288 1085 1352 Ε
1108 1294 1223 1355 eontra
1249 1286 1381 1355 effectus

198 1412 415 1479 devolatiraa
438 1412 574 1499 disiungi
600 1432 665 1477 non
689 1418 793 1501 potest
808 1413 848 1478 ab
865 1413 1089 1498 appellatione,
1106 1421 1214 1499 utpote
1237 1420 1383 1499 quaeest
1458 1414 1460 1420 '

196 1538 401 1619 provocatio
425 1538 465 1603 ad
489 1538 625 1603 iudicem
649 1540 851 1633 superiorem
872 1540 935 1623 qui,
953 1559 990 1604 re
1006 1558 1071 1603 non
1094 1540 1232 1625 cognita,
1249 1538 1295 1604 nil
1315 1539 1382 1605 edi·

201 1682 279 1727 cere
294 1662 391 1728 valet.
406 1663 524 1737 Quare.
539 1662 710 1730 deficiente
723 1662 840 1731 effectu
858 1664 1056 1743 devolutivo,
1069 1662 1240 1729 habebitur
1256 1663 1383 1747 aliquod

197 1782 290 1849 aliud
314 1785 502 1867 remedium,
526 1786 582 1851 sed
606 1806 670 1852 non
694 1787 887 1870 appellatio.

447 1982 469 2064 ἓ
494 1982 522 2046 l.
547 1982 601 2049 De
627 1982 788 2066 personis
817 1982 939 2066 quibas
961 1983 1138 2064 appellare

315 2110 346 2171 et
370 2105 413 2170 cle
435 2106 547 2171 courir
569 2125 592 2170 a
614 2106 737 2191 quibat
759 2107 936 2189 appellare
964 2124 1034 2172 noa
1059 2103 1270 2189 prohibetur.

200 2278 419 2335 summarium.
434 2310 467 2321 -
480 2281 541 2334 629.
555 2281 614 2335 Nisi
633 2279 815 2350 prohibeatur
833 2297 971 2349 expresse,
983 2282 1111 2334 omnibus
1129 2284 1158 2334 et
1167 2296 1341 2351 quacumque
1354 2280 1382 2333 in

293 2403 377 2440 causa
389 2388 532 2457 appellare
551 2389 713 2458 permissum
727 2394 778 2443 est
793 2418 826 2429 —
839 2388 901 2442 630.
915 2388 1066 2457 Appellare
1082 2388 1166 2463 etiam
1181 2390 1272 2459 potest
1285 2388 1383 2441 tertius

293 2491 416 2545 iudiciali
435 2492 586 2546 instantiae
605 2497 762 2556 extraneua
779 2508 830 2547 nee
851 2509 904 2545 nou
926 2496 1042 2563 uterque
1057 2490 1180 2561 litigans.
1194 2519 1227 2531 -
1243 2489 1304 2545 631.
1318 2491 1383 2551 Qui·
1485 2552 1488 2559 ¹

293 2600 344 2651 bus
364 2599 393 2652 in
412 2601 502 2653 causis
521 2598 674 2670 appellatio
693 2598 881 2667 prohibeatur.
901 2628 937 2641 -
955 2598 1015 2652 632.
1044 2600 1073 2651 ln
1094 2598 1213 2669 negotiis
1232 2598 1383 2653 extraindi·

293 2702 412 2758 cialibus
431 2705 587 2774 generatim
607 2705 779 2775 permittitur
797 2703 960 2773 appellatio,
972 2704 1020 2759 sed
1041 2704 1165 2773 pluribus
1177 2704 1205 2757 iu
1219 2704 1309 2757 causis
1323 2709 1384 2757 tan·

294 2814 352 2863 tum
372 2827 435 2864 cum
454 2812 555 2865 ellectu
574 2811 741 2864 deuolutivo.
754 2839 790 2851 -
802 2809 864 2863 633.
884 2808 1047 2879 Explicatur
1059 2824 1197 2880 quaenam
1215 2808 1272 2861 sint
1290 2807 1385 2861 huius-

293 2920 366 2972 moer
385 2936 492 2975 causae.
506 2948 541 2960 -
554 2920 615 2973 oar.
629 2920 666 2972 At
679 2897 829 2990 aliquanao
842 2919 870 2971 in
884 2918 927 2971 ms
946 2919 1067 2987 negotiis
1081 2918 1207 2972 absoluto
1221 2914 1384 2987 proneam·

294 3024 455 3094 appellatio,
468 3030 497 3080 et
511 3031 619 3079 tantum
633 3030 712 3095 patet
723 3041 852 3079 recursus
865 3024 899 3077 ad
913 3024 1075 3093 prinoipem.
1086 3053 1120 3065 -
1130 3024 1191 3077 635.
1202 3023 1306 3078 Verum
1319 3022 1385 3078 effe·

294 3138 356 3187 otus
373 3135 553 3204 suapermioas
571 3134 714 3188 obtinetur
732 3135 761 3186 in
781 3132 943 3187 memoratis
956 3134 1046 3185 censis
1064 3131 1174 3201 quaudo
1189 3130 1302 3185 eaedem
1321 3131 1383 3200 agi·

278 3241 391 3317 tantur
409 3238 504 3293 ordine
522 3238 655 3293 iudiciali.

294 3399 371 3464 629.
403 3400 578 3485 Appellare
608 3400 798 3486 qeneralim
828 3399 1019 3485 permissum
1051 3404 1100 3463 est
1128 3418 1327 3483 quacumque
1350 3400 1383 3464 in

202 3546 305 3592 eausa
328 3532 361 3593 et
383 3526 531 3591 omnibus
553 3528 607 3610 qui
630 3546 808 3611 gravamen
831 3525 989 3610 quoddam
1021 3526 1089 3589 sive
1119 3527 1152 3589 in
1176 3525 1292 3589 iudicio
1315 3526 1385 3591 sive

204 3654 303 3711 extra
326 3645 479 3711 iudicium
500 3646 673 3731 patiuntur,
691 3650 747 3710 aut
769 3665 804 3709 se
828 3664 870 3709 ex
894 3650 968 3709 actu
992 3643 1133 3709 iudiciali
1156 3649 1212 3708 aut
1234 3644 1382 3709 extraiu-

202 3771 313 3836 dieiali
338 3790 489 3856 passuros
513 3790 583 3836 esse
611 3771 736 3844 timent,
761 3772 878 3855 quippe
908 3769 1080 3855 appellatio
1109 3774 1157 3833 est
1187 3770 1310 3854 species
1333 3768 1385 3834 de·

106 3911 111 3921 ·
206 3897 375 3968 tensionis,
400 3916 501 3981 usque
525 3897 714 3978 cuicumque
730 3896 896 3980 permissa,
912 3894 973 3959 nisi
988 3914 1177 3980 expressae
1192 3895 1263 3959 iure
1278 3894 1387 3982 prohi-

204 4022 338 4098 beatur;
363 4022 405 4087 et.
430 4041 504 4105 cop.
529 4022 583 4094 61,
609 4021 640 4085 h.
666 4027 686 4086 t.
710 4021 752 4086 X.

297 4148 372 4215 630.
397 4150 618 4243 Quapropter:

296 4271 328 4359 1)
359 4272 406 4337 illi
440 4291 566 4356 quoque
596 4272 763 4358 appellare
799 4274 949 4357 possunt,
983 4271 1036 4355 qui
1071 4271 1187 4337 indicio
1221 4273 1384 4347 extranei,

203 4394 360 4461 damnum
383 4416 403 4460 a
425 4395 492 4461 lata
512 4396 670 4461 sententia
686 4395 911 4481 experiuntur,
931 4395 1022 4460 iuxta
1038 4414 1174 4479 eaquae
1191 4396 1330 4462 diximus
1345 4394 1385 4461 de

682 4676 689 4705 t
