3350 5117
300 286 345 363 50
824 302 908 350 rens
932 303 954 347 1.

295 428 390 512 prio,
408 426 491 511 quod
515 428 611 493 etiem
633 426 695 491 iuri
711 426 851 490 naturali
876 430 1139 512 repugnat;a1·g.
1157 445 1233 492 can.
1253 426 1404 493 Clericus
1420 425 1476 499 46,

300 573 391 621 cans.
416 553 463 635 11,
487 570 517 637 q.
543 554 560 615 1
583 550 641 637 (l).

389 674 422 761 4)
447 672 567 740 Concil.
591 670 680 738 Trid.
703 672 740 736 in
762 691 841 737 sess.
868 672 916 746 14,
941 693 969 740 c.
993 673 1027 754 5,
1053 674 1095 739 de
1117 672 1259 756 reform.
1285 679 1380 739 cavet
1402 693 1478 739 cen·

298 799 474 863 troversias
498 797 583 905 Q
607 794 728 859 iudices
752 801 1001 862 conservatores
1017 792 1146 881 (nempe
1169 794 1346 883 delegatos)
1366 800 1399 861 et
1422 813 1477 891 or·

299 920 441 987 dinarios
471 919 668 985 dirimendas
699 939 770 985 esse
797 939 857 1005 per
886 918 1035 986 arbitros
1061 919 1158 987 iuris.
1183 917 1344 986 Decernit
1371 920 1475 985 enim:

300 1044 475 1119 «Quodsi
499 1042 532 1107 in
556 1044 595 1108 iis
618 1043 723 1108 causis
748 1044 780 1108 in
804 1041 918 1126 quibus
945 1044 1013 1128 ipse
1044 1011 1121 1108 reus
1147 1043 1259 1125 fuerit,
1291 1044 1473 1129 contigerit,

297 1168 477 1235 etelectus
500 1166 539 1233 ab
557 1188 594 1233 eo
618 1172 838 1247 conservator,
863 1165 904 1230 ab
925 1172 1038 1233 actore
1050 1172 1219 1253 suspectus
1243 1186 1314 1233 esse
1334 1166 1470 1242 dicatur,

297 1300 352 1359 aut
375 1296 402 1359 si
425 1314 488 1377 que
515 1294 601 1359 inter
630 1294 714 1377 ipses
750 1291 882 1372 iudices,
918 1297 1182 1358 conservatorem
1206 1298 1239 1357 et
1263 1294 1473 1375 ordinarium,

299 1419 522 1483 controversia
545 1437 643 1502 super
666 1419 881 1503 competentia
908 1416 1137 1484 iurisdictionis
1172 1423 1244 1483 orta
1278 1418 1389 1499 fuerit,
1421 1438 1475 1484 ne-

298 1534 457 1626 quaquam
481 1544 513 1606 in
538 1560 634 1607 cansa
658 1540 863 1626 procedatur,
887 1541 994 1607 donec
1012 1560 1080 1624 per
1110 1540 1258 1607 arbitros
1287 1542 1326 1606 in
1351 1540 1471 1624 forma

296 1666 383 1731 iuris
406 1667 533 1747 electos,
556 1684 662 1748 snper
683 1664 874 1747 suspicione
897 1670 959 1730 aut
978 1664 1224 1731 iurisdictionis
1250 1668 1473 1749 competentia

294 1788 595 1870 sucritiudicatum
606 1810 637 1853 ».
651 1786 824 1856 Conflictns
836 1789 1070 1874 competentiae
1082 1790 1169 1852 inter
1181 1790 1289 1853 varias
1301 1788 1355 1855 SS.
1368 1787 1470 1875 Cong.

297 1917 389 1981 Rom.
403 1920 548 1991 exortam
565 1920 621 1980 aut
636 1916 721 1979 inter
736 1914 766 1980 S.
781 1915 880 2001 (long.
894 1919 927 1979 et
943 1914 1006 1978 alia
1021 1914 1195 1979 tribunalia
1211 1913 1381 1978 dirimendi
1397 1918 1472 1978 sunt

295 2062 315 2105 a
333 2036 501 2124 Supremo
518 2039 680 2107 tribunati
702 2038 912 2125 siponturac,
929 2058 971 2104 ex
986 2037 1105 2105 Codice
1122 2039 1325 2124 Gregoriano
1342 2039 1472 2123 saepius

296 2168 403 2247 citato,
428 2167 450 2249 5
473 2164 548 2231 386.

390 2287 444 2353 22.
468 2287 592 2353 Arbitri
616 2286 908 2370 compromissarii
930 2306 949 2351 e
973 2290 1087 2351 contra
1110 2287 1298 2353 voluntarii
1320 2286 1473 2352 dicuntur

294 2417 368 2501 quia
398 2396 645 2486 constituuntur,
670 2419 826 2497 quatenus
856 2412 1087 2478 contendentes
1115 2414 1147 2477 in
1171 2412 1242 2476 illos
1266 2412 1472 2498 compromit-

294 2542 365 2603 tere
388 2537 498 2603 velint.
524 2538 609 2602 Hinc
633 2538 786 2620 sequitur,
812 2541 922 2622 partes
945 2538 977 2600 in
1001 2535 1142 2601 arbitros
1172 2554 1300 2620 semper
1324 2554 1471 2620 compre·

295 2662 424 2727 mittere
445 2680 546 2745 posse,
571 2660 633 2724 nisi
658 2679 812 2745 expresse
835 2659 898 2724 hoc
920 2659 1133 2743 prohibeatur
1156 2678 1176 2723 a
1198 2660 1279 2723 iure.

383 2780 582 2847 Prohibetur
607 2782 638 2867 l)
663 2780 725 2845 illis
748 2782 802 2865 qui
826 2801 937 2845 rerum
959 2800 1091 2846 suarum
1112 2780 1250 2845 liberam
1265 2779 1470 2845 administra-

293 2914 413 2977 tionem
436 2910 489 2975 vel
513 2908 750 2993 dispositionem
782 2927 848 2971 non
870 2906 998 2971 habent.
1025 2908 1119 2972 Ratio
1142 2912 1200 2977 est,
1226 2908 1301 2990 quia
1327 2926 1472 2991 compre

293 3039 422 3100 missum
447 3035 474 3099 si
497 3033 721 3099 alienationem
751 3031 902 3115 explicite
932 3050 996 3095 non
1028 3030 1190 3115 importat,
1214 3036 1323 3097 tamen
1346 3036 1396 3095 est
1417 3028 1472 3095 via

293 3159 333 3225 ad
356 3159 598 3239 alienationem3
622 3163 720 3223 etex
744 3176 812 3242 reg.
838 3157 882 3221 84
906 3156 999 3221 Iuris
1024 3155 1062 3221 in
1091 3156 1114 3221 6
1139 3175 1157 3218 ‹
1177 3156 1263 3222 Cum
1292 3156 1471 3240 quidemn

293 3282 350 3347 eia
368 3280 570 3364 prohibetur
585 3279 697 3353 alicui,
714 3278 762 3343 act
784 3278 821 3343 id
844 3278 916 3343 alin
930 3298 1001 3345 non
1017 3278 1113 3345 debet
1127 3277 1262 3343 odrndtt
1280 3298 1309 3341 a.
1330 3277 1411 3343 Nam
1428 3298 1471 3343 ex

382 3562 421 3630 (l)
435 3560 541 3615 Notent
553 3561 662 3628 eruditi,
676 3565 707 3615 ut
719 3560 774 3614 iam
788 3559 968 3614 adverterunt
982 3560 1159 3614 Correctores
1173 3558 1291 3613 Romani
1305 3559 1339 3611 ad
1353 3559 1470 3611 citatum

292 3678 426 3719 canonem
444 3664 549 3720 decreti
567 3664 703 3731 Gratiani,
723 3663 796 3717 hunc
816 3668 923 3719 textum
946 3680 1001 3717 non
1021 3680 1081 3718 esse
1104 3663 1258 3731 germinum
1284 3664 1332 3718 sed
1357 3680 1470 3733 perver-

267 3798 272 3807 ·
292 3787 351 3823 sem
370 3771 512 3825 continere
532 3772 687 3827 versionem
705 3772 819 3825 canonis
838 3772 856 3823 9
871 3770 976 3825 concil.
991 3770 1232 3835 Chalcedonensis,
1246 3787 1271 3824 a.
1285 3770 1347 3837 341,
1360 3771 1470 3840 praeci·

293 3878 395 3947 pientia
409 3894 549 3931 recursum
563 3893 617 3931 nou
631 3877 664 3930 ad
678 3878 797 3931 arbitros.
810 3878 858 3931 sed
872 3878 906 3931 sd
920 3878 1069 3933 concilium
1083 3877 1253 3948 provinciale
1264 3860 1318 3933 zet.
1331 3876 1410 3931 Cerd.
1422 3878 1471 3931 Pi·

294 3987 347 4047 ἵνα,
367 3982 415 4037 lus
436 3985 510 4039 Eccl.
531 3984 783 4039 mascaronem.
804 3995 830 4039 et
849 4002 969 4039 monum.
990 3995 1053 4040 tom.
1073 3986 1096 4051 I,
1114 4004 1178 4057 pop.
1199 3987 1272 4039 526.
1292 3986 1423 4041 Ceterum
1441 3986 1472 4040 in

294 4091 414 4160 Corpore
433 4092 501 4145 iuris
519 4068 653 4147 cannen
673 4092 746 4148 alins
765 4092 886 4147 babetur
905 4110 993 4147 canon
1013 4092 1066 4147 hoc
1093 4108 1223 4161 expresse
1251 4092 1356 4146 iubens.
1375 4092 1467 4153 Quare

294 4196 363 4251 baec
382 4196 527 4267 discipline
545 4200 637 4267 potius
655 4200 806 4269 repetenda
824 4205 868 4255 est
886 4217 921 4255 ex
939 4200 1147 4255 consuetudine.
1163 4200 1267 4261 Verum
1286 4202 1325 4256 De
1342 4202 1470 4271 Angelis,

294 4306 320 4357 b.
341 4315 357 4357 t.
375 4324 402 4358 n.
421 4306 448 4373 2,
469 4306 497 4359 in
516 4322 619 4375 genere
637 4308 728 4377 quoad
747 4308 868 4362 arbitres
886 4308 955 4362 iuris
973 4308 1109 4362 advertit:
1127 4307 1211 4362 «Sed
1228 4309 1275 4363 isti
1289 4325 1369 4363 cesus
1388 4308 1472 4364 bodie

295 4411 426 4464 rarissimi
445 4414 523 4477 sunt;
543 4412 614 4466 unde
632 4412 680 4465 vix
699 4414 831 4483 estquod
850 4412 936 4468 babet
954 4414 1046 4468 locum
1065 4416 1171 4469 arbiter
1190 4415 1258 4469 iuris
1271 4434 1296 4471 n.
