3350 5117
503 312 546 356 ns
578 310 717 357 inmens
746 310 1011 359 sccassmsrrms
1281 291 1343 357 621

166 435 200 498 in
223 435 361 520 negotiis
385 433 713 499 extraiudicialibus»
740 453 816 504 nam
838 432 922 499 haec
945 434 1090 499 clausula
1119 436 1152 499 in
1181 436 1348 520 rescriptis

167 558 377 644 delegationis
401 579 572 624 causarum
596 558 735 623 iudiciali
753 557 866 623 ordine
890 578 910 623 a
932 558 1079 644 delegato
1094 556 1348 624 definiendarum

90 694 93 699 '
168 685 346 753 ordinario
370 688 434 750 vim
465 685 563 751 habet
594 684 787 770 impediendi
814 684 1079 769 appellationem,
1104 686 1194 751 salvo
1224 690 1348 751 tantum

167 828 329 877 recursus
352 810 495 876 remedio
519 807 576 895 (l).

257 1041 273 1076 c
293 1025 331 1089 m)
350 1026 394 1077 Ab
413 1023 578 1077 executione
598 1022 705 1091 piarum
724 1020 945 1090 dispositionum,
959 1025 1016 1075 tam
1036 1022 1064 1076 in
1084 1020 1184 1075 ultima
1202 1021 1349 1078 voluntate

168 1145 252 1200 quam
270 1130 343 1184 inter
361 1130 447 1183 vivos.
467 1127 541 1182 Trid.
562 1148 584 1183 c.
605 1129 634 1194 8,
652 1144 719 1182 sess.
738 1129 788 1180 22.

257 1240 322 1305 aa)
341 1241 366 1291 A
389 1238 509 1292 decretis
534 1236 662 1306 Episcopi
689 1236 854 1305 cogentibus
880 1236 997 1291 clericos
1021 1240 1078 1291 tum
1098 1236 1269 1305 saeculares,
1288 1242 1349 1291 tum

167 1342 311 1412 regulares
330 1343 414 1398 etiam
433 1340 584 1396 monachos
608 1346 638 1396 et
660 1346 805 1410 exemptos
824 1343 857 1394 ad
877 1342 1066 1411 processiones
1084 1342 1218 1411 publicas,
1237 1346 1348 1396 servata

168 1452 260 1503 tamen
279 1448 369 1501 forma
381 1452 468 1501 const.
482 1447 508 1501 S.
523 1447 566 1501 Pii
580 1446 604 1498 V
623 1449 640 1477 “
654 1446 715 1501 Etsi
726 1448 945 1502 merrdicanttum
958 1448 973 1466 ”
993 1451 1022 1501 et
1037 1446 1111 1501 circa
1124 1446 1347 1521 praecedentiam

167 1553 196 1606 in
221 1553 325 1608 eisdem
348 1554 423 1607 inter
441 1554 530 1607 dictos
549 1552 679 1616 clericos;
699 1569 806 1606 necnon
827 1570 844 1606 a
862 1552 981 1607 decretis
1001 1552 1123 1606 eiusdem
1147 1568 1228 1621 super
1250 1554 1347 1605 obser-

167 1659 263 1712 vantia
281 1675 462 1712 censurarum
480 1659 566 1713 etiam
585 1657 783 1727 episcopalium
803 1661 833 1712 et
851 1659 985 1711 festorum
1005 1656 1148 1712 dioecesis.

257 1785 273 1820 c
294 1766 323 1833 o)
340 1766 477 1821 Effectum
496 1766 688 1835 suspensivum
706 1782 762 1820 non
787 1766 861 1834 parit
885 1764 1037 1834 appellatio
1062 1782 1078 1818 a
1103 1765 1273 1835 praefixione
1292 1770 1348 1819 ter·

168 1871 237 1925 mini
255 1889 305 1942 pro
324 1872 470 1942 punitione
489 1871 627 1942 regularis
640 1872 777 1941 Episcopo
789 1888 845 1925 non
857 1871 984 1938 subiecti,
998 1871 1125 1941 degentis
1137 1872 1211 1925 intra
1224 1870 1347 1925 claustra

167 1977 340 2045 monasterii,
358 1979 406 2032 sed
425 1982 505 2033 extra
523 1978 647 2033 claustra
670 1979 777 2033 notorie
802 1978 991 2049 delinquentis
1013 1979 1141 2033 iacienda
1166 1996 1182 2032 a
1204 1978 1347 2048 superiore

169 2086 301 2157 regulari,
315 2091 344 2141 et
363 2102 412 2156 pro
432 2086 534 2140 notitia
552 2085 705 2155 punitionis
724 2084 880 2141 huiusmodi
894 2087 949 2139 iam
963 2087 1086 2141 inflictae
1100 2086 1235 2155 Episcopo
1248 2085 1345 2140 danda.
1364 2106 1368 2113 ·

256 2211 272 2245 c
292 2192 422 2258 Tandem,
437 2192 577 2262 aliquibus
595 2191 659 2245 aliia
678 2191 787 2273 casibus
805 2192 924 2253 omissis,
943 2191 990 2261 qui
1010 2191 1075 2245 data
1094 2190 1239 2245 occasione
1258 2190 1287 2243 in
1299 2208 1345 2244 ea·

167 2297 229 2353 dem
249 2299 298 2351 cit.
318 2298 519 2352 constitutione
538 2301 555 2329 ‘⁶
575 2298 621 2351 Aa
638 2298 784 2351 militantis
798 2298 813 2317 '⁹
833 2300 949 2367 possunt
967 2295 1083 2366 perlegi,
1097 2313 1150 2349 non
1170 2300 1297 2350 servatur
1318 2296 1345 2348 in

167 2406 329 2473 suspensivo
348 2404 499 2474 appellatio
518 2422 535 2458 a
553 2405 674 2459 decretis
692 2402 896 2474 episcopalibus
909 2404 983 2457 circa
1001 2403 1159 2457 clausuram
1172 2402 1345 2467 monialium,

168 2524 201 2562 ac
214 2509 387 2579 punitionem
400 2508 621 2580 delinquentium
634 2510 796 2574 incendam,
807 2514 836 2564 et
847 2525 977 2578 personas
990 2510 1065 2563 intra
1075 2508 1188 2563 eandem
1202 2507 1344 2577 degentes.

258 2633 274 2667 c
294 2615 363 2669 Item
383 2632 400 2669 a
417 2614 537 2671 decretis
556 2615 759 2686 episcopalibus
777 2616 852 2668 circa
871 2630 987 2668 examen
1007 2628 1057 2683 pro
1081 2614 1280 2683 approbatione
1299 2612 1344 2666 vel

168 2722 363 2790 reprobatione
382 2723 611 2777 confessariorum
631 2721 792 2777 earumdem
810 2726 868 2776 tam
886 2720 1089 2775 ordinariorum
1113 2736 1195 2789 quam
1221 2723 1346 2774 extraor-

167 2822 346 2890 dinariorum,
365 2828 394 2878 et
412 2830 469 2877 tam
488 2824 673 2879 saecularium
692 2840 775 2894 quarn
794 2823 964 2892 regularium
977 2823 1185 2893 quomodolibet
1204 2830 1346 2893 exempto·

167 2948 238 2998 rum,
256 2933 341 2985 etiarn
366 2949 417 3001 pro
444 2932 613 2986 monialibus
638 2934 771 2987 subiectis
795 2933 863 3001 ipsis
887 2932 1073 3002 regularibus,
1092 2949 1142 2987 nec
1167 2948 1222 2985 non
1247 2934 1345 2985 contra

167 3038 326 3093 earumdem
346 3039 488 3093 ministros
506 3039 534 3091 in
548 3040 748 3108 temporalibus
761 3044 790 3095 et
802 3040 873 3093 alios
886 3054 1074 3109 quoscumque
1093 3037 1227 3093 officiales
1239 3054 1344 3102 earum;

167 3143 257 3213 quoad
282 3160 348 3198 vero
372 3149 515 3213 exemptos
538 3149 568 3198 et
593 3144 746 3212 regulares,
770 3149 882 3198 servata
906 3145 994 3197 forma
1019 3145 1129 3197 constit.
1154 3143 1268 3213 Gregor.
1291 3142 1345 3197 XV

168 3252 185 3281 “
203 3250 387 3307 inscrutabili
404 3252 420 3272 ''
440 3270 464 3305 a.

239 3358 279 3432 (l)
291 3359 371 3414 Iuvat
384 3360 488 3414 reterre
501 3358 683 3414 celeberrima
695 3358 806 3413 decreta
824 3358 934 3427 saepius
947 3356 1033 3410 citata
1046 3356 1344 3422 Clem.Vllla.1600,·

167 3474 232 3523 sunt
249 3468 392 3538 sequentis
410 3467 530 3521 tenoris:
548 3482 566 3522 c
580 3466 621 3519 Ad
641 3464 779 3519 tollendas
797 3464 996 3533 ambiguitates
1009 3469 1038 3518 et
1050 3464 1253 3518 controversias
1265 3463 1345 3516 iuris*-

166 3577 339 3642 dictionales,
357 3592 428 3646 quae
448 3575 521 3629 inter
540 3574 758 3643 appellationum
772 3580 800 3628 et
813 3575 913 3644 prioris
926 3575 1076 3629 instantiae
1091 3575 1204 3639 indices,
1216 3590 1271 3628 non
1285 3574 1345 3627 sine

167 3684 287 3754 partium
306 3681 448 3751 dispendio
467 3696 618 3751 cursusque
637 3680 761 3735 iustitiae
779 3680 984 3750 impedimento,
999 3684 1027 3735 et
1040 3698 1122 3750 saepe
1135 3698 1197 3734 cum
1216 3678 1363 3735 scandalo·

166 3790 308 3857 oriuntur,
327 3787 412 3843 Sacra
430 3788 632 3858 congregatio,
652 3788 743 3841 causis
761 3787 960 3857 Episcoporum
986 3787 1156 3856 praeposita,
1175 3787 1250 3840 facta
1269 3787 1345 3855 prius

165 3893 303 3949 relations
321 3892 367 3945 SS.
382 3892 412 3944 Ι).
427 3892 459 3945 N.
479 3891 616 3945 Clementi
636 3892 729 3961 Papae
748 3888 810 3944 Vlll
828 3907 862 3944 ac
881 3889 914 3944 de
933 3890 1097 3944 Sanctitatis
1116 3889 1188 3943 Suae
1207 3889 1346 3955 mandate,

166 3999 247 4053 vivae
265 4000 340 4053 vocis
359 3998 473 4052 oraculo
491 3998 608 4066 desuper
626 3996 731 4064 habito,
745 3997 774 4049 in
792 3995 875 4063 hunc,
888 3996 936 4067 qui
949 3970 1074 4067 sequitur
1087 3996 1198 4049 modum
1211 3998 1245 4049 ab
1258 3995 1347 4050 omni-

166 4108 219 4161 bns
243 4106 277 4159 ad
301 4122 370 4176 quos
389 4108 497 4175 spectat
520 4105 549 4158 in
574 4107 715 4173 posterum
734 4104 809 4171 fieri,
830 4120 863 4157 ac
887 4104 992 4158 servari
1017 4103 1118 4158 debere
1143 4102 1298 4167 mandavit,
1318 4104 1346 4155 et

167 4208 287 4262 mandat.
307 4206 328 4262 1.
347 4205 567 4275 ltletropolitaui‚
586 4205 804 4276 Archiepiscopi,
826 4205 963 4260 Primates
981 4210 1031 4259 aut
1050 4203 1230 4260 patriarchae
1244 4204 1272 4257 in
1285 4203 1347 4257 Suf-

165 4319 314 4385 fraganeos
332 4329 462 4389 eorrrmve
480 4312 605 4366 subditos
624 4328 678 4366 non
697 4311 830 4382 iudicent,
848 4311 902 4365 nisi
921 4311 951 4365 in
969 4311 1079 4365 casibus
1093 4329 1110 4365 a
1123 4310 1182 4365 iure
1199 4309 1344 4381 expressis.

166 4417 199 4471 ll.
218 4417 287 4471 item
306 4432 356 4471 nec
375 4414 424 4469 alii
443 4414 613 4485 Superiores,
631 4413 717 4469 etiam
735 4412 842 4480 Nuntii,
855 4414 899 4469 vel
914 4414 1013 4484 Legati
1027 4415 1059 4469 de
1078 4412 1176 4483 latere,
1188 4412 1345 4485 specificam
