3350 5117
542 303 585 350 DE
610 303 748 352 tumens
771 305 1037 356 ECCLESIASTICIS
1311 287 1373 352 661

195 420 223 488 3
245 421 299 491 De
320 423 541 492 solutionibus
563 426 598 490 X
611 425 683 514 (ΙΙΙ.
700 426 757 514 23)
775 429 860 496 unde
883 431 1022 497 clericus
1046 433 1078 496 in
1102 429 1281 496 actionibus
1304 449 1379 516 per-

194 545 359 612 sonalibus
383 567 447 612 non
471 550 732 636 provenientibus
755 573 798 618 ex
821 553 939 621 delicto
954 555 1007 620 vel
1030 556 1121 639 quasi
1144 554 1262 619 delicto
1286 558 1320 618 et
1343 554 1377 618 in
1454 627 1456 631 ,

194 670 310 753 quibus
333 673 402 736 sine
426 672 498 738 dolo
522 693 556 738 se
580 675 687 760 gessit,
705 695 768 740 non
792 682 898 761 potest
912 678 984 763 cogi
999 678 1047 744 od
1063 677 1251 744 cedendum
1268 675 1374 749 bouis.

197 813 239 858 ne
262 795 307 858 illi
332 798 461 862 omnino
484 797 567 862 desit
589 819 733 886 congrua
757 803 963 877 sustentatio;

286 921 319 1005 2)
343 921 517 986 secundum
542 924 743 1010 privilegium
768 927 961 992 enunciatur
983 927 1016 990 in
1040 927 1086 992 tit.
1104 927 1154 992 29
1169 927 1220 994 De
1242 925 1374 992 clericis

192 1044 494 1129 pereprtnonb'bus
519 1046 552 1109 X
578 1045 638 1130 (ΙΙ,
663 1047 718 1132 29)
750 1053 782 1112 et
811 1050 914 1134 magis
945 1048 1179 1114 determinatur
1208 1050 1242 1112 in
1273 1055 1376 1114 const

198 1167 333 1252 Eugenii
363 1169 413 1234 IV
444 1168 500 1234 sub
532 1190 564 1235 a.
590 1169 615 1236 3
641 1171 691 1238 De
716 1171 807 1255 prio.
839 1173 930 1238 inter
959 1178 1224 1260 astronomica
1253 1191 1375 1240 comm.

194 1293 251 1377 (V,
268 1293 311 1378 7).
333 1291 371 1357 In
395 1292 458 1359 hac
481 1295 706 1362 constitutione
730 1296 787 1362 sub
811 1317 915 1383 poena
939 1299 1095 1364 nullitatis
1117 1303 1264 1364 actorum
1289 1297 1376 1363 Pon·

195 1417 278 1484 tifex
301 1417 425 1486 inhibet
448 1419 629 1486 Ordinariis
652 1420 903 1505 quibuscumque
926 1422 1072 1489 locorum
1095 1429 1128 1488 et
1151 1441 1264 1488 eorum
1287 1442 1376 1489 com-

195 1543 351 1606 missoriis
375 1562 416 1606 ne
438 1549 554 1609 contra
577 1543 730 1610 officiales
753 1547 892 1612 Sanctae
908 1546 998 1614 Sedis
1014 1549 1047 1612 in
1063 1546 1210 1630 obsequis
1230 1547 1374 1614 eiusdem

194 1668 373 1731 existentes
396 1674 428 1732 et
451 1688 665 1754 quoscumque
689 1671 777 1735 alios·
800 1691 860 1757 pro
883 1673 948 1737 suis
978 1677 1011 1736 et
1041 1691 1154 1737 eorum
1186 1673 1291 1737 causis
1319 1673 1372 1736 rel

196 1792 333 1878 negotiis
356 1792 586 1877 prosequendis
613 1791 654 1857 ad
678 1793 792 1859 Sedem
816 1795 1034 1880 Apostolicam
1063 1797 1230 1862 venientes
1258 1801 1292 1860 et
1314 1796 1376 1862 du·

196 1920 291 1980 rante
303 1917 505 2000 negotiorum
522 1919 746 2004 prosecutione
762 1939 862 2004 penes
874 1919 1017 1984 eamdem
1031 1925 1268 1984 commorantes
1284 1925 1317 1985 et
1332 1919 1374 1985 ab

194 2037 309 2104 eadem
334 2039 532 2123 recedentes,
549 2041 726 2127 procedere
748 2047 803 2109 aut
819 2044 851 2108 in
867 2063 923 2108 eos
946 2045 1296 2124 excommunicationis,
1314 2065 1369 2109 su-

194 2163 375 2246 spensionis
389 2168 422 2229 et
437 2163 597 2230 interdicti
614 2169 670 2229 aut
685 2165 874 2249 privationis
889 2161 1070 2230 officiorum
1086 2171 1119 2231 et
1137 2164 1369 2233 beneficiorum

196 2303 254 2348 seu
270 2285 416 2367 quamvis
434 2284 531 2349 aliam
551 2286 741 2350 sententiam
757 2286 966 2372 promulgare
982 2293 1199 2371 praesumant.
1217 2286 1279 2354 Sed
1296 2287 1373 2352 huic

196 2409 415 2474 constitutioni
444 2409 634 2496 derogatum
665 2415 714 2475 est
740 2431 896 2496 expresse
922 2431 983 2496 per
1014 2411 1111 2476 Oooc.
1144 2410 1368 2476 Tridentinum

195 2532 300 2615 quoad
317 2533 476 2619 parochos
492 2533 627 2618 illosque
643 2555 753 2600 omnes
770 2536 821 2619 qni
838 2533 1028 2602 beneficium
1045 2535 1235 2617 obtinentes,
1249 2537 1300 2600 cui
1317 2535 1376 2600 ad·

197 2681 284 2726 nexa
307 2669 355 2727 est
370 2681 451 2728 cura
466 2665 645 2728 animarum
667 2663 860 2728 residentiae
882 2664 988 2749 legem
1012 2683 1077 2727 non
1093 2662 1275 2728 observant.
1293 2663 1375 2728 Nam

198 2787 375 2852 Concilium
399 2788 432 2851 in
454 2807 532 2854 sess.
557 2787 616 2862 23,
642 2807 715 2871 cap.
739 2789 758 2851 1
781 2787 833 2854 De
855 2787 919 2870 ref.
943 2790 1055 2852 statuit
1078 2788 1254 2872 Episcopus
1282 2806 1376 2872 posse

153 2881 156 2888 Ι
197 2911 376 2996 procedere
399 2915 612 2978 contraistos
636 2911 825 2998 peremnia
853 2911 998 2975 remedia
1028 2911 1108 2976 iuris
1140 2910 1174 2974 in
1202 2929 1267 2974 non
1298 2910 1378 2975 resi·

195 3035 311 3102 dentes
330 3042 524 3124 comparata,
543 3055 602 3100 nec
618 3036 841 3101 executionem
857 3036 943 3100 hanc
959 3054 1052 3120 posse
1074 3034 1225 3120 suspendi
1249 3039 1374 3119 praete

199 3166 256 3228 xtu
279 3161 473 3228 residentiae
497 3163 530 3225 in
554 3161 651 3226 Curia
673 3162 786 3246 vigore
809 3161 1019 3246 Eugenianae
1049 3161 1297 3226 constitutionis.

289 3287 430 3352 Proinde
460 3287 643 3353 constitutio
676 3287 812 3372 Eugenii
838 3286 888 3350 IV
911 3290 961 3350 est
983 3285 1131 3371 specialis
1162 3285 1377 3370 praescriptio

197 3410 302 3494 quoad
324 3412 530 3498 privilegium
553 3411 722 3477 admodum
746 3399 925 3483 extensum,
940 3415 972 3476 et
996 3411 1124 3476 clericis
1148 3416 1181 3476 ot
1197 3411 1288 3476 laicis
1304 3430 1378 3475 con·

195 3553 323 3598 cessum
340 3535 373 3599 in
388 3534 479 3600 titulo
494 3534 544 3600 De
565 3533 695 3600 clericis
714 3531 1017 3618 permanantibus
1033 3533 1067 3597 X
1081 3532 1138 3617 (ΙΙ,
1155 3533 1221 3618 29),
1238 3533 1271 3598 vi
1286 3535 1378 3598 cuius

198 3657 444 3744 peregrinantes
469 3658 602 3722 Romam
627 3661 660 3720 et
683 3656 817 3720 Romam
841 3655 1011 3722 venientes
1033 3656 1098 3720 litis
1124 3653 1378 3721 introducendae
1429 3683 1432 3690 ·

198 3781 251 3844 vel
274 3781 496 3866 appellationis
520 3799 626 3852 causa,
652 3783 866 3865 proteguntur
888 3781 922 3845 in
946 3782 1012 3846 suis
1034 3780 1127 3845 bonis
1157 3780 1197 3845 ob
1227 3777 1377 3846 effectum

196 3907 419 3990 suspensivum
449 3907 634 3972 necessario
662 3904 886 3970 inhaerentem
918 3905 951 3969 in
979 3905 1044 3972 litis
1072 3906 1125 3971 vel
1154 3906 1380 3992 appellationis

197 4026 385 4112 pendentia;
411 4029 463 4112 qui
487 4025 620 4094 effectus
643 4029 849 4112 suspensivus
879 4028 1098 4095 tantummodo
1129 4029 1222 4096 deest
1251 4029 1379 4114 quando

195 4156 351 4242 explicite
373 4156 594 4242 prohibeatur,
610 4157 655 4221 uti
675 4156 796 4220 lactum
819 4161 869 4220 est
891 4156 1024 4222 aOonc.
1043 4156 1130 4222 Trid.
1148 4157 1182 4221 in
1206 4157 1228 4223 l.
1245 4143 1273 4223 c.
1290 4161 1324 4221 et
1345 4157 1380 4221 in

195 4281 268 4346 aliis
291 4281 513 4367 appellationis
536 4282 650 4352 causis,
668 4278 780 4364 quibus
803 4285 927 4346 tantum
948 4280 1150 4347 devolutivus
1165 4301 1229 4346 non
1247 4302 1379 4367 suspen-

196 4405 285 4470 sivus
310 4401 442 4471 effectus
466 4404 638 4470 obtinetur.
