3350 5117
324 333 391 401 296
848 356 932 404 rens
957 357 978 404 1.

323 478 548 561 meminisse,
573 477 782 545 subveniendi
804 485 925 546 metum
948 482 1050 567 passis
1073 480 1190 566 quoad
1211 481 1368 548 eumden
1386 486 1503 548 actum

323 609 416 670 metu
438 609 610 672 extortum
633 605 691 691 (Ι).

412 854 453 922 (l)
472 853 548 909 llaec
566 854 668 910 iterum
686 858 753 909 noto
772 833 863 925 quoad
882 856 1046 910 iniustitiam
1064 859 1164 923 metus,
1182 856 1248 927 quia
1267 855 1388 910 remedia
1407 871 1425 908 e
1443 854 1505 910 iure

324 974 455 1015 concessa
473 959 507 1012 ad
525 958 719 1015 rescindendos
736 963 817 1014 actus
841 965 918 1015 metu
942 961 1066 1027 affectos,
1090 961 1208 1016 tendunt
1232 960 1266 1014 ad
1287 958 1504 1031 propulsandam

325 1074 415 1122 metus
433 1069 605 1122 admittam.
625 1067 706 1124 Unde
730 1068 841 1140 quando
869 1073 960 1124 metus
978 1074 1021 1124 ost
1039 1073 1137 1136 iustus,
1162 1069 1214 1124 etsi
1234 1069 1423 1138 gravissimus,
1447 1083 1504 1121 non

324 1173 405 1226 datur
423 1178 502 1227 actus
519 1176 649 1229 rescissio
662 1177 713 1228 aut
729 1175 857 1228 nullttns.
872 1175 944 1229 Hinc
964 1174 1018 1228 DD.
1038 1175 1085 1247 qui
1104 1179 1259 1240 autumant,
1273 1173 1395 1228 remedia
1412 1177 1506 1228 metus

324 1282 409 1333 causa
426 1279 535 1349 prodita
553 1282 748 1348 invocari,etsi
762 1287 854 1338 metus
873 1299 928 1338 non
947 1283 984 1338 sit
1002 1287 1129 1338 incussus
1147 1283 1182 1336 ed
1200 1281 1421 1353 extorquendum
1439 1296 1507 1334 eon·

325 1402 449 1454 sensum,
475 1388 591 1456 probare
616 1387 726 1454 debent,
751 1399 857 1445 metum
883 1393 983 1444 iniuste
1008 1391 1118 1446 afficere
1140 1390 1225 1445 etiam
1244 1390 1324 1444 illum
1348 1393 1443 1443 actum
1469 1386 1504 1441 ad

325 1508 408 1563 quern
423 1507 478 1546 non
492 1491 547 1546 fuit
558 1493 688 1548 directus.
702 1493 755 1548 Sed
768 1510 822 1548 non
835 1494 947 1550 videtur
959 1512 1064 1561 verum,
1078 1495 1101 1548 si
1115 1494 1274 1550 attendatur
1287 1497 1378 1548 metus
1391 1492 1505 1547 iniusti·

324 1599 394 1652 tiam
418 1599 556 1654 contineri
580 1600 610 1654 in
633 1600 809 1670 oppositione
832 1599 958 1656 violenta
977 1600 1058 1655 liberi
1077 1601 1187 1670 agentis
1205 1599 1358 1655 obnitentis
1382 1597 1503 1653 liberum

325 1709 456 1770 agentem
475 1703 636 1773 pertrahere
649 1703 683 1758 ad
696 1709 789 1758 actum
808 1706 844 1760 ab
863 1705 919 1758 isto
937 1721 991 1758 non
1011 1704 1139 1759 electum.
1152 1703 1243 1765 Quare
1255 1703 1395 1782 iniustitia
1413 1707 1506 1758 matus

324 1809 412 1864 afficit
428 1814 521 1864 actum
540 1809 574 1863 ad
592 1826 674 1880 quem
693 1810 836 1865 incutitur.
862 1838 899 1851 -
920 1810 995 1866 Haec
1013 1811 1141 1882 quaestio
1161 1826 1214 1864 non
1233 1815 1276 1864 est
1293 1811 1323 1862 in
1340 1810 1428 1879 preci
1443 1813 1501 1862 tam

324 1911 426 1980 gravis,
437 1912 547 1983 quando
566 1929 650 1967 causa
668 1918 711 1968 est
734 1913 769 1968 de
787 1913 905 1980 actibus,
921 1914 969 1984 qni
988 1913 1104 1982 imperio
1123 1911 1222 1966 iudicis
1240 1915 1355 1980 possunt
1373 1910 1503 1976 rescindi,

325 2015 414 2070 veluti
431 2021 598 2071 contractus.
613 2045 647 2059 -
660 2017 828 2071 Gravissima
848 2022 891 2072 est
904 2017 1013 2088 quando
1032 2019 1177 2089 quaeritur
1189 2017 1223 2072 de
1242 2017 1336 2071 valore
1355 2021 1444 2082 actus,
1456 2017 1504 2086 qni

325 2125 370 2180 vel
387 2125 482 2180 nullus
501 2133 543 2180 est
555 2129 591 2180 ab
604 2127 693 2192 initio,
702 2125 747 2182 vel
766 2143 909 2198 nunquam
923 2131 1015 2197 potest
1027 2126 1154 2192 rescindi,
1170 2130 1269 2196 utputa
1284 2124 1502 2178 matrimonium.

326 2261 359 2272 -
379 2231 415 2285 Et
432 2233 560 2303 quaestio
577 2249 611 2288 eo
629 2232 799 2302 complexior
818 2237 870 2296 est,
885 2234 951 2304 quia
970 2233 1024 2286 DD.
1045 2249 1099 2287 non
1121 2232 1291 2286 conveniunt
1309 2247 1344 2284 an
1364 2234 1431 2283 mat.
1450 2229 1504 2282 sub

325 2337 481 2392 huiusmodi
500 2346 577 2394 metu
595 2339 674 2408 gravi
686 2339 724 2392 sit
742 2339 852 2392 irritum
866 2355 900 2394 ex
918 2343 982 2393 iure
1000 2339 1127 2392 naturali
1145 2355 1180 2392 an
1200 2355 1234 2393 ex
1247 2341 1310 2392 iure
1326 2337 1506 2406 positivo.-

327 2443 354 2496 Si
373 2444 482 2499 dicatur
499 2462 534 2500 ex
547 2446 607 2500 iure
626 2444 747 2499 naturali
760 2459 821 2499 esse
839 2445 960 2511 irritum,
974 2448 1040 2498 tunc
1058 2445 1093 2498 ad
1107 2444 1214 2498 nullum
1233 2440 1430 2498 declarandum
1445 2457 1509 2494 ma·

324 2553 495 2620 trimonium,
513 2553 596 2607 debet
614 2553 724 2622 probari
744 2555 772 2607 in
792 2570 856 2608 casu
878 2569 933 2607 non
955 2569 1017 2608 eam
1034 2552 1155 2607 adfuisse
1173 2551 1438 2622 libertatem,quam
1456 2567 1507 2604 na-

325 2666 407 2716 turae
424 2661 471 2716 lex
490 2662 607 2732 requirit
625 2662 652 2715 in
678 2668 824 2717 contractu
843 2661 1051 2716 matrimoniali.
1071 2660 1101 2714 Si
1120 2677 1188 2716 vero
1206 2666 1337 2716 teneatur
1358 2647 1508 2714 matrimo-

326 2767 403 2818 nium
421 2765 529 2819 nnllnm
548 2783 607 2821 esse
625 2783 660 2821 ex
679 2767 740 2823 inre
759 2767 878 2835 positivo
898 2769 938 2834 (et
957 2771 1000 2819 est
1019 2766 1160 2820 sententia
1179 2765 1262 2836 longe
1281 2765 1374 2820 verior
1392 2770 1422 2820 et
1442 2782 1508 2834 pro-

326 2871 457 2940 babilior)
475 2877 543 2926 tunc
560 2877 671 2942 oportet
688 2873 849 2928 adinvenire
871 2877 977 2928 textum
996 2873 1065 2926 iuris
1084 2871 1156 2926 hene
1174 2872 1333 2927 nullitatem
1355 2872 1508 2928 decernen-

326 2982 391 3032 tem.
404 3007 438 3019 -
458 2977 582 3032 lamvsro
600 2979 692 3049 capita
709 2994 781 3049 quae
799 2977 1125 3046 afferuntur,decernunt
1144 2978 1178 3032 de
1196 2989 1259 3033 met.
1278 2981 1381 3032 iniusto
1395 2982 1508 3032 incana

324 3085 363 3137 ad
386 3085 610 3154 extorquendum
634 3099 808 3138 consensum.
833 3083 925 3153 Caput
944 3085 963 3150 l,
991 3085 1031 3138 De
1055 3085 1099 3136 his
1123 3101 1194 3154 quoe
1218 3087 1247 3137 ol
1270 3093 1394 3138 metuere
1413 3099 1509 3150 causa,

328 3190 366 3255 X,
383 3191 456 3262 quod
480 3191 550 3244 citat
574 3189 821 3260 Schmalzgrusber
847 3191 932 3245 etiam
957 3191 985 3243 in
1005 3191 1037 3242 L.
1060 3189 1155 3258 1v‚1‚
1181 3207 1207 3242 a.
1233 3189 1306 3255 398,
1326 3189 1367 3243 uti
1387 3190 1510 3258 probans

326 3315 406 3352 suam
424 3298 600 3365 sententiam,
619 3302 715 3367 aperte
732 3297 858 3353 decernit
882 3298 915 3353 de
939 3313 1005 3352 casu
1023 3302 1114 3352 metus
1132 3301 1216 3352 antea
1234 3273 1337 3350 incussi
1360 3297 1395 3350 ad
1419 3295 1510 3350 alium

325 3420 447 3474 scopum,
467 3405 515 3460 sed
533 3405 580 3475 qui
600 3407 733 3471 aufertur,
744 3405 768 3458 si
786 3407 934 3458 emittatur
953 3403 1086 3473 professio
1106 3402 1246 3473 religiosa,
1268 3403 1307 3457 uti
1334 3403 1390 3457 iam
1416 3401 1510 3472 expli-

326 3510 458 3564 cavimus.
477 3539 492 3552 ·
511 3510 542 3565 ln
566 3528 626 3581 cap.
645 3511 697 3576 28,
711 3511 752 3564 De
770 3527 873 3580 spons,
889 3511 919 3565 X
937 3509 994 3578 (lV,
1014 3509 1088 3577 l),flt
1107 3509 1247 3579 generalis
1266 3510 1450 3579 praescriptio
1475 3507 1510 3565 de

324 3616 457 3672 libertate
475 3619 632 3673 necessaria
655 3617 690 3671 ad
713 3619 884 3672 matrimonii
904 3617 1090 3684 validitatem,
1110 3617 1157 3671 sed
1177 3633 1230 3671 non
1250 3617 1417 3684 decernitur,
1436 3617 1510 3671 hanc

328 3725 486 3780 libertatem
505 3727 615 3780 auferre
634 3726 719 3780 etiam
737 3729 844 3780 metum
863 3725 1003 3779 incussum
1022 3723 1056 3778 ad
1076 3724 1161 3778 alium
1181 3728 1275 3778 actum
1288 3697 1510 3794 extorquendum

279 3906 281 3910 ,
325 3833 371 3888 vel
389 3834 424 3888 ad
448 3833 535 3888 alium
553 3851 675 3904 scopum,
688 3850 743 3888 non
762 3833 798 3887 ad
816 3849 982 3888 consensum
996 3832 1230 3888 matrimonialem
1244 3832 1435 3887 obtinendum.
1449 3832 1509 3886 lmo

326 3941 412 3994 verba
430 3942 528 4011 capitis
546 3940 599 3996 etsi
618 3938 762 4009 generalia
780 3954 836 3993 non
855 3939 971 3992 obscure
990 3937 1120 3994 videntur
1138 3937 1192 3992 huc
1211 3942 1390 4008 spectarent
1408 3937 1512 3993 mulier

326 4059 399 4114 quae
423 4043 579 4113 exprimere
597 4042 680 4098 debet
698 4058 863 4097 consensum
882 4041 1126 4108 matrimonialem,
1143 4047 1294 4111 reponatur
1312 4043 1341 4096 in
1365 4040 1427 4096 loco
1447 4045 1511 4095 tuto

326 4165 376 4204 seu
397 4148 515 4202 immuni
532 4167 550 4202 a
569 4150 762 4219 praepotentia
786 4147 909 4212 illorum,
924 4147 972 4218 qui
996 4145 1069 4202 huno
1093 4163 1257 4202 consensum
1283 4148 1391 4204 vellent
1413 4151 1512 4202 extor-

327 4269 421 4323 quere.
437 4281 473 4294 -
490 4251 611 4307 Aliunde
629 4269 710 4306 casus
729 4256 820 4307 metus
838 4253 936 4306 iniusti
952 4268 1010 4305 noa
1027 4252 1132 4305 incussi
1149 4255 1187 4306 nd
1206 4255 1430 4322 extorquendum
1444 4269 1510 4308 coa·

330 4373 444 4413 sensum
467 4363 510 4414 est
534 4375 670 4429 perrarus,
689 4364 719 4414 et
743 4359 787 4413 ius
810 4359 962 4429 positivum
988 4357 1109 4412 attendit
1133 4375 1213 4412 casus
1236 4358 1376 4414 ordinarie
1398 4359 1512 4414 contin·

332 4468 438 4535 gentas.
