3350 5117
542 354 584 399 nn
609 353 748 401 marcus
772 352 1037 401 accussmsrrcrs
1316 332 1380 397 103

288 478 418 543 Verum
441 479 516 561 quia
539 478 744 563 experientia
766 474 874 542 docuit
890 475 1071 543 huiusmodi
1088 476 1379 563 praesumptionem
1468 530 1492 610 Α
1539 570 1546 579 ¹
1555 522 1572 602 Ι

197 598 371 683 aliquando
394 600 525 663 veritati
549 617 615 663 non
640 617 832 685 congruere,
863 598 1039 664 Concilium
1063 596 1207 661 Trideut.
1231 614 1306 678 cap.
1323 566 1452 668 Idi-d
1483 584 1621 680 *Q*

200 723 286 789 Sese.
303 723 354 789 25
376 723 428 789 De
443 722 519 806 Res.
537 725 658 797 statuit,
683 732 719 789 ut
742 727 880 810 seposita
902 725 1163 810 praesumptione
1186 722 1309 787 veritas
1330 727 1380 785 at·
1393 709 1548 820 ἢθη·
1591 720 1597 731 “
1641 753 1646 763 -

197 848 396 921 tenderetur,
430 848 616 935 disponeus:
644 870 662 913 ‹
686 850 723 914 in
752 848 899 935 sinpulis
925 846 1082 916 Conciliis
1104 844 1380 914 Prouincialium
1394 849 1408 896 ἰ
1454 867 1471 942 ᾗ
1487 780 1650 938 ΝΜ.

198 978 259 1039 aut
289 972 509 1040 Dioecesanis
542 975 672 1059 aliquot
698 993 878 1057 personas,
903 993 992 1058 quae
1019 974 1198 1057 qualitates
1234 971 1381 1037 trabeam
1395 933 1472 1069 its-¹
1490 985 1513 1026 t·
1546 957 1661 1049 ”⁴2

198 1100 299 1164 iunia
318 1099 429 1165 Consi.
447 1100 619 1183 Bonifatii
641 1100 726 1165 Vlll
740 1120 829 1185 quae
852 1100 972 1183 incipit
988 1136 1005 1148 -
1025 1100 1195 1165 Statutum
1212 1134 1230 1146 -
1255 1102 1286 1163 et
1301 1096 1381 1162 ulio·
1398 1074 1598 1222 w'pssw‘*
1633 1091 1637 1100 “

201 1224 287 1307 quin
304 1224 351 1289 ad
365 1224 402 1289 id
418 1229 525 1308 aptas,
542 1224 726 1311 desipueri,
744 1230 781 1288 ul
801 1230 943 1307 praeter
958 1222 1155 1290 ordinarios
1170 1224 1323 1290 locorum
1338 1222 1381 1286 iis
1407 1194 1463 1325 op
1475 1213 1529 1270 θλ
1546 1239 1566 1251 -

197 1348 300 1413 edum
319 1348 464 1431 posthac
486 1368 612 1415 causae
629 1350 873 1416 ecclesiasticae
888 1370 930 1415 ac
944 1350 1140 1433 spirituales
1155 1356 1185 1415 et
1202 1350 1248 1415 ad
1262 1349 1381 1432 sornam

197 1472 475 1539 Ecclesiasticum
503 1474 713 1557 pertinentes
734 1474 771 1539 in
799 1474 959 1557 partibus
987 1476 1199 1561 delepandae
1228 1475 1381 1542 commit-

198 1600 317 1659 tantur
340 1593 387 1679 (l)
404 1616 433 1659 ›.
461 1594 585 1659 ludices
602 1595 714 1659 taliter
730 1594 824 1659 electi
841 1597 948 1659 vocati
970 1595 1104 1659 fuerunt
1120 1594 1309 1681 Synodales‚
1326 1595 1380 1678 qui

197 1718 346 1805 delegata
369 1719 492 1805 pollent
514 1721 707 1785 auctoritate
730 1739 789 1805 pro
814 1720 949 1805 singulis
980 1723 1085 1786 causis
1112 1740 1132 1785 a
1155 1721 1274 1787 Sancta
1297 1716 1381 1783 Sede

197 1845 394 1918 commissis;
419 1852 453 1911 ut
477 1844 616 1910 advertit
642 1844 760 1911 Bened.
785 1846 870 1911 XIV
896 1845 934 1910 in
956 1845 1029 1911 Lib.
1055 1846 1116 1914 IV,
1141 1865 1216 1927 cap.
1240 1846 1274 1916 5,
1298 1865 1332 1909 n.
1358 1847 1380 1909 7

196 1968 248 2033 De
263 1966 346 2054 Syn.
363 1968 475 2036 Dioec.
500 1969 542 2034 ct.
569 1968 668 2034 eiusd.
694 1969 788 2035 Pont.
806 1970 913 2035 Consi.
941 1990 959 2034 e
978 1970 1137 2041 Quamuis
1155 1974 1377 2054 partemue»

198 2089 249 2155 26
271 2094 362 2179 Aup.
385 2092 479 2157 1741.

288 2216 343 2280 82.
368 2215 461 2281 Haec
484 2223 603 2283 statuta
619 2217 742 2283 directe
758 2222 905 2303 spectant
927 2216 967 2281 ad
990 2216 1112 2282 iudices
1127 2238 1146 2281 a
1162 2218 1281 2282 Sancta
1297 2216 1381 2281 Sede

198 2337 407 2423 delegandos.
434 2339 542 2413 Quare
567 2340 617 2405 ius
640 2340 848 2405 constitutum
878 2360 939 2424 per
966 2340 1125 2422 caputii
1149 2340 1213 2411 cit,
1238 2339 1380 2422 aliasque

198 2460 453 2533 constitutiones,
486 2480 551 2525 non
582 2464 671 2525 tenet
701 2460 823 2525 iudices
852 2460 894 2525 ab
924 2461 1091 2546 Episcopis
1120 2459 1302 2545 delegatam
1326 2461 1380 2543 qui

200 2584 336 2670 proinde
360 2564 453 2671 seligi
477 2606 541 2651 uon
565 2584 684 2651 debent
707 2587 793 2653 inter
816 2586 938 2651 iudices
961 2586 1148 2672 Synodales.
1164 2622 1209 2635 —
1228 2588 1378 2651 Attamen

200 2708 387 2773 constitutio
412 2710 593 2777 Innocentii
609 2709 660 2774 Ill
681 2710 932 2795 praescribentis
955 2710 1144 2777 iudiciorum
1161 2712 1377 2797 gratuitatem,

199 2849 315 2894 omnes
339 2828 461 2895 iudices
484 2830 761 2897 indiscriminatim
785 2834 906 2918 tangit;
931 2834 1007 2898 item
1030 2835 1214 2899 constitutio
1238 2835 1309 2899 Iun.
1330 2832 1379 2897 IV

199 2952 234 3017 in
251 2971 327 3036 cap.
339 2954 359 3017 1
371 2952 424 3019 eit.
438 2952 488 3019 De
503 2958 585 3019 sent.
600 2959 630 3018 et
646 2973 684 3019 re
700 2954 770 3021 iud.
783 2954 822 3019 in
834 2955 919 3018 6.-
932 2954 973 3019 cf.
990 2954 1184 3020 Thesaurus
1194 2955 1245 3021 Dc
1255 2954 1380 3022 Pousis

199 3076 276 3142 eccl.
303 3076 339 3141 V.
356 3076 507 3143 Munera
529 3077 645 3161 camd
669 3082 701 3143 et
723 3078 755 3143 6.
780 3080 835 3144 Ius
852 3100 922 3145 can.
940 3101 1020 3146 vero
1039 3090 1076 3145 ut
1092 3082 1153 3146 rite
1169 3080 1378 3166 intelligutur.

198 3198 325 3265 adverti
351 3200 455 3274 debet,
479 3221 540 3287 per
563 3221 704 3268 canones
736 3203 902 3287 prohiberi
926 3204 1009 3289 quod
1040 3205 1112 3270 iure
1142 3224 1275 3269 romano
1298 3204 1379 3267 iudi-

199 3328 287 3395 cibus
312 3329 568 3413 permittebatur,
586 3331 737 3395 nimirum
761 3336 890 3396 certum
910 3336 1047 3414 partem
1070 3330 1122 3396 rei
1144 3335 1380 3397 controversae

199 3454 259 3514 aut
281 3448 355 3515 eius
379 3450 659 3524 aestimationem,
685 3451 837 3539 emptis
860 3451 1068 3535 stiperadium
1097 3452 1224 3517 redditi
1249 3450 1377 3517 iudicii.

199 3605 242 3621 -
267 3569 448 3655 Pellegrini
477 3570 515 3636 in
548 3570 656 3656 Opere
678 3572 809 3639 Prunis
841 3573 1055 3641 Vicariorum
1086 3576 1119 3637 in
1145 3578 1258 3657 praet.
1283 3572 1377 3639 mins.

196 3700 288 3777 part.
314 3696 336 3760 l
342 3696 377 3769 V,
401 3700 477 3763 sect.
495 3697 546 3771 16,
570 3698 661 3763 n.11
684 3717 752 3783 seq.
778 3698 955 3784 distinguit,
970 3700 1186 3781 stipendium,
1211 3718 1380 3783 supensus

201 3828 232 3884 et
253 3840 411 3887 munera.
429 3822 705 3906 -Stipendium
729 3829 818 3888 certe
843 3824 931 3909 exigi
946 3843 1011 3889 uon
1027 3829 1133 3910 potest
1155 3844 1176 3889 a
1197 3824 1303 3889 iudice
1325 3843 1380 3888 or-

201 3946 325 4013 dinario
348 3948 401 4013 uel
424 3948 581 4035 delegato,
608 3949 661 4031 qui
690 3947 881 4013 beneficium
910 3948 1059 4023 habeant,
1084 3951 1160 4035 quia
1188 3947 1380 4016 beneficium

201 4068 294 4136 datur
324 4076 459 4157 propter
490 4068 639 4136 officium.
663 4071 835 4137 -ludex
866 4072 1033 4158 delegatus
1062 4092 1143 4138 vero
1173 4074 1226 4157 qui
1256 4073 1380 4137 nullum

289 4353 329 4421 (l)
349 4350 536 4406 authenticae
560 4352 762 4407 declarationes
785 4353 811 4407 S.
832 4354 918 4423 cong.
938 4354 1053 4423 Concil,
1072 4356 1102 4410 iu
1127 4354 1181 4411 hoc
1199 4355 1379 4426 propositum,

202 4454 290 4511 videri
304 4458 420 4525 possunt
433 4454 570 4510 collectae
582 4456 612 4511 in
625 4456 698 4510 notis
708 4457 742 4510 ad
752 4456 856 4513 Concil.
868 4457 941 4511 Trid.
956 4460 1060 4513 editum
1073 4479 1091 4514 a
1100 4461 1222 4526 Ricluen
1232 4478 1263 4530 p.
1273 4459 1350 4513 457.
