3350 5117
415 317 423 325 ·
501 317 544 362 ne
568 316 709 364 1un1c11s
733 315 999 364 nccnssrnsrrcrs
1276 297 1343 362 235

157 436 367 522 moyses-atu
390 438 466 523 fieri
484 439 749 523 praecipiuntur
765 444 824 504 aut
848 439 924 524 fieri
943 437 1171 522 prohibentur
1186 457 1221 519 »ς
1236 456 1342 520 quam·

157 563 274 631 obrem
298 563 444 629 efficacia
462 565 598 632 actionis
619 566 838 650 possessoriae
854 564 1031 630 desumitur
1048 563 1186 649 exlegis
1202 564 1343 628 iussione

157 697 218 756 aut
240 691 467 776 prohibitione.

250 815 295 880 At
318 815 350 878 in
374 814 438 880 boc
460 817 659 900 propositum
683 835 724 880 ne
747 815 879 880 inutiles
903 811 982 879 liant
1005 815 1209 898 quaestiones
1239 812 1341 897 quoad

160 937 212 1002 ius
234 938 443 1004 constitutum
468 959 550 1012 can..
567 945 744 1005 revocetur
760 939 908 1006 doctrina
931 941 992 1004 iam
1017 941 1172 1024 exposita.
1190 938 1341 1004 nimirum

158 1083 228 1128 non
251 1083 323 1128 esse
346 1065 392 1129 ita
413 1061 512 1129 fixam
536 1063 773 1130 distinctionem
807 1067 893 1129 inter
924 1066 1069 1130 actiones
1102 1062 1288 1149 personales
1311 1065 1344 1126 et

159 1188 278 1258 reales.
302 1194 335 1254 ut
358 1191 421 1255 iuri
453 1189 590 1276 positivo
619 1190 672 1253 uel
697 1189 920 1256 consuetudini
951 1209 1014 1254 non
1047 1189 1096 1254 sas
1124 1191 1174 1258 sit.
1204 1189 1342 1272 aliquam

158 1311 320 1375 actionem
344 1313 451 1396 potius
467 1313 521 1376 uni
537 1312 651 1396 generi
674 1331 769 1396 quam
786 1312 881 1377 alteri
898 1310 1093 1376 adscribere.
1113 1311 1261 1374 lamvero
1277 1330 1342 1374 non

157 1439 209 1500 est
229 1434 329 1500 facile
352 1435 583 1507 determinare,
604 1455 647 1500 sn
670 1438 742 1501 inre
766 1455 837 1502 can.
855 1437 1000 1500 actiones
1024 1433 1241 1519 possessoriae
1257 1433 1343 1498 indo-

158 1561 224 1626 lem
248 1562 445 1627 retinuerint
468 1563 605 1628 actionis
622 1563 812 1648 personalis.
831 1560 926 1628 Card.
944 1563 989 1625 De
1007 1561 1095 1624 Luca
1119 1559 1182 1624 Tit.
1200 1557 1249 1624 De
1265 1558 1341 1624 Iud.

160 1681 249 1748 Disc.
269 1704 304 1748 n.
329 1684 373 1748 17
395 1683 576 1750 huiusmodi
600 1685 745 1750 actiones
776 1691 888 1750 censet
918 1683 1024 1749 reales
1052 1702 1132 1747 esse.
1158 1682 1202 1746 At
1225 1681 1342 1746 diutius

158 1827 224 1871 non
242 1812 339 1874 vacat
355 1808 441 1872 hanc
457 1810 677 1892 quaestionem
701 1810 885 1894 explicare;
909 1813 1088 1874 sitantum
1113 1811 1245 1873 innuam
1268 1827 1341 1872 oon·

157 1930 300 1995 formius
324 1951 396 1996 esse
418 1931 555 1997 classico
578 1938 612 1997 et
636 1933 779 2019 genuino
810 1932 980 2016 conceptui
1007 1930 1185 1996 defensioni
1215 1937 1356 2016 posses·

156 2056 268 2136 sionis,
294 2056 438 2141 proditas
461 2058 525 2123 hac
548 2058 589 2123 de
612 2079 649 2124 re
673 2060 817 2124 actiones
841 2058 963 2124 babere
987 2058 1032 2122 uti
1061 2055 1261 2141 personales;
1285 2053 1341 2118 sed

157 2199 273 2244 esrum
298 2179 447 2246 efficacia
468 2203 535 2248 non
556 2185 721 2256 minuitur,
747 2185 806 2250 etsi
830 2185 918 2248 inter
942 2181 1047 2248 reales
1070 2185 1312 2246 accenseantur.

249 2303 328 2370 204
353 2305 463 2379 Quare
507 2307 691 2381 ossessio,t
677 2307 870 2398 talitera
863 2327 933 2372 mre
963 2307 1046 2391 posit
1033 2307 1098 2369 tivo
1130 2303 1282 2388 ampliata
1310 2309 1343 2369 et

159 2423 298 2534 defensa
320 2427 366 2490 ita
393 2425 521 2493 definiri
543 2434 663 2514 potest:
691 2451 710 2492 ‹
735 2429 868 2498 Phisica
889 2427 940 2495 rei
943 2427 1103 2496 detentio
1130 2430 1186 2489 aut
1214 2424 1278 2498 alia
1301 2425 1341 2490 ad

144 2529 230 2620 ¹rem
262 2523 388 2624 relatio,
413 2572 474 2646 per
502 2554 592 2642 leges
618 2559 688 2619 aest
660 2521 792 2644 stimata
797 2550 1076 2642 aequipollens
1066 2549 1255 2626 detentioni.
1283 2571 1346 2634 per
1421 2587 1422 2592 κ

154 2657 257 2755 'quam
281 2676 378 2739 homo
402 2682 547 2760 exercet
561 2684 635 2743 actu
660 2684 716 2759 aut
739 2678 829 2742 habit
816 2683 861 2750 tu,
887 2696 977 2742 suam
996 2676 1218 2758 activitatem
1211 2695 1244 2743 uu
1261 2695 1341 2746 r.e1u

157 2771 328 2862 exclusive
352 2803 384 2864 et
406 2819 473 2864 non
496 2805 730 2878 momentanee,
748 2801 799 2865 cui
823 2799 934 2864 dett
866 2804 934 2864 tent
936 2801 1010 2896 iorni,
1028 2799 1093 2862 vim
1117 2797 1284 2862 iuridicam
1309 2805 1358 2884 et.¹

155 2923 328 2987 tuitionem
352 2925 441 3009 ipsae
463 2902 553 3012 leges
577 2925 757 2990 concedunt
781 2946 811 2988 s.

387 3213 410 3294 ἓ
432 3211 464 3278 3.
478 3204 543 3278 “De
565 3211 672 3278 coriis
694 3213 915 3296 possessionis
938 3211 1118 3296 speciebus.

158 3419 383 3476 Samarium.
394 3450 429 3462 -
442 3422 503 3474 205.
518 3419 657 3480 Possessio
676 3420 733 3476 alia
752 3427 793 3476 est
808 3421 907 3488 civilis,
922 3420 978 3474 alia
991 3419 1134 3474 naturalis.
1147 3449 1184 3461 -
1196 3421 1256 3472 206.
1270 3419 1342 3480 Quo-

249 3525 332 3578 modo
351 3525 467 3579 duorom
487 3527 514 3579 in
533 3527 630 3581 eadem
649 3501 679 3582 re
700 3526 836 3595 possessio
856 3525 952 3580 baberi
974 3526 1059 3594 possit
1079 3525 1128 3577 sub
1142 3524 1251 3578 divorso
1264 3541 1341 3592 aspe-

248 3637 296 3684 ctu
316 3639 367 3685 aut
385 3631 523 3686 naturalis
540 3637 590 3687 ent
608 3632 708 3687 civilis.
720 3661 757 3674 -
770 3634 831 3686 207.
853 3632 992 3686 Possessio
1012 3633 1100 3685 bonae
1113 3631 1175 3686 lidei
1189 3637 1238 3684 aut
1251 3631 1341 3685 malae

247 3737 321 3792 fidei.
340 3766 377 3778 -
396 3737 457 3791 208.
479 3737 617 3792 Possessio
644 3739 727 3804 iuste,
752 3743 802 3791 aut
827 3737 939 3792 iniusta.
962 3765 996 3776 -
1022 3735 1082 3788 209.
1106 3735 1244 3789 Adversus
1272 3751 1341 3804 quos

249 3844 385 3914 impediat
404 3845 506 3897 istiusce
525 3845 660 3913 possessio
680 3845 825 3898 iuridicam
845 3845 1002 3898 tuitionem.

247 4043 324 4110 205.
350 4044 413 4111 Sed
436 4043 563 4109 iuridici
587 4041 682 4109 effect
669 4049 721 4110 tus
743 4046 812 4109 sive
836 4043 987 4109 intertdic
974 4049 1079 4108 torum
1096 4045 1165 4110 sive
1181 4045 1340 4130 praescri

156 4170 279 4272 ptionis
302 4189 369 4234 non
392 4169 669 4234 indiscriminatim
689 4170 868 4236 attribuunt
856 4175 909 4235 tur
933 4171 1122 4255 possessioni
1141 4170 1197 4236 sed
1214 4169 1340 4254 quibus-

159 4273 235 4391 dam
259 4294 470 4377 possessionis
492 4291 674 4378 speciebus;
699 4313 800 4377 quare
824 4293 916 4357 modo
941 4292 1150 4378 explicandae
1181 4300 1256 4358 sunt
1278 4293 1341 4358 hae

158 4418 298 4501 species.
323 4415 402 4481 Cum
425 4417 549 4502 primis,
573 4418 732 4502 possessio
761 4415 825 4479 alia
857 4420 905 4480 est
936 4415 1041 4482 civilis
1064 4417 1128 4480 alia
1158 4415 1337 4482 naturalis.
