3350 5117
530 363 574 410 nn
599 363 738 410 tunrcus
761 361 1029 410 aconnsmsrrms
1300 339 1364 408 291

177 507 407 571 quaecumque
429 487 494 553 alia
515 507 614 553 eausa
635 506 693 554 eos
715 485 874 553 invalidos
897 507 962 552 non
986 485 1115 558 efficiat.
1141 505 1206 552 non
1228 485 1369 572 amplius

178 632 242 678 eos
263 611 451 680 rescindere
473 613 524 678 fas
547 619 605 687 est,
629 613 758 680 actione
780 613 958 680 ordinaria.

274 737 351 803 261.
374 737 472 804 Modo
493 737 535 804 do
557 743 656 804 metu.
685 738 819 804 Titulus
842 737 899 813 to,
918 736 973 804 tio.
991 739 1020 814 1,
1043 739 1085 814 X,
1102 737 1152 805 De
1170 737 1370 823 loquuta·

178 868 360 948 metusque
389 883 495 930 causo
523 864 617 949 fiant,
640 864 708 949 agit
730 862 772 927 de
798 863 862 928 hac
885 862 1034 927 materia.
1059 896 1104 912 -
1127 862 1187 928 Vis
1211 865 1368 944 quaeest

178 988 328 1055 maioris
347 989 402 1054 rei
423 987 570 1071 impetus
592 987 649 1054 eui
669 987 784 1054 resisti
805 1007 878 1055 uon
899 992 1030 1072 potero
1057 1007 1100 1053 ex
1123 989 1144 1052 l.
1161 987 1248 1070 aff.
1268 985 1367 1060 Quod

181 1117 296 1179 metu
313 1133 418 1180 curuo
443 1148 461 1163 ·
485 1112 594 1179 aufert
613 1113 805 1180 libertatem
827 1117 1008 1180 auimatum
1024 1133 1082 1178 seu
1097 1111 1267 1198 physicam
1283 1115 1369 1196 pote·

180 1239 302 1302 statem
317 1235 493 1322 peragendi
512 1238 659 1302 exterius
682 1234 767 1319 quod
790 1236 927 1301 interius
942 1235 1039 1312 libet;
1064 1238 1263 1320 quapropter
1276 1237 1369 1298 actus

180 1362 251 1428 sub
271 1362 307 1428 oi
328 1363 422 1448 positi
444 1361 526 1427 nulli
547 1365 624 1426 sunt
645 1366 687 1443 et,
704 1361 809 1447 quoad
826 1363 914 1443 istos,
931 1361 1033 1427 solum
1057 1360 1230 1445 aliquando
1253 1379 1371 1424 neees-

181 1490 267 1555 sitas
289 1502 384 1574 urget
406 1488 522 1575 agendi
538 1488 579 1554 ad
602 1508 715 1554 eorum
731 1488 912 1554 nullitatem
929 1485 1167 1554 declarandam.
1193 1485 1370 1553 totamm

184 1613 387 1686 libertatem,
406 1614 467 1686 oie,
491 1614 609 1698 quippe
633 1618 682 1678 est
704 1613 909 1688 extimuere,
933 1613 1068 1678 auferre
1094 1631 1160 1677 non
1183 1612 1288 1686 valet;
1311 1611 1371 1676 soi·

185 1738 266 1804 licet
287 1739 443 1824 impulsus
464 1739 642 1805 materialis
663 1738 843 1804 subiectum
867 1739 1033 1824 spirituale
1056 1737 1235 1824 impellere,
1248 1707 1371 1824 urgere

187 1885 253 1930 non
276 1870 391 1949 potest,
421 1863 478 1929 sed
505 1863 677 1948 aliquando
699 1865 865 1931 indirecte
892 1870 926 1929 et
955 1863 1195 1950 peraestuans
1222 1863 1369 1928 exterior

186 1987 343 2052 violentia
364 1987 410 2051 ita
432 1985 634 2072 phantasiam
657 1985 817 2058 deturbat,
833 1989 871 2050 ut
885 1984 1037 2071 impediat
1061 1985 1194 2051 rationis
1218 2004 1311 2051 usum
1327 2004 1370 2050 ex

184 2128 251 2193 quo
273 2109 374 2174 veluti
397 2128 441 2174 ex
456 2127 514 2173 sua
529 2127 627 2173 causa
651 2107 769 2192 pendet
791 2107 930 2173 liberum
947 2079 1116 2172 arbitrium
1133 2125 1190 2172 seu
1204 2107 1369 2172 voluntas.

189 2235 296 2300 Metus
325 2253 407 2299 vero
441 2239 490 2301 est
524 2253 567 2298 ex
597 2234 729 2317 l.1‚ff.
756 2231 854 2304 Quod
888 2237 997 2299 metus
1031 2251 1147 2306 causo,
1178 2268 1193 2280 ·
1222 2232 1372 2298 instantis

188 2357 325 2442 periculi
347 2355 402 2420 vel
424 2357 528 2422 futuri
550 2377 649 2422 eausa
678 2357 796 2421 mentis
825 2355 1008 2441 trepidatio,
1034 2389 1049 2403 -
1072 2374 1130 2419 sen
1162 2354 1309 2420 consistit
1336 2355 1370 2419 in

188 2480 335 2565 periculo
363 2480 529 2546 intellectu
558 2481 774 2566 apprehenso,
791 2477 876 2562 quod
904 2478 981 2543 mali
1011 2478 1161 2544 instantis
1187 2483 1243 2544 aut
1270 2477 1370 2544 futuri

188 2606 340 2670 timorem
370 2607 523 2692 ingerens
550 2607 765 2672 vehementer
796 2605 918 2670 excitat
952 2603 993 2670 ad
1028 2603 1106 2670 illud
1137 2601 1373 2691 effugiendum

186 2729 400 2812 quamobrem
427 2735 532 2796 metus
560 2727 751 2816 aggreditur
773 2727 957 2794 libertatem
990 2729 1023 2793 in
1053 2747 1112 2793 sua
1135 2748 1234 2794 oauea
1257 2749 1314 2795 seu
1337 2729 1371 2793 in

189 2851 360 2918 intellectu
390 2857 423 2918 et
453 2855 486 2917 in
520 2872 577 2917 suo
611 2852 755 2918 subiecto
793 2872 852 2917 seu
888 2853 921 2916 in
955 2852 1135 2928 voluntate;
1159 2851 1201 2916 ol.
1230 2852 1271 2917 D.
1311 2851 1372 2917 Th.

187 2979 218 3042 1.
241 2975 332 3050 243,
356 2979 384 3042 1.
410 2977 552 3043 Proinde
574 2975 751 3043 labefactat
775 2983 809 3044 et
832 2977 977 3044 debilitat
995 2976 1177 3042 libertatem
1201 2978 1375 3045 internum

188 3106 226 3167 et
247 3100 321 3166 dein
344 3081 545 3185 eoetelmum3
567 3105 757 3167 tamennon
779 3101 865 3166 tollit
883 3100 1077 3183 libertatem,
1095 3101 1181 3166 uude
1203 3106 1293 3167 actus
1309 3102 1369 3168 sub

190 3231 280 3290 metu
307 3227 403 3311 positi
430 3231 505 3292 sunt
533 3228 606 3312 iure
636 3227 778 3292 naturali
810 3231 844 3291 et
878 3227 973 3292 etiam
997 3227 1068 3291 iure
1095 3245 1167 3291 oon.
1190 3225 1307 3302 validi;
1331 3247 1375 3293 ex

187 3371 269 3435 cap.
284 3352 339 3433 10,
355 3351 406 3416 De
427 3348 651 3434 sponsulalma
668 3351 703 3415 X
715 3349 789 3436 (IV,
809 3350 852 3437 1).
867 3351 1047 3437 Eleganter
1066 3350 1186 3416 Paulus
1203 3349 1257 3416 dat
1273 3351 1374 3416 ratio-

191 3495 269 3541 nem
291 3474 459 3541 decidendi
475 3477 509 3541 in
525 3477 545 3540 t.
562 3475 616 3546 21,
640 3477 662 3558 5
684 3475 770 3559 5,ff.
790 3473 884 3547 Quod
910 3481 1018 3542 metus
1038 3494 1161 3542 causa:
1178 3495 1197 3540 ‹
1214 3475 1375 3560 quamuis

188 3599 223 3666 si
247 3599 391 3667 ludorum
413 3605 505 3696 esset.
528 3599 712 3666 noluissem
737 3603 852 3664 tornea
877 3604 1014 3667 coaetus
1037 3599 1129 3665 volui
1144 3621 1175 3676 »,
1189 3599 1281 3664 iuxta
1303 3599 1377 3664 rul-

189 3742 274 3808 garo
297 3719 445 3788 effatum:
472 3744 491 3786 ‹
514 3727 631 3790 coactu
653 3723 812 3790 voluutas
836 3728 885 3789 est
908 3743 1044 3807 semper
1066 3723 1224 3790 uoluntas
1239 3745 1272 3788 ».

283 3847 360 3914 262.
385 3848 510 3914 Verum
540 3850 703 3932 aequitate
732 3849 886 3933 exigente
909 3854 1028 3920 melum
1051 3867 1146 3934 passo
1168 3866 1377 3914 succurren-

190 3971 271 4038 dum
294 3975 368 4036 erat
392 3990 453 4057 per
483 3969 626 4036 remedia
654 3969 825 4042 iudicialia
847 3971 874 4035 si
897 3970 1016 4056 prauis
1048 3977 1080 4036 et
1105 3969 1254 4036 iniurius
1278 3969 1379 4034 fuerit

191 4098 301 4159 metus
330 4099 361 4159 et
383 4094 537 4160 incusas
567 4092 614 4158 od
640 4092 915 4177 retorquendum
942 4111 1154 4160 consensum.
1180 4092 1243 4160 Sed
1274 4096 1380 4160 metus

194 4218 294 4287 debet
316 4238 401 4300 esse,

290 4345 423 4420 Grauia
436 4347 511 4431 quia
534 4365 577 4411 ex
598 4345 664 4411 levi
687 4349 776 4411 metu
798 4345 869 4429 quis
890 4364 955 4410 non
978 4345 1198 4431 praesumitur
1221 4343 1263 4412 ad
1283 4363 1381 4434 agen-

195 4468 274 4535 dum
290 4470 482 4557 compulsus.
498 4469 605 4569 Metus
620 4473 678 4552 est,
691 4489 757 4553 per
771 4487 816 4543 se,
833 4469 944 4555 gravis
957 4468 1084 4553 quando
1099 4470 1279 4556 perieulum
1296 4466 1381 4534 illud
