3350 5117
513 292 557 340 us
580 291 720 339 rourcns
743 289 1009 338 uccnnsmsmcrs
1292 268 1362 338 243

178 422 283 503 operi
304 419 404 502 ipsius
426 419 506 482 iuris
528 406 612 491 ean,
635 415 808 488 indirecte,
834 413 931 480 subiit
955 415 1173 480 mutationem.
1199 414 1279 479 Nam
1299 415 1365 480 Ro·

180 540 285 606 manis
307 540 451 605 solemne
474 539 546 611 init,
568 557 699 604 oausam
721 538 932 623 possessionis
946 535 1128 602 habendam
1144 555 1215 604 esse
1232 537 1363 602 omuino

178 665 360 728 seiunctam
383 667 417 728 et
438 661 708 748 independentem
731 681 751 726 a
774 679 874 726 causa
895 661 1117 747 proprietatis;
1141 679 1243 744 quare
1271 665 1364 726 certa

182 787 356 852 interdieta
378 789 551 853 constituta
572 788 708 854 fuerunt
731 807 791 873 pro
814 785 1035 852 determinatis
1054 786 1263 872 possessionis
1279 785 1365 852 obie

180 916 262 988 ctis;
279 933 384 998 neque
406 913 685 979 indiscriminatim
709 913 827 978 iurium
852 912 991 979 admissa
1014 912 1074 978 iuit
1097 912 1188 998 quasi
1205 915 1364 997 possessio

181 1036 302 1110 oivitis;
325 1055 421 1119 quam
451 1034 621 1101 admittere
644 1040 837 1107 statuerunt,
851 1033 978 1118 quaudo
1001 1034 1128 1101 adesset
1150 1040 1258 1102 statas
1279 1033 1365 1117 sacti

178 1180 399 1244 permanens,
429 1158 632 1242 uniformis,
656 1165 688 1226 et
718 1159 968 1244 aliquantisper
998 1177 1182 1242 apparens.
1211 1193 1256 1209 -
1287 1160 1365 1225 lura

182 1301 264 1346 vero
287 1299 500 1366 personarum
523 1285 580 1345 aut
601 1279 830 1367 obligationum
856 1281 888 1344 iu
913 1299 970 1345 suo
994 1281 1166 1354 exercitio,
1184 1299 1248 1345 nou
1272 1300 1365 1366 prae-

181 1403 332 1469 seferunt
353 1402 535 1469 huiusmodi
551 1403 672 1472 iactum
688 1423 884 1490 permanens
900 1403 1070 1483 uniforme,
1087 1402 1142 1469 sed
1166 1411 1367 1471 exercentur

182 1548 245 1613 per
266 1533 358 1592 aetus
382 1526 527 1594 diversos
550 1528 780 1594 et-nullimode
797 1529 981 1604 continuom
998 1526 1205 1612 quamobrem
1230 1529 1366 1594 exclusa

183 1650 320 1716 fuerunt
349 1671 370 1715 a
394 1651 544 1716 remediis
573 1651 716 1717 instituti
742 1650 954 1733 possessorii.
979 1649 1029 1718 Gi.
1054 1651 1199 1737 Saviguy
1222 1651 1244 1716 t.
1268 1671 1296 1718 e.
1320 1687 1366 1700 -

184 1775 223 1838 In
247 1773 312 1838 hoo
334 1778 466 1838 notatur
488 1793 509 1838 a
530 1774 603 1838 iure
631 1793 702 1838 ean.
727 1772 825 1859 rigor
856 1774 936 1838 iuris
967 1793 1059 1838 rom:
1084 1773 1126 1838 ef.
1151 1792 1179 1838 e.
1207 1773 1247 1840 18
1273 1807 1291 1822 -
1315 1772 1366 1838 De

183 1903 264 1963 rest.
288 1898 374 1980 spot.
398 1899 431 1963 X
455 1896 587 1984 (ΙΙ-13).

276 2022 331 2086 Ius
355 2040 426 2085 ean.
450 2041 531 2086 vero
562 2021 745 2094 admittens,
770 2020 812 2088 ob
843 2021 1057 2106 aequitatem,
1082 2021 1263 2087 huiusmodi
1292 2021 1364 2086 iura

180 2147 226 2212 ad
250 2148 419 2214 tuitionem
443 2149 773 2232 possessoremque
796 2152 898 2213 status
921 2148 1129 2233 possessionis
1152 2167 1217 2212 nou
1236 2150 1367 2234 poterat

181 2276 382 2340 examussim
407 2273 628 2352 determinari,
651 2273 691 2338 ad
715 2275 798 2338 haec
823 2275 896 2338 iura
920 2273 1101 2358 protueuda
1123 2294 1166 2338 ex
1188 2274 1275 2340 iacto
1302 2275 1366 2340 im-

184 2397 339 2481 propriae
362 2417 420 2462 seu
442 2394 543 2480 qnasi
566 2395 717 2461 incertae
739 2396 958 2480 possessionis,
983 2397 1163 2480 generatim
1186 2395 1364 2482 praecepit,

186 2521 325 2586 iudicem
338 2523 563 2586 auctoritatem
580 2541 669 2586 suam
686 2523 898 2607 interponere
914 2521 1034 2587 debere
1047 2542 1105 2606 pro
1117 2520 1220 2587 libero
1232 2519 1367 2586 tutando

184 2647 305 2711 iurium
321 2649 497 2728 exerciti03
520 2655 553 2712 et
571 2647 649 2712 hino
664 2647 774 2719 edixit,
789 2649 945 2730 spoliatis
961 2652 1039 2714 ante
1055 2649 1171 2715 omnia
1182 2647 1367 2731 possessio-

184 2788 266 2832 nem
288 2769 532 2834 restituendam
549 2788 629 2848 esse,
646 2774 743 2853 atque
759 2769 895 2868 iudicem
912 2771 976 2854 pati
995 2789 1058 2833 non
1075 2769 1204 2840 debere,
1218 2769 1368 2854 spoliato·

187 2915 258 2961 rem
270 2894 387 2959 iudicio
400 2895 607 2976 contendere,
620 2901 791 2978 antequam
805 2895 941 2979 spoliata
952 2897 1148 2961 restitueret.
1162 2895 1242 2961 Inde
1254 2895 1369 2960 adver-

186 3021 227 3085 tit
243 3039 319 3102 cap.
335 3019 370 3091 2,
387 3019 429 3090 Χ,
445 3018 496 3085 De
511 3022 566 3103 off.
582 3019 654 3088 iud.
671 3019 709 3105 (Ι,
726 3019 793 3103 32):
814 3041 832 3082 ‹
853 3020 981 3086 indicis
996 3020 1144 3105 officium
1158 3019 1366 3105 ubicumque

185 3160 254 3207 ruo
278 3160 421 3208 serious
441 3119 650 3224 proponitur
652 3191 731 3207 .....
755 3147 834 3208 ante
869 3147 997 3225 etpost
1027 3142 1220 3228 inpressam
1243 3161 1369 3208 causae

180 3269 295 3348 potest
315 3264 449 3336 adhoc,
466 3265 539 3329 sine
555 3264 622 3330 titis
638 3266 885 3338 contestatione,
904 3265 1021 3332 haberi
1036 3286 1197 3333 reenrsns
1212 3289 1243 3331 ».
1258 3268 1368 3342 Quare

180 3389 310 3472 ,iactum
333 3392 391 3463 est,
408 3393 444 3453 ut
466 3388 638 3454 interdieta
663 3424 680 3436 -
705 3389 755 3453 nti
774 3389 957 3472 possidetis
976 3425 993 3437 -
1010 3388 1127 3454 ntrnbi
1144 3425 1161 3438 -
1180 3397 1368 3476 comparata

185 3531 248 3596 pro
263 3509 487 3575 conservanda
501 3512 711 3595 possessione,
725 3512 841 3594 potins
864 3512 950 3577 diota
968 3513 1034 3579 siut
1048 3515 1210 3598 generice,
1224 3517 1369 3582 remedia

185 3634 454 3700 manutentionis
460 3654 474 3717 ;
497 3640 530 3699 et
552 3634 725 3702 interdicta
747 3636 989 3718 adipiscendae
1008 3639 1232 3720 possessionis
1260 3641 1371 3706 refusa

186 3758 309 3823 sintin
333 3757 477 3821 remedia
498 3757 717 3824 immissionis
739 3760 958 3844 possessionis
983 3781 1098 3845 nempe
1121 3782 1142 3825 a
1162 3760 1265 3827 iudice
1289 3763 1369 3828 dau-

184 3881 258 3946 dae.
275 3918 319 3931 —
335 3881 528 3969 Cauouistae
544 3901 624 3949 vero
639 3903 751 3949 omues
774 3885 860 3950 iuter
884 3885 1027 3951 remedia
1043 3889 1239 3972 possessoris
1259 3907 1371 3953 reeen-
1423 3917 1427 3920 ·

186 4011 325 4072 suerunt
352 4007 542 4091 «Officium
564 4007 722 4074 indicis»
749 4007 804 4094 (1).

197 4234 201 4238 Α
277 4181 318 4254 (Ι)
338 4182 378 4237 Do
396 4183 487 4237 officio
509 4183 608 4238 iudicis
626 4184 659 4238 ad
679 4185 858 4241 obtinendam
886 4186 1066 4255 possessionis
1094 4187 1242 4243 tuitionem
1268 4190 1372 4245 diserte

187 4287 314 4361 loquitur
331 4289 447 4344 lacobus
465 4290 638 4358 Menochius,
657 4291 686 4346 in
706 4310 748 4362 op.
768 4293 810 4347 De
828 4294 1009 4362 adipiscenda
1029 4304 1054 4348 et
1074 4295 1225 4349 retinenda
1241 4313 1371 4367 possess,

188 4399 220 4450 et
237 4393 278 4450 De
296 4395 374 4450 Luca
392 4397 434 4452 De
452 4400 509 4451 ind.
529 4399 588 4453 Dis.
610 4400 660 4465 44,
678 4417 705 4453 n.
727 4399 754 4452 8.
