<?xml version="1.0" encoding="UTF-8"?>
<!DOCTYPE html PUBLIC "-//W3C//DTD XHTML 1.0 Transitional//EN"
    "http://www.w3.org/TR/xhtml1/DTD/xhtml1-transitional.dtd">
<html xmlns="http://www.w3.org/1999/xhtml" xml:lang="en" lang="en">
 <head>
  <title>
</title>
<meta http-equiv="Content-Type" content="text/html;charset=utf-8" />
  <meta name='ocr-system' content='tesseract 3.04.00' />
  <meta name='ocr-capabilities' content='ocr_page ocr_carea ocr_par ocr_line ocrx_word'/>
</head>
<body>
  <div class='ocr_page' id='page_1' title='image "./praelectionesin01legagoog_0044.png"; bbox 0 0 3350 5117; ppageno 0'>
   <div class='ocr_carea' id='block_1_1' title="bbox 289 283 1469 635">
    <p class='ocr_par' dir='ltr' id='par_1_1' title="bbox 289 283 1469 635">
     <span class='ocr_line' id='line_1_1' title="bbox 290 283 944 349; baseline 0.003 -2"><span class='ocrx_word' id='word_1_1' title='bbox 290 283 334 348; x_wconf 75' lang='lat'>42</span> <span class='ocrx_word' id='word_1_2' title='bbox 815 302 899 349; x_wconf 78' lang='lat' dir='ltr'>raas</span> <span class='ocrx_word' id='word_1_3' title='bbox 922 303 944 349; x_wconf 93' lang='lat'>1.</span> 
     </span>
     <span class='ocr_line' id='line_1_2' title="bbox 289 425 1469 513; baseline -0.001 -24"><span class='ocrx_word' id='word_1_4' title='bbox 289 428 480 510; x_wconf 88' lang='lat' dir='ltr'>praesertim</span> <span class='ocrx_word' id='word_1_5' title='bbox 512 430 538 493; x_wconf 93' lang='lat' dir='ltr'>si</span> <span class='ocrx_word' id='word_1_6' title='bbox 562 447 659 493; x_wconf 88' lang='lat' dir='ltr'>causa</span> <span class='ocrx_word' id='word_1_7' title='bbox 682 428 722 492; x_wconf 89' lang='lat' dir='ltr'>sit</span> <span class='ocrx_word' id='word_1_8' title='bbox 745 426 839 492; x_wconf 87' lang='lat' dir='ltr'>valde</span> <span class='ocrx_word' id='word_1_9' title='bbox 869 427 972 492; x_wconf 91' lang='lat' dir='ltr'>ardua</span> <span class='ocrx_word' id='word_1_10' title='bbox 1002 433 1035 492; x_wconf 91' lang='lat' dir='ltr'>et</span> <span class='ocrx_word' id='word_1_11' title='bbox 1058 428 1238 513; x_wconf 89' lang='lat' dir='ltr'>implicata,</span> <span class='ocrx_word' id='word_1_12' title='bbox 1262 425 1469 491; x_wconf 80' lang='lat' dir='ltr'>concordiam</span> 
     </span>
     <span class='ocr_line' id='line_1_3' title="bbox 290 550 754 635; baseline 0.009 -24"><span class='ocrx_word' id='word_1_13' title='bbox 290 550 375 614; x_wconf 92' lang='lat' dir='ltr'>inter</span> <span class='ocrx_word' id='word_1_14' title='bbox 397 555 508 635; x_wconf 87' lang='lat' dir='ltr'>partes</span> <span class='ocrx_word' id='word_1_15' title='bbox 531 550 754 616; x_wconf 82' lang='lat' dir='ltr'>inducendam.</span> 
     </span>
    </p>
   </div>
   <div class='ocr_carea' id='block_1_2' title="bbox 290 673 1469 885">
    <p class='ocr_par' dir='ltr' id='par_1_2' title="bbox 290 673 1469 885">
     <span class='ocr_line' id='line_1_4' title="bbox 383 673 1469 760; baseline -0.003 -22"><span class='ocrx_word' id='word_1_16' title='bbox 383 675 432 739; x_wconf 92' lang='lat' dir='ltr'>lta</span> <span class='ocrx_word' id='word_1_17' title='bbox 455 675 488 739; x_wconf 92' lang='lat' dir='ltr'>in</span> <span class='ocrx_word' id='word_1_18' title='bbox 512 674 780 742; x_wconf 83' lang='lat' dir='ltr'>lustructionibus</span> <span class='ocrx_word' id='word_1_19' title='bbox 811 694 911 759; x_wconf 90' lang='lat' dir='ltr'>super</span> <span class='ocrx_word' id='word_1_20' title='bbox 940 694 1127 760; x_wconf 82' lang='lat' dir='ltr'>processum</span> <span class='ocrx_word' id='word_1_21' title='bbox 1155 673 1345 745; x_wconf 90' lang='lat' dir='ltr'>iudicialem,</span> <span class='ocrx_word' id='word_1_22' title='bbox 1372 689 1469 756; x_wconf 87' lang='lat' dir='ltr'>prae·</span> 
     </span>
     <span class='ocr_line' id='line_1_5' title="bbox 290 800 1468 885; baseline -0.005 -21"><span class='ocrx_word' id='word_1_23' title='bbox 290 801 383 885; x_wconf 88' lang='lat' dir='ltr'>cipue</span> <span class='ocrx_word' id='word_1_24' title='bbox 406 802 439 864; x_wconf 93' lang='lat' dir='ltr'>iu</span> <span class='ocrx_word' id='word_1_25' title='bbox 463 802 569 865; x_wconf 88' lang='lat' dir='ltr'>causis</span> <span class='ocrx_word' id='word_1_26' title='bbox 600 800 888 865; x_wconf 76' lang='lat' dir='ltr'>matrimonialibus</span> <span class='ocrx_word' id='word_1_27' title='bbox 917 800 1010 872; x_wconf 89' lang='lat' dir='ltr'>datis,</span> <span class='ocrx_word' id='word_1_28' title='bbox 1034 800 1126 867; x_wconf 86' lang='lat' dir='ltr'>hisco</span> <span class='ocrx_word' id='word_1_29' title='bbox 1152 800 1323 885; x_wconf 84' lang='lat' dir='ltr'>postremis</span> <span class='ocrx_word' id='word_1_30' title='bbox 1345 804 1468 882; x_wconf 91' lang='lat' dir='ltr'>tempo-</span> 
     </span>
    </p>
   </div>
   <div class='ocr_carea' id='block_1_3' title="bbox 289 922 1470 1013">
    <p class='ocr_par' dir='ltr' id='par_1_3' title="bbox 289 922 1470 1013">
     <span class='ocr_line' id='line_1_6' title="bbox 289 922 1470 1013; baseline -0.003 -22"><span class='ocrx_word' id='word_1_31' title='bbox 289 927 389 1000; x_wconf 89' lang='lat' dir='ltr'>ribus,</span> <span class='ocrx_word' id='word_1_32' title='bbox 408 948 468 1012; x_wconf 91' lang='lat' dir='ltr'>pro</span> <span class='ocrx_word' id='word_1_33' title='bbox 488 928 596 1013; x_wconf 87' lang='lat' dir='ltr'>aliqua</span> <span class='ocrx_word' id='word_1_34' title='bbox 617 930 785 1012; x_wconf 88' lang='lat' dir='ltr'>provincia</span> <span class='ocrx_word' id='word_1_35' title='bbox 801 928 1021 993; x_wconf 89' lang='lat' dir='ltr'>ecclesiastica</span> <span class='ocrx_word' id='word_1_36' title='bbox 1035 934 1092 994; x_wconf 90' lang='lat' dir='ltr'>aut</span> <span class='ocrx_word' id='word_1_37' title='bbox 1106 929 1239 1013; x_wconf 87' lang='lat' dir='ltr'>regione</span> <span class='ocrx_word' id='word_1_38' title='bbox 1255 931 1287 992; x_wconf 89' lang='lat' dir='ltr'>et</span> <span class='ocrx_word' id='word_1_39' title='bbox 1301 946 1321 990; x_wconf 90' lang='lat' dir='ltr'>a</span> <span class='ocrx_word' id='word_1_40' title='bbox 1338 926 1369 991; x_wconf 88' lang='lat' dir='ltr'>S.</span> <span class='ocrx_word' id='word_1_41' title='bbox 1386 922 1470 990; x_wconf 86' lang='lat' dir='ltr'>Sede</span> 
     </span>
    </p>
   </div>
   <div class='ocr_carea' id='block_1_4' title="bbox 289 1049 1468 1260">
    <p class='ocr_par' dir='ltr' id='par_1_4' title="bbox 289 1049 1468 1260">
     <span class='ocr_line' id='line_1_7' title="bbox 289 1049 1468 1137; baseline -0.003 -23"><span class='ocrx_word' id='word_1_42' title='bbox 289 1050 482 1137; x_wconf 86' lang='lat' dir='ltr'>approbatis,</span> <span class='ocrx_word' id='word_1_43' title='bbox 500 1050 597 1116; x_wconf 81' lang='lat' dir='ltr'>iudex</span> <span class='ocrx_word' id='word_1_44' title='bbox 622 1057 771 1117; x_wconf 91' lang='lat' dir='ltr'>monetur</span> <span class='ocrx_word' id='word_1_45' title='bbox 795 1056 829 1117; x_wconf 86' lang='lat' dir='ltr'>ut</span> <span class='ocrx_word' id='word_1_46' title='bbox 847 1058 958 1137; x_wconf 88' lang='lat' dir='ltr'>partes</span> <span class='ocrx_word' id='word_1_47' title='bbox 981 1052 1190 1137; x_wconf 82' lang='lat' dir='ltr'>postulantes,</span> <span class='ocrx_word' id='word_1_48' title='bbox 1208 1056 1327 1137; x_wconf 80' lang='lat' dir='ltr'>utputa</span> <span class='ocrx_word' id='word_1_49' title='bbox 1345 1049 1468 1133; x_wconf 90' lang='lat' dir='ltr'>dispeu-</span> 
     </span>
     <span class='ocr_line' id='line_1_8' title="bbox 289 1178 1467 1260; baseline 0.003 -18"><span class='ocrx_word' id='word_1_50' title='bbox 289 1178 444 1242; x_wconf 83' lang='lat' dir='ltr'>sationem</span> <span class='ocrx_word' id='word_1_51' title='bbox 469 1197 489 1241; x_wconf 89' lang='lat' dir='ltr'>a</span> <span class='ocrx_word' id='word_1_52' title='bbox 519 1182 613 1242; x_wconf 90' lang='lat' dir='ltr'>matr.</span> <span class='ocrx_word' id='word_1_53' title='bbox 638 1183 711 1242; x_wconf 87' lang='lat' dir='ltr'>rato</span> <span class='ocrx_word' id='word_1_54' title='bbox 743 1184 775 1243; x_wconf 91' lang='lat' dir='ltr'>et</span> <span class='ocrx_word' id='word_1_55' title='bbox 804 1198 870 1242; x_wconf 93' lang='lat' dir='ltr'>non</span> <span class='ocrx_word' id='word_1_56' title='bbox 898 1184 1128 1260; x_wconf 88' lang='lat' dir='ltr'>consummato,</span> <span class='ocrx_word' id='word_1_57' title='bbox 1152 1178 1205 1243; x_wconf 84' lang='lat' dir='ltr'>vel</span> <span class='ocrx_word' id='word_1_58' title='bbox 1228 1178 1467 1245; x_wconf 86' lang='lat' dir='ltr'>dissolutionem</span> 
     </span>
    </p>
   </div>
   <div class='ocr_carea' id='block_1_5' title="bbox 184 1303 1467 1389">
    <p class='ocr_par' dir='ltr' id='par_1_5' title="bbox 184 1303 1467 1389">
     <span class='ocr_line' id='line_1_9' title="bbox 184 1303 1467 1389; baseline 0.003 -24"><span class='ocrx_word' id='word_1_59' title='bbox 184 1368 187 1373; x_wconf 62' lang='grc'><em>,</em></span> <span class='ocrx_word' id='word_1_60' title='bbox 289 1304 375 1367; x_wconf 81' lang='lat' dir='ltr'>ritae</span> <span class='ocrx_word' id='word_1_61' title='bbox 398 1303 577 1389; x_wconf 90' lang='lat' dir='ltr'>coniugalis</span> <span class='ocrx_word' id='word_1_62' title='bbox 600 1310 634 1371; x_wconf 91' lang='lat' dir='ltr'>et</span> <span class='ocrx_word' id='word_1_63' title='bbox 655 1304 718 1369; x_wconf 92' lang='lat' dir='ltr'>alia</span> <span class='ocrx_word' id='word_1_64' title='bbox 741 1304 933 1376; x_wconf 87' lang='lat' dir='ltr'>huiusmodi,</span> <span class='ocrx_word' id='word_1_65' title='bbox 950 1304 1076 1370; x_wconf 86' lang='lat' dir='ltr'>studeat</span> <span class='ocrx_word' id='word_1_66' title='bbox 1090 1310 1187 1369; x_wconf 90' lang='lat' dir='ltr'>antea</span> <span class='ocrx_word' id='word_1_67' title='bbox 1202 1303 1242 1369; x_wconf 92' lang='lat' dir='ltr'>ad</span> <span class='ocrx_word' id='word_1_68' title='bbox 1261 1304 1467 1370; x_wconf 90' lang='lat' dir='ltr'>concordiam</span> 
     </span>
    </p>
   </div>
   <div class='ocr_carea' id='block_1_6' title="bbox 287 1428 1557 3126">
    <p class='ocr_par' dir='ltr' id='par_1_6' title="bbox 289 1428 530 1517">
     <span class='ocr_line' id='line_1_10' title="bbox 289 1428 530 1517; baseline 0.004 -23"><span class='ocrx_word' id='word_1_69' title='bbox 289 1428 451 1497; x_wconf 91' lang='lat' dir='ltr'>adducere</span> <span class='ocrx_word' id='word_1_70' title='bbox 475 1428 530 1517; x_wconf 83' lang='grc'>(1).</span> 
     </span>
    </p>

    <p class='ocr_par' dir='ltr' id='par_1_7' title="bbox 290 1554 1470 2007">
     <span class='ocr_line' id='line_1_11' title="bbox 379 1554 1468 1641; baseline -0.003 -21"><span class='ocrx_word' id='word_1_71' title='bbox 379 1555 505 1620; x_wconf 87' lang='lat' dir='ltr'>Verum</span> <span class='ocrx_word' id='word_1_72' title='bbox 529 1557 560 1620; x_wconf 91' lang='lat' dir='ltr'>in</span> <span class='ocrx_word' id='word_1_73' title='bbox 585 1556 657 1621; x_wconf 87' lang='lat' dir='ltr'>soro</span> <span class='ocrx_word' id='word_1_74' title='bbox 681 1556 900 1621; x_wconf 89' lang='lat' dir='ltr'>ecclesiastico</span> <span class='ocrx_word' id='word_1_75' title='bbox 916 1558 1005 1641; x_wconf 85' lang='lat' dir='ltr'>viget</span> <span class='ocrx_word' id='word_1_76' title='bbox 1019 1554 1125 1619; x_wconf 90' lang='lat' dir='ltr'>adhuc</span> <span class='ocrx_word' id='word_1_77' title='bbox 1147 1555 1340 1640; x_wconf 89' lang='lat' dir='ltr'>principium</span> <span class='ocrx_word' id='word_1_78' title='bbox 1365 1574 1468 1619; x_wconf 89' lang='lat' dir='ltr'>enun-</span> 
     </span>
     <span class='ocr_line' id='line_1_12' title="bbox 291 1675 1467 1761; baseline 0 -20"><span class='ocrx_word' id='word_1_79' title='bbox 291 1678 408 1741; x_wconf 88' lang='lat' dir='ltr'>ciatum</span> <span class='ocrx_word' id='word_1_80' title='bbox 433 1678 464 1739; x_wconf 93' lang='lat' dir='ltr'>in</span> <span class='ocrx_word' id='word_1_81' title='bbox 493 1677 625 1741; x_wconf 82' lang='lat' dir='ltr'>Novella</span> <span class='ocrx_word' id='word_1_82' title='bbox 649 1677 727 1750; x_wconf 78' lang='grc'><em>124,</em></span> <span class='ocrx_word' id='word_1_83' title='bbox 754 1697 828 1760; x_wconf 89' lang='lat' dir='ltr'>cop.</span> <span class='ocrx_word' id='word_1_84' title='bbox 854 1678 887 1751; x_wconf 85' lang='grc'>4,</span> <span class='ocrx_word' id='word_1_85' title='bbox 911 1678 1072 1749; x_wconf 92' lang='lat' dir='ltr'>nimirum,</span> <span class='ocrx_word' id='word_1_86' title='bbox 1097 1675 1233 1742; x_wconf 90' lang='lat' dir='ltr'>iudicem</span> <span class='ocrx_word' id='word_1_87' title='bbox 1261 1695 1380 1761; x_wconf 88' lang='lat' dir='ltr'>cogere</span> <span class='ocrx_word' id='word_1_88' title='bbox 1402 1696 1467 1741; x_wconf 92' lang='lat' dir='ltr'>non</span> 
     </span>
     <span class='ocr_line' id='line_1_13' title="bbox 290 1801 1470 1885; baseline 0.002 -22"><span class='ocrx_word' id='word_1_89' title='bbox 290 1820 382 1885; x_wconf 87' lang='lat' dir='ltr'>posse</span> <span class='ocrx_word' id='word_1_90' title='bbox 405 1801 646 1875; x_wconf 87' lang='lat' dir='ltr'>contendentes,</span> <span class='ocrx_word' id='word_1_91' title='bbox 675 1806 718 1883; x_wconf 87' lang='lat' dir='ltr'>ut,</span> <span class='ocrx_word' id='word_1_92' title='bbox 742 1810 818 1866; x_wconf 90' lang='lat' dir='ltr'>ante</span> <span class='ocrx_word' id='word_1_93' title='bbox 850 1801 1000 1867; x_wconf 88' lang='lat' dir='ltr'>iudicium</span> <span class='ocrx_word' id='word_1_94' title='bbox 1031 1801 1285 1874; x_wconf 89' lang='lat' dir='ltr'>instaurandum,</span> <span class='ocrx_word' id='word_1_95' title='bbox 1310 1806 1470 1868; x_wconf 89' lang='lat' dir='ltr'>conentur</span> 
     </span>
     <span class='ocr_line' id='line_1_14' title="bbox 290 1925 946 2007; baseline 0.005 -20"><span class='ocrx_word' id='word_1_96' title='bbox 290 1925 495 1990; x_wconf 88' lang='lat' dir='ltr'>concordiam</span> <span class='ocrx_word' id='word_1_97' title='bbox 520 1926 606 1992; x_wconf 85' lang='lat' dir='ltr'>inter</span> <span class='ocrx_word' id='word_1_98' title='bbox 630 1946 664 1991; x_wconf 88' lang='lat' dir='ltr'>se</span> <span class='ocrx_word' id='word_1_99' title='bbox 688 1926 864 1992; x_wconf 89' lang='lat' dir='ltr'>conciliare</span> <span class='ocrx_word' id='word_1_100' title='bbox 888 1926 946 2007; x_wconf 78' lang='lat'><strong>(2).</strong></span> 
     </span>
    </p>

    <p class='ocr_par' dir='ltr' id='par_1_8' title="bbox 287 2047 1557 3126">
     <span class='ocr_line' id='line_1_15' title="bbox 379 2047 1470 2134; baseline 0.003 -21"><span class='ocrx_word' id='word_1_101' title='bbox 379 2050 409 2113; x_wconf 80' lang='grc' dir='ltr'><strong>Α</strong></span> <span class='ocrx_word' id='word_1_102' title='bbox 424 2047 604 2114; x_wconf 85' lang='lat' dir='ltr'>Canonistis</span> <span class='ocrx_word' id='word_1_103' title='bbox 620 2049 725 2115; x_wconf 86' lang='lat' dir='ltr'>solent</span> <span class='ocrx_word' id='word_1_104' title='bbox 740 2048 802 2113; x_wconf 92' lang='lat' dir='ltr'>duo</span> <span class='ocrx_word' id='word_1_105' title='bbox 815 2050 1015 2134; x_wconf 80' lang='lat' dir='ltr'>exceptionis</span> <span class='ocrx_word' id='word_1_106' title='bbox 1030 2051 1198 2115; x_wconf 86' lang='lat' dir='ltr'>enunciari</span> <span class='ocrx_word' id='word_1_107' title='bbox 1211 2070 1315 2116; x_wconf 84' lang='lat' dir='ltr'>casus.</span> <span class='ocrx_word' id='word_1_108' title='bbox 1327 2050 1470 2116; x_wconf 71' lang='lat' dir='ltr'>Primus</span> 
     </span>
     <span class='ocr_line' id='line_1_16' title="bbox 289 2172 1467 2259; baseline 0.002 -24"><span class='ocrx_word' id='word_1_109' title='bbox 289 2178 338 2236; x_wconf 85' lang='lat' dir='ltr'>est</span> <span class='ocrx_word' id='word_1_110' title='bbox 361 2192 455 2237; x_wconf 89' lang='lat' dir='ltr'>casus</span> <span class='ocrx_word' id='word_1_111' title='bbox 486 2172 650 2237; x_wconf 86' lang='lat' dir='ltr'>divisionis</span> <span class='ocrx_word' id='word_1_112' title='bbox 680 2174 863 2259; x_wconf 89' lang='lat' dir='ltr'>propositae</span> <span class='ocrx_word' id='word_1_113' title='bbox 886 2174 940 2238; x_wconf 86' lang='lat' dir='ltr'>vel</span> <span class='ocrx_word' id='word_1_114' title='bbox 966 2172 1118 2240; x_wconf 84' lang='lat' dir='ltr'>decretae</span> <span class='ocrx_word' id='word_1_115' title='bbox 1145 2193 1166 2239; x_wconf 93' lang='lat' dir='ltr'>a</span> <span class='ocrx_word' id='word_1_116' title='bbox 1192 2174 1307 2240; x_wconf 90' lang='lat' dir='ltr'>iudice.</span> <span class='ocrx_word' id='word_1_117' title='bbox 1332 2174 1467 2249; x_wconf 89' lang='lat' dir='ltr'>Quando</span> 
     </span>
     <span class='ocr_line' id='line_1_17' title="bbox 289 2297 1467 2385; baseline 0.004 -27"><span class='ocrx_word' id='word_1_118' title='bbox 289 2297 373 2359; x_wconf 91' lang='lat' dir='ltr'>enim</span> <span class='ocrx_word' id='word_1_119' title='bbox 389 2301 461 2382; x_wconf 89' lang='lat' dir='ltr'>post</span> <span class='ocrx_word' id='word_1_120' title='bbox 476 2297 683 2383; x_wconf 85' lang='lat' dir='ltr'>agitationem</span> <span class='ocrx_word' id='word_1_121' title='bbox 699 2298 773 2379; x_wconf 90' lang='lat' dir='ltr'>litis,</span> <span class='ocrx_word' id='word_1_122' title='bbox 790 2300 931 2384; x_wconf 89' lang='lat' dir='ltr'>partium</span> <span class='ocrx_word' id='word_1_123' title='bbox 951 2298 1024 2364; x_wconf 91' lang='lat' dir='ltr'>iura</span> <span class='ocrx_word' id='word_1_124' title='bbox 1043 2302 1223 2385; x_wconf 84' lang='lat' dir='ltr'>appareant</span> <span class='ocrx_word' id='word_1_125' title='bbox 1236 2299 1392 2382; x_wconf 88' lang='lat' dir='ltr'>aequalia,</span> <span class='ocrx_word' id='word_1_126' title='bbox 1410 2320 1467 2364; x_wconf 92' lang='lat' dir='ltr'>seu</span> 
     </span>
     <span class='ocr_line' id='line_1_18' title="bbox 289 2419 1467 2507; baseline 0.003 -26"><span class='ocrx_word' id='word_1_127' title='bbox 289 2419 440 2502; x_wconf 91' lang='lat' dir='ltr'>utrinque</span> <span class='ocrx_word' id='word_1_128' title='bbox 463 2424 722 2505; x_wconf 88' lang='lat' dir='ltr'>compensentur,</span> <span class='ocrx_word' id='word_1_129' title='bbox 739 2420 836 2488; x_wconf 84' lang='lat' dir='ltr'>iudex</span> <span class='ocrx_word' id='word_1_130' title='bbox 859 2422 946 2486; x_wconf 90' lang='lat' dir='ltr'>iuter</span> <span class='ocrx_word' id='word_1_131' title='bbox 968 2422 1131 2507; x_wconf 85' lang='lat' dir='ltr'>litigantes</span> <span class='ocrx_word' id='word_1_132' title='bbox 1152 2440 1222 2485; x_wconf 86' lang='lat' dir='ltr'>rem</span> <span class='ocrx_word' id='word_1_133' title='bbox 1236 2421 1409 2507; x_wconf 87' lang='lat' dir='ltr'>litigiosam</span> <span class='ocrx_word' id='word_1_134' title='bbox 1424 2421 1467 2486; x_wconf 91' lang='lat' dir='ltr'>di·</span> 
     </span>
     <span class='ocr_line' id='line_1_19' title="bbox 288 2544 1468 2634; baseline 0.006 -29"><span class='ocrx_word' id='word_1_135' title='bbox 288 2544 457 2609; x_wconf 89' lang='lat' dir='ltr'>videndam</span> <span class='ocrx_word' id='word_1_136' title='bbox 485 2547 635 2632; x_wconf 88' lang='lat' dir='ltr'>proponit</span> <span class='ocrx_word' id='word_1_137' title='bbox 656 2546 710 2612; x_wconf 85' lang='lat' dir='ltr'>vel</span> <span class='ocrx_word' id='word_1_138' title='bbox 733 2548 861 2630; x_wconf 84' lang='lat' dir='ltr'>utrique</span> <span class='ocrx_word' id='word_1_139' title='bbox 883 2547 1005 2631; x_wconf 88' lang='lat' dir='ltr'>aliquid</span> <span class='ocrx_word' id='word_1_140' title='bbox 1027 2548 1183 2621; x_wconf 86' lang='lat' dir='ltr'>attribuit,</span> <span class='ocrx_word' id='word_1_141' title='bbox 1208 2550 1260 2613; x_wconf 88' lang='lat' dir='ltr'>cui</span> <span class='ocrx_word' id='word_1_142' title='bbox 1283 2548 1468 2634; x_wconf 87' lang='lat' dir='ltr'>propositae</span> 
     </span>
     <span class='ocr_line' id='line_1_20' title="bbox 288 2670 1466 2758; baseline -0.003 -21"><span class='ocrx_word' id='word_1_143' title='bbox 288 2671 436 2737; x_wconf 87' lang='lat' dir='ltr'>divisioni</span> <span class='ocrx_word' id='word_1_144' title='bbox 452 2672 478 2735; x_wconf 88' lang='lat' dir='ltr'>si</span> <span class='ocrx_word' id='word_1_145' title='bbox 495 2670 628 2737; x_wconf 88' lang='lat' dir='ltr'>accedat</span> <span class='ocrx_word' id='word_1_146' title='bbox 643 2691 819 2737; x_wconf 89' lang='lat' dir='ltr'>consensus</span> <span class='ocrx_word' id='word_1_147' title='bbox 843 2673 984 2757; x_wconf 90' lang='lat' dir='ltr'>partium</span> <span class='ocrx_word' id='word_1_148' title='bbox 1006 2670 1222 2758; x_wconf 83' lang='lat' dir='ltr'>praeveniens</span> <span class='ocrx_word' id='word_1_149' title='bbox 1244 2677 1397 2739; x_wconf 84' lang='lat' dir='ltr'>coortam</span> <span class='ocrx_word' id='word_1_150' title='bbox 1419 2670 1466 2736; x_wconf 95' lang='lat' dir='ltr'>di-</span> 
     </span>
     <span class='ocr_line' id='line_1_21' title="bbox 288 2792 1557 2879; baseline -0.001 -23"><span class='ocrx_word' id='word_1_151' title='bbox 288 2794 454 2875; x_wconf 75' lang='lat' dir='ltr'>uisionem,</span> <span class='ocrx_word' id='word_1_152' title='bbox 472 2792 572 2859; x_wconf 91' lang='lat' dir='ltr'>initur</span> <span class='ocrx_word' id='word_1_153' title='bbox 595 2794 790 2861; x_wconf 79' lang='lat' dir='ltr'>transactio.</span> <span class='ocrx_word' id='word_1_154' title='bbox 810 2795 990 2859; x_wconf 86' lang='lat' dir='ltr'>Necessitas</span> <span class='ocrx_word' id='word_1_155' title='bbox 1014 2792 1178 2860; x_wconf 87' lang='lat' dir='ltr'>divisionis</span> <span class='ocrx_word' id='word_1_156' title='bbox 1198 2796 1275 2860; x_wconf 86' lang='lat' dir='ltr'>item</span> <span class='ocrx_word' id='word_1_157' title='bbox 1289 2799 1395 2879; x_wconf 87' lang='lat' dir='ltr'>potest</span> <span class='ocrx_word' id='word_1_158' title='bbox 1409 2793 1466 2860; x_wconf 85' lang='lat' dir='ltr'>do-</span> <span class='ocrx_word' id='word_1_159' title='bbox 1554 2822 1557 2825; x_wconf 42' lang='lat'><strong>⁴</strong></span> 
     </span>
     <span class='ocr_line' id='line_1_22' title="bbox 289 2916 1466 2990; baseline 0.002 -9"><span class='ocrx_word' id='word_1_160' title='bbox 289 2918 398 2981; x_wconf 88' lang='lat' dir='ltr'>rivare</span> <span class='ocrx_word' id='word_1_161' title='bbox 428 2936 471 2981; x_wconf 79' lang='lat' dir='ltr'>en</span> <span class='ocrx_word' id='word_1_162' title='bbox 501 2916 654 2981; x_wconf 88' lang='lat' dir='ltr'>instantia</span> <span class='ocrx_word' id='word_1_163' title='bbox 684 2916 893 2990; x_wconf 89' lang='lat' dir='ltr'>creditorum,</span> <span class='ocrx_word' id='word_1_164' title='bbox 919 2917 973 2982; x_wconf 85' lang='lat' dir='ltr'>vel</span> <span class='ocrx_word' id='word_1_165' title='bbox 995 2917 1061 2982; x_wconf 92' lang='lat' dir='ltr'>alia</span> <span class='ocrx_word' id='word_1_166' title='bbox 1085 2917 1180 2982; x_wconf 90' lang='lat' dir='ltr'>simili</span> <span class='ocrx_word' id='word_1_167' title='bbox 1207 2936 1251 2981; x_wconf 81' lang='lat' dir='ltr'>ex</span> <span class='ocrx_word' id='word_1_168' title='bbox 1274 2936 1381 2982; x_wconf 91' lang='lat' dir='ltr'>causa.</span> <span class='ocrx_word' id='word_1_169' title='bbox 1406 2917 1466 2983; x_wconf 86' lang='lat' dir='ltr'>Se·</span> 
     </span>
     <span class='ocr_line' id='line_1_23' title="bbox 287 3040 1466 3126; baseline 0.002 -20"><span class='ocrx_word' id='word_1_170' title='bbox 287 3040 420 3107; x_wconf 76' lang='lat' dir='ltr'>candos</span> <span class='ocrx_word' id='word_1_171' title='bbox 449 3040 589 3107; x_wconf 90' lang='lat' dir='ltr'>habetur</span> <span class='ocrx_word' id='word_1_172' title='bbox 612 3062 714 3123; x_wconf 87' lang='lat' dir='ltr'>casus,</span> <span class='ocrx_word' id='word_1_173' title='bbox 731 3043 756 3107; x_wconf 87' lang='lat' dir='ltr'>si</span> <span class='ocrx_word' id='word_1_174' title='bbox 781 3044 925 3126; x_wconf 90' lang='lat' dir='ltr'>quaestio</span> <span class='ocrx_word' id='word_1_175' title='bbox 948 3045 990 3107; x_wconf 90' lang='lat' dir='ltr'>sit</span> <span class='ocrx_word' id='word_1_176' title='bbox 1011 3040 1051 3106; x_wconf 90' lang='lat' dir='ltr'>de</span> <span class='ocrx_word' id='word_1_177' title='bbox 1074 3062 1113 3107; x_wconf 92' lang='lat' dir='ltr'>ea</span> <span class='ocrx_word' id='word_1_178' title='bbox 1137 3062 1182 3115; x_wconf 93' lang='lat' dir='ltr'>re,</span> <span class='ocrx_word' id='word_1_179' title='bbox 1200 3043 1234 3107; x_wconf 92' lang='lat' dir='ltr'>in</span> <span class='ocrx_word' id='word_1_180' title='bbox 1256 3063 1352 3126; x_wconf 90' lang='lat' dir='ltr'>quam</span> <span class='ocrx_word' id='word_1_181' title='bbox 1369 3043 1466 3108; x_wconf 79' lang='lat' dir='ltr'>iudex</span> 
     </span>
    </p>
   </div>
   <div class='ocr_carea' id='block_1_7' title="bbox 287 3250 1468 4493">
    <p class='ocr_par' dir='ltr' id='par_1_9' title="bbox 288 3250 1468 3428">
     <span class='ocr_line' id='line_1_24' title="bbox 377 3250 1468 3323; baseline -0.001 -18"><span class='ocrx_word' id='word_1_182' title='bbox 377 3252 416 3320; x_wconf 95' lang='lat' dir='ltr'>(l)</span> <span class='ocrx_word' id='word_1_183' title='bbox 437 3250 506 3305; x_wconf 90' lang='lat' dir='ltr'>Vide</span> <span class='ocrx_word' id='word_1_184' title='bbox 525 3251 738 3307; x_wconf 85' lang='lat' dir='ltr'>instructionem</span> <span class='ocrx_word' id='word_1_185' title='bbox 757 3252 943 3320; x_wconf 82' lang='lat' dir='ltr'>Austriacam,</span> <span class='ocrx_word' id='word_1_186' title='bbox 964 3253 992 3307; x_wconf 87' lang='lat' dir='ltr'>in</span> <span class='ocrx_word' id='word_1_187' title='bbox 1012 3258 1051 3306; x_wconf 86' lang='lat' dir='ltr'>tit.</span> <span class='ocrx_word' id='word_1_188' title='bbox 1070 3255 1091 3306; x_wconf 82' lang='lat'><em>2</em></span> <span class='ocrx_word' id='word_1_189' title='bbox 1110 3254 1153 3307; x_wconf 85' lang='lat' dir='ltr'>De</span> <span class='ocrx_word' id='word_1_190' title='bbox 1167 3270 1305 3323; x_wconf 81' lang='lat' dir='ltr'>processu</span> <span class='ocrx_word' id='word_1_191' title='bbox 1323 3255 1468 3306; x_wconf 78' lang='lat' dir='ltr'>niatrimo·</span> 
     </span>
     <span class='ocr_line' id='line_1_25' title="bbox 288 3360 858 3428; baseline 0.002 -15"><span class='ocrx_word' id='word_1_192' title='bbox 288 3360 366 3427; x_wconf 84' lang='lat' dir='ltr'>nioli,</span> <span class='ocrx_word' id='word_1_193' title='bbox 386 3364 422 3425; x_wconf 58' lang='grc' dir='ltr'>ἐξ</span> <span class='ocrx_word' id='word_1_194' title='bbox 443 3361 507 3428; x_wconf 88' lang='grc'><em>133,</em></span> <span class='ocrx_word' id='word_1_195' title='bbox 528 3361 593 3426; x_wconf 80' lang='grc'><em>131,</em></span> <span class='ocrx_word' id='word_1_196' title='bbox 614 3360 681 3427; x_wconf 88' lang='grc'><em>135,</em></span> <span class='ocrx_word' id='word_1_197' title='bbox 702 3361 858 3426; x_wconf 84' lang='lat'>137,138.</span> 
     </span>
    </p>

    <p class='ocr_par' dir='ltr' id='par_1_10' title="bbox 287 3465 1467 4493">
     <span class='ocr_line' id='line_1_26' title="bbox 377 3465 1467 3537; baseline -0.001 -17"><span class='ocrx_word' id='word_1_198' title='bbox 377 3467 415 3536; x_wconf 85' lang='grc'>(2)</span> <span class='ocrx_word' id='word_1_199' title='bbox 436 3466 492 3520; x_wconf 90' lang='lat' dir='ltr'>lam</span> <span class='ocrx_word' id='word_1_200' title='bbox 512 3467 659 3532; x_wconf 90' lang='lat' dir='ltr'>innuimus,</span> <span class='ocrx_word' id='word_1_201' title='bbox 679 3466 816 3537; x_wconf 91' lang='lat' dir='ltr'>quomodo</span> <span class='ocrx_word' id='word_1_202' title='bbox 834 3466 907 3535; x_wconf 89' lang='lat' dir='ltr'>apud</span> <span class='ocrx_word' id='word_1_203' title='bbox 920 3467 1048 3521; x_wconf 89' lang='lat' dir='ltr'>nationes</span> <span class='ocrx_word' id='word_1_204' title='bbox 1062 3466 1159 3521; x_wconf 83' lang='lat' dir='ltr'>civiles</span> <span class='ocrx_word' id='word_1_205' title='bbox 1172 3465 1254 3523; x_wconf 90' lang='lat' dir='ltr'>hodie</span> <span class='ocrx_word' id='word_1_206' title='bbox 1273 3468 1467 3537; x_wconf 82' lang='lat' dir='ltr'>Magiatratns,</span> 
     </span>
     <span class='ocr_line' id='line_1_27' title="bbox 287 3568 1467 3642; baseline -0.001 -18"><span class='ocrx_word' id='word_1_207' title='bbox 287 3568 423 3639; x_wconf 88' lang='lat' dir='ltr'>speciales</span> <span class='ocrx_word' id='word_1_208' title='bbox 441 3575 490 3624; x_wconf 89' lang='lat' dir='ltr'>aut</span> <span class='ocrx_word' id='word_1_209' title='bbox 508 3570 650 3637; x_wconf 87' lang='lat' dir='ltr'>ordinarii,</span> <span class='ocrx_word' id='word_1_210' title='bbox 669 3571 832 3625; x_wconf 84' lang='lat' dir='ltr'>incumbant</span> <span class='ocrx_word' id='word_1_211' title='bbox 850 3568 959 3625; x_wconf 85' lang='lat' dir='ltr'>muneri</span> <span class='ocrx_word' id='word_1_212' title='bbox 978 3572 1189 3637; x_wconf 79' lang='lat' dir='ltr'>conciliationis,</span> <span class='ocrx_word' id='word_1_213' title='bbox 1207 3576 1393 3642; x_wconf 84' lang='lat' dir='ltr'>proponentes</span> <span class='ocrx_word' id='word_1_214' title='bbox 1411 3576 1467 3626; x_wconf 82' lang='lat' dir='ltr'>ter·</span> 
     </span>
     <span class='ocr_line' id='line_1_28' title="bbox 288 3673 1467 3745; baseline 0.003 -17"><span class='ocrx_word' id='word_1_215' title='bbox 288 3676 377 3730; x_wconf 87' lang='lat' dir='ltr'>minos</span> <span class='ocrx_word' id='word_1_216' title='bbox 396 3676 599 3743; x_wconf 87' lang='lat' dir='ltr'>transactionis,</span> <span class='ocrx_word' id='word_1_217' title='bbox 620 3680 650 3730; x_wconf 87' lang='lat' dir='ltr'>et</span> <span class='ocrx_word' id='word_1_218' title='bbox 667 3674 740 3729; x_wconf 88' lang='lat' dir='ltr'>hanc</span> <span class='ocrx_word' id='word_1_219' title='bbox 758 3676 787 3729; x_wconf 89' lang='lat' dir='ltr'>in</span> <span class='ocrx_word' id='word_1_220' title='bbox 806 3673 962 3743; x_wconf 82' lang='lat' dir='ltr'>legitimam</span> <span class='ocrx_word' id='word_1_221' title='bbox 980 3676 1098 3728; x_wconf 84' lang='lat' dir='ltr'>formam</span> <span class='ocrx_word' id='word_1_222' title='bbox 1117 3676 1290 3745; x_wconf 62' lang='lat' dir='ltr'>redigentem</span> <span class='ocrx_word' id='word_1_223' title='bbox 1309 3680 1408 3730; x_wconf 90' lang='lat' dir='ltr'>curant</span> <span class='ocrx_word' id='word_1_224' title='bbox 1419 3693 1467 3731; x_wconf 88' lang='lat' dir='ltr'>re-</span> 
     </span>
     <span class='ocr_line' id='line_1_29' title="bbox 288 3781 1467 3849; baseline 0.002 -14"><span class='ocrx_word' id='word_1_225' title='bbox 288 3799 400 3838; x_wconf 84' lang='lat' dir='ltr'>movere</span> <span class='ocrx_word' id='word_1_226' title='bbox 417 3782 527 3837; x_wconf 75' lang='lat' dir='ltr'>fraudes</span> <span class='ocrx_word' id='word_1_227' title='bbox 546 3784 573 3835; x_wconf 90' lang='lat' dir='ltr'>in</span> <span class='ocrx_word' id='word_1_228' title='bbox 594 3781 789 3837; x_wconf 88' lang='lat' dir='ltr'>conciliatione</span> <span class='ocrx_word' id='word_1_229' title='bbox 808 3782 911 3836; x_wconf 90' lang='lat' dir='ltr'>iurium</span> <span class='ocrx_word' id='word_1_230' title='bbox 928 3781 1058 3849; x_wconf 87' lang='lat' dir='ltr'>ineunda,</span> <span class='ocrx_word' id='word_1_231' title='bbox 1071 3788 1100 3837; x_wconf 89' lang='lat' dir='ltr'>et</span> <span class='ocrx_word' id='word_1_232' title='bbox 1112 3783 1141 3837; x_wconf 93' lang='lat' dir='ltr'>in</span> <span class='ocrx_word' id='word_1_233' title='bbox 1154 3784 1214 3839; x_wconf 87' lang='lat' dir='ltr'>eius</span> <span class='ocrx_word' id='word_1_234' title='bbox 1226 3784 1376 3838; x_wconf 90' lang='lat' dir='ltr'>obtinenda</span> <span class='ocrx_word' id='word_1_235' title='bbox 1388 3791 1467 3838; x_wconf 86' lang='lat' dir='ltr'>certa</span> 
     </span>
     <span class='ocr_line' id='line_1_30' title="bbox 287 3891 1465 3962; baseline -0.003 -15"><span class='ocrx_word' id='word_1_236' title='bbox 287 3893 459 3948; x_wconf 84' lang='lat' dir='ltr'>executione.</span> <span class='ocrx_word' id='word_1_237' title='bbox 482 3892 552 3946; x_wconf 89' lang='lat' dir='ltr'>Nam</span> <span class='ocrx_word' id='word_1_238' title='bbox 577 3891 685 3947; x_wconf 85' lang='lat' dir='ltr'>codices</span> <span class='ocrx_word' id='word_1_239' title='bbox 710 3891 806 3946; x_wconf 86' lang='lat' dir='ltr'>civiles</span> <span class='ocrx_word' id='word_1_240' title='bbox 829 3896 919 3961; x_wconf 82' lang='lat' dir='ltr'>agunt</span> <span class='ocrx_word' id='word_1_241' title='bbox 943 3892 985 3946; x_wconf 82' lang='lat' dir='ltr'>de‘</span> <span class='ocrx_word' id='word_1_242' title='bbox 1000 3892 1203 3957; x_wconf 86' lang='lat' dir='ltr'>transactione,</span> <span class='ocrx_word' id='word_1_243' title='bbox 1222 3892 1315 3962; x_wconf 87' lang='lat' dir='ltr'>prouti</span> <span class='ocrx_word' id='word_1_244' title='bbox 1338 3892 1373 3946; x_wconf 84' lang='lat' dir='ltr'>de</span> <span class='ocrx_word' id='word_1_245' title='bbox 1397 3908 1465 3945; x_wconf 88' lang='lat' dir='ltr'>cou-</span> 
     </span>
     <span class='ocr_line' id='line_1_31' title="bbox 288 3996 1467 4068; baseline -0.003 -15"><span class='ocrx_word' id='word_1_246' title='bbox 288 4003 393 4063; x_wconf 76' lang='lat' dir='ltr'>tractu3</span> <span class='ocrx_word' id='word_1_247' title='bbox 417 3998 525 4053; x_wconf 87' lang='lat' dir='ltr'>codices</span> <span class='ocrx_word' id='word_1_248' title='bbox 550 3998 719 4068; x_wconf 87' lang='lat' dir='ltr'>procedurae</span> <span class='ocrx_word' id='word_1_249' title='bbox 744 3997 835 4053; x_wconf 88' lang='lat' dir='ltr'>civilis</span> <span class='ocrx_word' id='word_1_250' title='bbox 860 4002 949 4067; x_wconf 84' lang='lat' dir='ltr'>agunt</span> <span class='ocrx_word' id='word_1_251' title='bbox 972 3998 1006 4051; x_wconf 91' lang='lat' dir='ltr'>de</span> <span class='ocrx_word' id='word_1_252' title='bbox 1029 3996 1106 4052; x_wconf 81' lang='lat' dir='ltr'>bisce</span> <span class='ocrx_word' id='word_1_253' title='bbox 1128 3998 1342 4067; x_wconf 80' lang='lat' dir='ltr'>Magistratibus</span> <span class='ocrx_word' id='word_1_254' title='bbox 1363 3999 1467 4052; x_wconf 84' lang='lat' dir='ltr'>consti-</span> 
     </span>
     <span class='ocr_line' id='line_1_32' title="bbox 288 4104 1465 4174; baseline -0.003 -13"><span class='ocrx_word' id='word_1_255' title='bbox 288 4108 356 4161; x_wconf 85' lang='lat' dir='ltr'>tutis</span> <span class='ocrx_word' id='word_1_256' title='bbox 374 4107 409 4159; x_wconf 89' lang='lat' dir='ltr'>ad</span> <span class='ocrx_word' id='word_1_257' title='bbox 428 4105 582 4160; x_wconf 82' lang='lat' dir='ltr'>faciliorem</span> <span class='ocrx_word' id='word_1_258' title='bbox 602 4106 766 4160; x_wconf 88' lang='lat' dir='ltr'>reddendam</span> <span class='ocrx_word' id='word_1_259' title='bbox 785 4106 860 4161; x_wconf 86' lang='lat' dir='ltr'>viam</span> <span class='ocrx_word' id='word_1_260' title='bbox 882 4106 1087 4159; x_wconf 84' lang='lat' dir='ltr'>transactionis.</span> <span class='ocrx_word' id='word_1_261' title='bbox 1107 4134 1141 4147; x_wconf 95' lang='lat'><em>-</em></span> <span class='ocrx_word' id='word_1_262' title='bbox 1160 4105 1292 4166; x_wconf 87' lang='lat' dir='ltr'>Quaestio</span> <span class='ocrx_word' id='word_1_263' title='bbox 1310 4104 1404 4174; x_wconf 81' lang='lat' dir='ltr'>gravis</span> <span class='ocrx_word' id='word_1_264' title='bbox 1422 4111 1465 4159; x_wconf 85' lang='lat' dir='ltr'>est</span> 
     </span>
     <span class='ocr_line' id='line_1_33' title="bbox 287 4210 1465 4281; baseline -0.002 -16"><span class='ocrx_word' id='word_1_265' title='bbox 287 4214 360 4267; x_wconf 83' lang='lat' dir='ltr'>inter</span> <span class='ocrx_word' id='word_1_266' title='bbox 379 4211 599 4276; x_wconf 83' lang='lat' dir='ltr'>iurisconsultus,</span> <span class='ocrx_word' id='word_1_267' title='bbox 618 4228 653 4265; x_wconf 90' lang='lat' dir='ltr'>an</span> <span class='ocrx_word' id='word_1_268' title='bbox 671 4228 771 4281; x_wconf 88' lang='lat' dir='ltr'>nempe</span> <span class='ocrx_word' id='word_1_269' title='bbox 790 4210 921 4280; x_wconf 84' lang='lat' dir='ltr'>expediat</span> <span class='ocrx_word' id='word_1_270' title='bbox 938 4227 1039 4279; x_wconf 85' lang='lat' dir='ltr'>cogere</span> <span class='ocrx_word' id='word_1_271' title='bbox 1057 4215 1152 4281; x_wconf 85' lang='lat' dir='ltr'>partes</span> <span class='ocrx_word' id='word_1_272' title='bbox 1169 4210 1205 4265; x_wconf 90' lang='lat' dir='ltr'>ad</span> <span class='ocrx_word' id='word_1_273' title='bbox 1224 4211 1386 4265; x_wconf 88' lang='lat' dir='ltr'>tentandam</span> <span class='ocrx_word' id='word_1_274' title='bbox 1398 4227 1465 4265; x_wconf 91' lang='lat' dir='ltr'>con·</span> 
     </span>
     <span class='ocr_line' id='line_1_34' title="bbox 287 4318 1465 4390; baseline -0.003 -14"><span class='ocrx_word' id='word_1_275' title='bbox 287 4322 468 4376; x_wconf 89' lang='lat' dir='ltr'>ciliationem.</span> <span class='ocrx_word' id='word_1_276' title='bbox 479 4320 571 4374; x_wconf 85' lang='lat' dir='ltr'>Etiam</span> <span class='ocrx_word' id='word_1_277' title='bbox 586 4320 796 4389; x_wconf 79' lang='lat' dir='ltr'>Legumlatores</span> <span class='ocrx_word' id='word_1_278' title='bbox 812 4321 841 4374; x_wconf 91' lang='lat' dir='ltr'>in</span> <span class='ocrx_word' id='word_1_279' title='bbox 854 4318 907 4374; x_wconf 92' lang='lat' dir='ltr'>boc</span> <span class='ocrx_word' id='word_1_280' title='bbox 920 4336 975 4375; x_wconf 92' lang='lat' dir='ltr'>non</span> <span class='ocrx_word' id='word_1_281' title='bbox 988 4320 1164 4374; x_wconf 82' lang='lat' dir='ltr'>concordant</span> <span class='ocrx_word' id='word_1_282' title='bbox 1178 4319 1342 4390; x_wconf 87' lang='lat' dir='ltr'>Iampridem</span> <span class='ocrx_word' id='word_1_283' title='bbox 1355 4321 1383 4374; x_wconf 95' lang='lat' dir='ltr'>iu</span> <span class='ocrx_word' id='word_1_284' title='bbox 1397 4320 1465 4375; x_wconf 89' lang='lat' dir='ltr'>Hol-</span> 
     </span>
     <span class='ocr_line' id='line_1_35' title="bbox 287 4422 1462 4493; baseline -0.002 -13"><span class='ocrx_word' id='word_1_285' title='bbox 287 4426 382 4480; x_wconf 86' lang='lat' dir='ltr'>laudia</span> <span class='ocrx_word' id='word_1_286' title='bbox 400 4426 620 4493; x_wconf 79' lang='lat' dir='ltr'>experimentum</span> <span class='ocrx_word' id='word_1_287' title='bbox 641 4424 854 4491; x_wconf 88' lang='lat' dir='ltr'>conciliationis,</span> <span class='ocrx_word' id='word_1_288' title='bbox 875 4424 916 4478; x_wconf 90' lang='lat' dir='ltr'>uti</span> <span class='ocrx_word' id='word_1_289' title='bbox 935 4422 1130 4489; x_wconf 84' lang='lat' dir='ltr'>necessarium,</span> <span class='ocrx_word' id='word_1_290' title='bbox 1149 4423 1204 4478; x_wconf 84' lang='lat' dir='ltr'>t‘uit</span> <span class='ocrx_word' id='word_1_291' title='bbox 1222 4425 1412 4480; x_wconf 87' lang='lat' dir='ltr'>coustitutum.</span> <span class='ocrx_word' id='word_1_292' title='bbox 1431 4426 1462 4479; x_wconf 91' lang='lat' dir='ltr'>ln</span> 
     </span>
    </p>
   </div>
   <div class='ocr_carea' id='block_1_8' title="bbox 0 0 1680 5117">
    <p class='ocr_par' dir='ltr' id='par_1_11' title="bbox 0 0 1680 5117">
     <span class='ocr_line' id='line_1_36' title="bbox 0 0 1680 5117; baseline 0 1"><span class='ocrx_word' id='word_1_293' title='bbox 0 0 1680 5117; x_wconf 95' lang='lat' dir='ltr'> </span> 
     </span>
    </p>
   </div>
  </div>
 </body>
</html>
