3350 5117
318 317 383 382 314
852 342 936 391 snas
960 343 981 390 1.

319 465 453 547 emptori
477 463 585 530 doloso
609 485 673 529 non
697 467 875 537 tradiderit.
900 475 934 535 at
960 470 1014 534 hic
1037 470 1182 536 eamdem
1207 453 1344 557 repetat,
1367 477 1494 540 actone

319 587 559 669 empti-venditi
582 593 652 674 post
674 592 787 674 viginti
809 611 913 656 annos
936 592 975 656 ab
1006 594 1084 658 inito
1108 601 1286 667 contractu,
1311 599 1416 662 statim
1442 618 1493 664 re

318 709 448 792 pellitur
463 709 659 792 emeeptioae
674 711 743 777 doti
766 731 848 794 quae
864 719 1020 798 perpetua
1043 720 1100 779 est.
1123 715 1310 782 Huiusmodi
1334 721 1495 804 exceptio

318 853 376 898 nes
399 837 574 920 possessori
599 842 802 921 comparatae
829 845 905 902 sunt
928 844 1126 922 perpetuae,
1151 843 1196 906 uti
1228 847 1418 926 perpetuum
1444 848 1495 908 est

318 961 368 1025 ius
391 960 581 1025 defendendi
607 981 676 1026 rem
700 981 789 1026 suam
807 962 848 1027 ab
871 964 989 1028 iniusto
1012 964 1209 1030 adversario.

410 1084 551 1149 Proinde
579 1087 786 1170 exceptiones
809 1106 891 1169 quae
915 1106 935 1150 a
957 1088 1029 1152 iure
1051 1095 1255 1174 comparatae
1278 1094 1353 1154 sunt
1366 1090 1480 1153 favore

320 1227 384 1272 non
407 1227 635 1294 possessorum,
655 1213 766 1293 utputa
788 1210 936 1294 exceptio
958 1210 1249 1296 rediateprandae
1265 1229 1325 1296 pro
1340 1212 1493 1295 spoliatis,

320 1335 416 1398 etiam
440 1335 509 1397 iure
533 1353 603 1397 can.
628 1333 741 1398 saltem
765 1335 868 1419 spatio
899 1335 1033 1420 triginta
1059 1355 1218 1400 annorum
1250 1335 1493 1421 praescribitur.

320 1473 382 1537 quo
413 1459 558 1539 tempore
589 1455 695 1518 omnia
718 1455 749 1518 id
773 1474 877 1540 genus
898 1457 970 1520 iura
992 1432 1204 1541 perimuntur.
1229 1493 1273 1505 -
1297 1457 1385 1542 Lege
1414 1475 1495 1522 vero

321 1598 455 1643 romana
477 1577 660 1644 introducta
684 1583 733 1644 est
756 1580 905 1664 exceptio
931 1599 1003 1645 noa
1029 1585 1231 1645 numeratae
1256 1579 1431 1663 pecuniae,
1463 1581 1494 1643 ei

320 1723 484 1784 concessa,
506 1705 559 1786 qui
583 1709 705 1770 certam
729 1704 898 1787 pecuniam
923 1723 1041 1769 revera
1063 1723 1127 1769 non
1157 1709 1327 1789 receperat
1350 1723 1407 1768 seu
1429 1723 1497 1767 non

320 1829 479 1894 habuerat
498 1833 710 1910 numeratam,
735 1830 879 1911 quamvis
903 1831 971 1915 ipse
995 1830 1123 1896 incaute
1146 1849 1203 1894 seu
1222 1829 1338 1895 fraude
1361 1831 1497 1895 eircum-

320 1959 436 2020 ventus
459 1953 679 2040 syngrapham
703 1954 898 2039 receptionis
920 1952 1056 2019 debitori
1080 1952 1268 2029 tradiderat
1285 1961 1318 2020 et
1333 1954 1415 2018 baec
1439 1973 1496 2018 ex-

321 2079 425 2163 ceptio
449 2077 580 2144 biennio
602 2075 822 2161 perimebatur
845 2076 901 2162 (l).

276 2183 279 2190 ¹
408 2200 484 2266 284.
502 2201 566 2265 Nos
583 2202 615 2264 in
631 2201 737 2285 specie
753 2218 885 2284 agemus
901 2198 941 2263 de
964 2199 1109 2266 instituto
1124 2201 1397 2284 praescriptionis
1411 2200 1498 2264 idem

322 2330 531 2391 recensentes
554 2324 611 2390 sub
635 2323 767 2390 rubrica
789 2326 1025 2408 exceptionum,
1039 2326 1114 2408 quia
1136 2324 1299 2390 actionum
1329 2331 1362 2389 et
1386 2345 1498 2390 rerum

321 2453 533 2537 praescriptio
562 2453 593 2515 in
623 2451 746 2516 iudiciis
777 2452 948 2536 opponitur
979 2451 1037 2515 sub
1069 2452 1174 2516 forma
1204 2451 1420 2532 emceptionis.
1452 2485 1500 2498 —

323 2576 459 2662 Propius
489 2579 597 2639 autem
628 2593 697 2638 rem
728 2579 871 2638 nostram
899 2573 1027 2658 attingit
1054 2573 1144 2639 actio
1168 2571 1415 2656 peremptionis
1442 2572 1499 2636 ia-

322 2701 535 2782 ctantiam,
551 2705 583 2764 et
595 2699 634 2766 de
647 2699 709 2763 hac
725 2700 917 2783 exceptione
931 2717 1064 2782 agemus
1079 2704 1244 2782 postquam
1256 2696 1501 2780 praescriptio·

321 2847 399 2892 aem
423 2826 701 2912 explicaverimus,
728 2826 818 2890 cuius
842 2829 1015 2908 conceptus
1038 2825 1189 2907 praevius
1212 2828 1261 2887 est
1283 2822 1500 2906 peremptioni

322 2954 556 3033 instantiarum,
581 2952 726 3034 quamvis
752 2970 817 3015 uua
842 2969 894 3014 res
917 2948 956 3013 ab
980 2949 1044 3013 alia
1065 2953 1131 3014 toto
1156 2948 1247 3013 coelo
1271 2944 1409 3014 differat.

414 4471 453 4540 (1)
472 4471 512 4524 cr.
533 4469 685 4536 nutritore,
706 4485 748 4538 op.
768 4471 820 4534 aa,
841 4469 896 4520 voi.
917 4467 939 4521 1.
959 4467 986 4520 a.
1006 4467 1057 4520 44.
