3350 5117
330 327 395 392 304
864 353 949 400 rius
974 353 995 399 1.

420 470 606 538 Ordinoriu
630 493 726 540 causa
750 481 799 540 est
821 475 937 558 minor
959 483 1064 550 aetas.
1089 479 1165 562 quia
1180 479 1321 544 minores
1337 477 1378 544 ob
1392 477 1513 564 fragile

330 600 362 661 et
383 587 544 662 infirmium
569 599 664 666 huius
687 602 803 665 aetatis
830 601 999 667 consilium
1023 601 1166 667 faciliter
1187 621 1223 668 se
1245 601 1364 667 fallere
1386 607 1419 668 et
1441 601 1513 668 falli

329 728 474 834 possput
498 744 568 811 arg.
593 726 614 790 t.
641 725 668 799 1,
692 705 967 803 De'minorilrus,
992 730 1029 811 ff.

417 847 711 944 Eoetraordinaria
734 867 833 915 causa
854 849 1035 916 attenditur
1058 849 1164 933 quoad
1186 851 1340 924 maiores
1357 856 1470 938 utputa
1485 852 1514 917 si

239 945 245 964 ⁴
330 968 400 1051 quis
423 968 456 1032 in
479 989 538 1035 sua
560 969 705 1035 absentia
727 970 875 1055 graviter
897 969 1006 1035 laesus
1026 968 1135 1045 fuerit,
1151 970 1255 1036 veluti
1271 971 1441 1037 occasione
1456 973 1515 1036 mi·

328 1086 439 1159 litiae.
451 1055 504 1152 vd
518 1054 583 1152 alia
605 1087 764 1155 subluerit
787 1089 913 1154 erroris
936 1090 1019 1154 iusta
1041 1107 1149 1162 causa.
1167 1089 1273 1174 prouti
1289 1087 1398 1157 aiebat
1414 1090 1515 1154 Prae·

328 1213 392 1290 tor,
414 1211 436 1284 l.
461 1209 488 1284 1,
511 1213 546 1294 ff.
570 1209 772 1296 nequitus
795 1230 889 1278 caus.
914 1211 1060 1279 maior„-
1085 1231 1103 1276 r
1128 1213 1210 1278 ltem
1226 1212 1253 1277 si
1270 1189 1337 1296 qud
1348 1211 1414 1276 alia
1428 1213 1516 1278 iusta

329 1333 408 1398 mihi
439 1354 537 1400 causa
560 1354 631 1400 esse
655 1321 815 1401 videbitur
838 1337 872 1400 in
895 1337 1058 1422 integrum
1082 1336 1250 1403 restituam
1267 1357 1297 1400 r.
1323 1335 1434 1411 Quare
1456 1337 1517 1401 mi·

330 1479 427 1526 nores
449 1481 579 1546 semper
600 1462 774 1548 implorare
799 1469 934 1548 possunt
961 1464 994 1527 in
1023 1464 1186 1548 integrum
1212 1463 1448 1529 restitutionem
1472 1463 1517 1528 ob

330 1605 462 1670 gravem
487 1605 612 1671 passam
635 1587 828 1664 laesionem;
852 1589 992 1654 maiores
1015 1587 1118 1652 solum
1134 1588 1160 1652 si
1180 1592 1313 1674 praeter
1335 1587 1516 1654 laesionem

329 1711 468 1797 probent
490 1713 599 1780 etiarn
619 1712 744 1778 iustum
768 1712 883 1779 adesse
905 1731 1045 1778 causam.
1444 1698 1447 1702 ⁵

419 1835 494 1902 270.
520 1836 653 1902 Demum
685 1838 753 1902 sive
783 1843 875 1904 actus
905 1839 948 1902 sit
970 1836 1127 1903 iudicialis
1149 1838 1220 1904 sive
1244 1839 1517 1914 extraiudicialis‚

331 1940 499 2027 dummodo
522 1961 622 2028 suerit
651 1963 787 2046 validus,
809 1983 869 2048 per
892 1963 1072 2028 huiusmodi
1095 1963 1273 2030 remedium
1301 1966 1514 2034 rescinditur.

306 2183 308 2188 ἲ
331 2087 365 2153 Si
388 2086 551 2153 dubitetur
573 2107 616 2152 an
638 2087 763 2153 validus
778 2086 881 2153 fuerit
895 2088 948 2152 vel
972 2087 1087 2161 minus,
1110 2093 1188 2153 tunc
1211 2089 1257 2153 uti
1281 2087 1428 2155 decernit
1443 2111 1471 2157 c.
1489 2092 1517 2157 8

331 2210 362 2276 h.
388 2217 408 2276 t.
433 2210 473 2292 X,
498 2211 701 2278 cumulatire
716 2217 749 2278 et
771 2210 994 2278 subordinate
1014 2215 1121 2297 potest
1142 2213 1208 2296 peti
1230 2231 1251 2276 a
1274 2212 1389 2285 iudice.
1402 2213 1457 2280 vel
1477 2221 1516 2284 ut

306 2416 308 2420 Ι
330 2337 437 2398 actum
460 2333 653 2419 pronunciet
675 2351 745 2398 esse
761 2332 951 2414 invalidum,
966 2332 1020 2397 vel
1035 2334 1183 2418 graviter
1204 2333 1295 2400 laeso
1318 2332 1516 2402 beneficium

222 2445 231 2460 '
330 2458 542 2524 restitutionis
564 2458 597 2521 in
621 2459 783 2544 integrum
807 2457 984 2543 indulgeat.
1008 2457 1151 2523 Proinde
1173 2456 1269 2523 huius
1296 2461 1516 2526 restitutionis

331 2581 463 2652 effectus
486 2590 535 2650 est
557 2590 594 2648 ut
617 2585 758 2669 quisque
781 2584 953 2670 inteprum
975 2603 1077 2650 strum
1099 2583 1154 2650 ius
1175 2583 1340 2668 recipiot;
1364 2587 1385 2650 t.
1401 2585 1453 2653 25
1473 2589 1514 2670 ff,

330 2709 381 2774 De
403 2709 601 2784 minoribus,
625 2709 647 2791 5
670 2707 846 2774 Restitutio
851 2726 866 2790 ;
901 2727 1003 2792 quare
1033 2707 1209 2774 resolvitur
1239 2727 1336 2772 omne
1371 2709 1420 2773 ius
1451 2729 1517 2793 per

331 2837 436 2898 actum
455 2834 624 2898 rescissum
641 2833 703 2897 iam
719 2833 910 2916 acquisitum
934 2838 968 2897 et
984 2840 1096 2897 cetera
1112 2833 1311 2897 reviviscunt
1327 2833 1409 2904 iura,
1429 2851 1517 2916 quae

332 2975 391 3039 per
414 2955 559 3020 eumdem
590 2962 697 3022 actum
729 2933 850 3020 mutata
873 2961 929 3019 aut
953 2975 1046 3020 cessa
1074 2959 1131 3020 aut
1153 2955 1287 3019 fuerunt
1311 2957 1516 3020 renunciata.

332 3079 441 3156 Quare
457 3099 554 3145 causa
569 3080 778 3144 restitutionis
803 3079 836 3143 in
854 3079 1017 3164 integrum
1035 3077 1115 3144 duas
1131 3079 1277 3144 continet
1292 3079 1514 3162 quaestiones:

331 3204 437 3289 prima
458 3221 501 3266 an
523 3201 638 3268 debeat
660 3200 731 3268 fieri
755 3207 850 3269 actus
872 3203 1049 3285 rescissio;
1076 3201 1226 3276 secunda,
1251 3201 1411 3286 quomodo
1438 3199 1515 3267 fieri

327 3327 445 3394 'debeat
472 3328 635 3394 restitutio
666 3328 703 3393 in
725 3327 924 3415 inteprum5
952 3327 995 3393 cs.
1019 3325 1165 3414 Ruggeri
1195 3329 1217 3391 l.
1241 3349 1280 3401 r..
1304 3336 1338 3394 et
1371 3328 1516 3416 Pirhing

332 3449 364 3514 h.
388 3455 409 3515 t.
433 3470 467 3515 rt.
493 3450 544 3514 71.

421 3577 495 3644 271.
522 3577 593 3642 Hoc
616 3576 792 3642 remedium
815 3581 929 3661 suapte
952 3582 1071 3642 natura
1085 3576 1263 3643 ordinarie
1278 3579 1432 3662 competit
1446 3577 1513 3642 mi·

330 3699 481 3782 noribies,
506 3680 619 3785 quibus
641 3699 788 3785 graviter
821 3699 918 3764 laesis
953 3698 1180 3764 subveniendis
1213 3699 1338 3764 directe
1375 3719 1512 3785 compa-

331 3828 438 3889 ratum
455 3821 524 3886 fuit.
549 3821 670 3886 Tamen
689 3825 738 3886 est
752 3818 1012 3902 subsidiarium
1027 3819 1111 3896 iude,
1128 3820 1243 3906 regula
1260 3821 1421 3906 generali.
1438 3841 1515 3887 con·

331 3947 458 4015 ceditur
481 3944 607 4030 quando
625 3944 689 4009 alia
704 3963 769 4010 nun
784 3949 956 4030 suppetant
970 3944 1124 4019 remedia,
1142 3945 1248 4029 prouti
1265 3944 1511 4029 explicavimus.

333 4072 420 4138 Hinc
446 4069 558 4136 incidit
589 4071 740 4153 quaestio.
766 4069 860 4144 Quid·
880 4071 960 4135 iuris
990 4071 1017 4134 si
1049 4069 1110 4134 duo
1141 4074 1326 4153 competant
1357 4068 1513 4150 remedia,

332 4215 431 4262 unum
454 4193 662 4274 ordinarium,
679 4192 817 4258 alterum
841 4191 1145 4266 extraordinarium,
1158 4192 1259 4258 veluti
1282 4192 1451 4259 restitutio
1474 4192 1514 4257 in

331 4321 512 4406 inicorum.
526 4315 582 4382 sed
598 4336 662 4382 non
685 4315 826 4400 aequalis
843 4313 1027 4382 efficaciae?
1050 4317 1167 4401 Utputa
1183 4317 1335 4402 competit
1351 4316 1438 4381 actio
1453 4335 1513 4383 or·

333 4442 472 4511 dinaria
495 4461 540 4509 eeu
563 4443 640 4510 dolo
664 4446 778 4508 contra
800 4442 933 4508 tertium
956 4443 1043 4509 actui
1066 4448 1267 4516 extraneum,
1291 4441 1439 4507 tribuens
1461 4443 1514 4507 ius
