3350 5117
490 304 534 351 oa
557 304 697 353 ruorcns
720 304 987 355 sconnsmsrrcrs
1262 290 1329 357 175

144 432 342 503 conuentum
358 428 392 493 in
416 425 558 493 secunda
580 447 660 493 vero
683 428 837 494 instantia
859 431 928 514 agit
946 449 1010 513 qua
1025 434 1126 504 actor,
1140 450 1200 516 per
1215 432 1327 519 appel·

144 550 300 617 lationem
322 554 515 639 impugnans
545 553 737 619 sententiam
764 554 889 640 primae
918 556 1100 630 instantiae,
1125 562 1327 622 asserentem

145 677 387 742 matrimonium
410 677 534 743 nullum
558 696 640 743 esse.

238 798 313 864 138.
339 798 389 863 Ad
413 800 517 864 instar
531 798 718 865 Defensoris
733 800 933 866 Matrimonii
955 801 1118 866 institutus
1142 800 1204 865 luit
1226 820 1247 866 a
1269 802 1329 867 Be

145 922 276 989 nedicto
287 924 372 989 XlV
384 924 543 989 Defensor
556 924 773 990 Prolessionis
786 924 971 1011 Religiosae
982 926 1015 989 in
1029 922 1325 992 constaturam.

144 1044 288 1112 -Item
300 1048 332 1113 S.
350 1048 449 1133 cong.
467 1047 600 1114 Goncilii
612 1068 672 1134 per
684 1068 775 1114 suam
793 1050 1044 1115 Instructionem
1067 1050 1145 1114 anni
1158 1049 1246 1115 1838
1262 1054 1325 1116 sta·

142 1172 208 1235 tuit
237 1172 272 1235 in
296 1171 500 1256 processibus
530 1171 570 1238 de
601 1173 714 1239 valore
738 1173 769 1238 S.
794 1171 1017 1239 Ordinationis
1047 1176 1172 1257 partem
1204 1170 1327 1239 habere

143 1298 368 1361 necessariam
384 1296 594 1361 Defensorem
616 1296 790 1361 validitatis
807 1294 838 1361 S.
858 1293 1089 1362 ordinationis.
1105 1328 1151 1341 —
1166 1296 1205 1361 ln
1221 1295 1328 1360 causis

144 1418 401 1487 Beatifioationis
424 1427 458 1486 et
472 1420 727 1487 canonizationis
742 1426 853 1506 partes
869 1420 1098 1485 Procuratoris
1114 1418 1251 1485 Fiscalis
1273 1439 1327 1484 ex·

143 1544 214 1629 piet
237 1544 423 1611 Promotor
436 1544 543 1615 Fidei,
560 1545 613 1627 qui
637 1561 679 1608 ne
701 1544 852 1608 coelitum
869 1542 977 1607 bonor
991 1540 1131 1627 indignis
1153 1540 1324 1614 tribuatur,

142 1670 279 1750 resistit,
302 1668 413 1735 sedulo
436 1668 649 1733 examinando
673 1674 866 1755 argumenta
880 1668 980 1733 allata
1002 1673 1036 1731 et
1057 1667 1122 1731 alia
1137 1666 1325 1733 adducendo

142 1796 314 1859 contraria
344 1794 512 1859 intentioni
536 1792 765 1869 Postulatoris;
789 1793 832 1859 cf.
857 1791 978 1858 Baned.
1003 1792 1086 1858 XlV
1110 1790 1165 1858 De
1187 1792 1272 1859 beat.
1295 1800 1328 1860 et

142 1922 313 1995 cenom..
338 1920 410 1987 Lib.
436 1923 464 1995 Ι,
489 1942 516 1989 c.
539 1922 583 1987 18
605 1920 662 2007 (1).

237 2046 282 2111 At
303 2045 484 2111 huiusmodi
501 2046 739 2113 Procuratores
756 2046 901 2111 Fiscales
921 2047 986 2112 hoc
1005 2044 1127 2111 habent
1149 2048 1324 2133 proprium,

144 2174 182 2234 ut
204 2189 335 2255 semper
365 2176 490 2255 partem
521 2176 621 2256 agunt
650 2169 862 2256 principalem
884 2171 953 2236 sive
984 2170 1105 2235 actoris
1127 2171 1196 2235 siue
1219 2170 1269 2235 rei
1291 2171 1326 2235 in

143 2292 273 2375 iudicio,
290 2313 388 2377 quum
405 2294 438 2358 in
452 2293 542 2359 hisce
558 2296 663 2359 causis
685 2313 751 2359 non
768 2292 928 2359 habeatur
943 2294 1025 2359 alius
1050 2292 1282 2360 contradictor.

141 2596 228 2652 facile
247 2596 433 2653 inolescentes
451 2600 549 2650 contra
567 2595 633 2651 eccl.
649 2596 889 2665 praescriptiones.
903 2625 937 2637 —
955 2596 1141 2657 Quamobrem
1159 2595 1324 2649 exercitium

142 2702 346 2759 iurisdictionis
364 2702 502 2756 iudicialis
515 2719 552 2757 ex
564 2702 660 2773 officio,
670 2706 699 2757 et
712 2701 885 2773 Episcopalis
903 2702 1069 2772 vigilantiae
1082 2702 1116 2755 ad
1129 2718 1220 2755 mores
1234 2703 1323 2755 resor-

142 2806 260 2863 mandos
279 2810 308 2861 et
327 2809 466 2877 improbos
483 2806 649 2863 coercendos
661 2823 728 2861 sane
741 2806 903 2861 destituitur
914 2822 965 2859 sua
980 2806 1008 2858 vi
1028 2809 1057 2859 st
1069 2804 1201 2868 efficacia,
1214 2803 1324 2875 quando

142 2914 224 2968 curia
242 2914 412 2968 destituatur
430 2912 509 2967 Proc.
529 2912 640 2979 lineali,
659 2912 737 2967 cuius
763 2916 806 2965 ast
823 2910 893 2965 haec
917 2911 1011 2965 omnia
1032 2909 1153 2979 explere.
1172 2909 1324 2978 Episcopus

141 3018 220 3073 enim
240 3034 296 3072 non
314 3018 409 3072 omnia
426 3022 569 3087 praestare
588 3034 638 3087 per
656 3034 685 3072 se
704 3020 810 3087 potest3
830 3016 855 3069 V
857 3016 959 3070 icarios
977 3030 1045 3069 vero
1063 3014 1140 3084 (iem,
1159 3030 1214 3084 qua
1232 3014 1323 3076 iudex,

142 3121 233 3175 satius
251 3123 296 3175 est
313 3125 345 3174 ut
363 3120 422 3190 ipse
441 3136 496 3174 non
515 3124 640 3173 assumat
658 3125 752 3189 partes
770 3118 941 3173 accusatoris
964 3134 1014 3173 sau
1038 3117 1142 3171 actoris
1160 3115 1189 3169 in
1206 3114 1323 3169 iudicio:

141 3230 210 3284 ordo
236 3228 401 3283 iudiciorum
427 3226 521 3282 evadit
545 3233 739 3297 praeposterus
759 3231 787 3280 et
806 3231 958 3295 suspectus.
977 3254 1011 3266 -
1031 3225 1122 3286 Quare
1145 3223 1324 3278 iuramento

142 3338 270 3393 Ferraria
289 3336 417 3403 (Summo
436 3335 504 3389 inst.
524 3334 566 3400 Il,
585 3353 612 3387 n.
636 3335 702 3400 761,
720 3350 747 3387 n.
767 3334 800 3405 3)
819 3334 896 3388 dolet
920 3332 1126 3405 quamplurima
1150 3330 1225 3385 mala
1248 3330 1323 3385 deri·

141 3461 208 3499 vare
229 3444 257 3497 in
278 3443 351 3497 Eccl.
365 3441 540 3512 disciplinam
560 3458 595 3496 ex
613 3440 723 3496 deiectu
743 3442 820 3495 Proc¹
841 3441 913 3495 Fisc.
927 3470 961 3482 -
974 3440 1050 3495 Haec
1063 3438 1246 3508 intelligenda
1258 3443 1323 3492 sunt

141 3551 175 3606 da
193 3550 369 3605 dioecesibus
387 3548 456 3602 satis
475 3548 585 3617 amplis,
603 3549 630 3601 in
657 3548 757 3619 quibus
776 3564 862 3617 opera
881 3549 959 3602 Proo.
980 3548 1052 3602 Fisc.
1071 3547 1222 3601 efficaciter
1242 3546 1322 3599 adiu-

142 3652 201 3705 vari
221 3652 306 3707 debet
324 3669 341 3706 a
360 3652 480 3707 Vicariis
499 3651 632 3707 Forensis
650 3650 729 3721 quasi
748 3668 766 3704 a
784 3652 920 3705 ministris
931 3650 1110 3705 inferioribus
1122 3665 1171 3703 seu
1185 3648 1323 3702 adiunctis

143 3760 222 3815 Proc.
236 3760 361 3815 Fiscalis.
371 3788 408 3801 -
420 3760 450 3813 ln
470 3760 647 3816 Dioecesibus
666 3764 760 3814 autem
776 3775 830 3813 non
844 3760 939 3821 uastis,
950 3758 1057 3812 Vicarii
1076 3758 1194 3813 Foranei
1212 3763 1322 3827 praesto

141 3880 201 3919 esse
221 3844 325 3919 debent
343 3864 504 3919 immediate
522 3864 666 3935 Episcopis
684 3868 715 3918 ut
735 3863 764 3917 hi
784 3863 1015 3933 ualeant,pe1·se¹
1028 3860 1323 3916 abususautcrimina

141 3988 333 4042 compescere;
352 3974 433 4026 iuxta
450 3973 618 4027 sententiam
637 3972 693 4026 iam
712 3972 859 4027 recitatam
878 3969 1022 4026 Benedicti
1041 3968 1116 4023 XIV.

231 4080 272 4150 (l)
292 4080 406 4149 Species
424 4080 502 4134 Proc.
522 4078 639 4134 Fiscalis
658 4084 700 4133 est
719 4079 805 4133 etiam
824 4078 984 4132 advocatus
1001 4094 1050 4130 seu
1070 4076 1149 4130 Proc.
1169 4092 1322 4145 pauperum

140 4188 244 4258 quippe
263 4187 425 4241 mandatum
443 4186 528 4243 babet
541 4189 690 4259 publicum
707 4184 870 4241 defendendi
896 4186 957 4239 iura
982 4202 1135 4255 pauperum
1160 4202 1231 4256 quae
1255 4202 1321 4240 cen-

140 4300 238 4349 sentur
257 4312 318 4351 esse
331 4295 361 4349 in
373 4294 488 4365 speciali
507 4294 649 4351 Ecclesiae
668 4293 758 4349 tutela
772 4297 801 4348 et
813 4292 891 4364 quasi
906 4293 935 4345 in
948 4293 1009 4346 eius
1027 4293 1109 4358 tisco;
1123 4294 1158 4346 ci.
1173 4292 1320 4347 Decretum

141 4402 244 4459 Bened-
264 4402 329 4458 Xlll
353 4403 535 4470 constituens,
553 4404 582 4459 in
601 4401 704 4457 Concil.
727 4402 805 4457 Rom.
829 4402 905 4469 liffi,
924 4400 1003 4455 Proc.
1023 4404 1052 4456 et
1071 4399 1141 4455 Λᾶν.
1160 4416 1320 4469 pauperum.
