3350 5117
843 331 927 378 PARS
951 330 974 378 1.

728 692 730 697 Ι
818 595 933 661 Gerar
958 597 1001 661 ll.

395 785 441 839 DE
460 786 635 841 TEMPORE
656 788 701 841 ET
722 786 812 843 Loco
833 788 882 842 AD
902 789 997 843 ACTA
1017 789 1219 845 lUDlGlALlA
1239 790 1426 847 STATUTIS.

315 980 534 1038 summarium.
554 1011 588 1023 -
607 982 668 1036 360.
688 983 845 1038 Servandae
865 990 930 1039 suut
948 986 1036 1041 feriae
1056 986 1209 1042 iudiciales.
1221 1014 1259 1028 ·-·
1275 986 1338 1040 361.
1358 986 1497 1042 ludiebus

406 1092 514 1146 seriatis
533 1096 598 1145 suut
616 1091 748 1161 prohibiti
768 1097 848 1147 aetus
866 1095 1044 1163 contentiosi,
1064 1112 1119 1151 non
1144 1097 1231 1151 ceteri
1251 1101 1332 1151 actus
1349 1099 1496 1167 strepitum

405 1199 542 1253 forensem
561 1196 635 1251 haud
659 1201 883 1255 serumserentes
901 1229 939 1243 -
956 1201 1018 1255 362.
1043 1203 1114 1265 Quia
1138 1206 1238 1259 adsunt
1255 1206 1343 1261 feriae
1368 1222 1421 1275 pro
1438 1206 1499 1276 qui·

405 1302 519 1358 busdam
539 1304 623 1359 curiis
642 1305 804 1374 peculiares.
818 1306 871 1361 hae
885 1308 1036 1363 servandae
1049 1314 1123 1376 sunt,
1136 1313 1263 1381 quamvis
1276 1310 1425 1381 litigantes
1438 1328 1500 1381 per·

405 1408 514 1463 tineaut
532 1408 567 1461 ad
586 1409 670 1463 aliam
689 1410 845 1465 dioecesim.
864 1440 901 1454 -
918 1412 979 1466 363.
998 1413 1140 1475 Quomodo
1158 1420 1355 1485 computentur
1375 1416 1444 1471 dies
1461 1444 1497 1459 ·-

404 1514 465 1568 364.
485 1515 545 1577 Qua
564 1522 642 1585 parte
661 1515 715 1571 diei
735 1522 814 1571 actus
833 1518 976 1573 iudiciales
995 1518 1113 1588 ponendi
1132 1526 1206 1574 suut.
1221 1548 1254 1561 -
1267 1520 1328 1575 365.
1344 1521 1497 1577 Disseritur

404 1622 437 1677 de
456 1620 518 1675 loeo
539 1622 627 1691 legati
644 1622 678 1674 ad
697 1622 798 1675 iudicia
818 1624 958 1691 agitanda.

405 1820 479 1885 360.
507 1821 572 1883 Pro
596 1819 720 1885 iudiciis
735 1820 894 1906 agitandis
918 1822 1014 1886 etiam
1037 1824 1119 1887 certi
1143 1822 1211 1888 dies
1234 1822 1449 1909 designantur
1464 1829 1499 1889 et

315 1948 406 2009 certa
428 1942 489 2007 diei
522 1944 782 2029 pars'tribuitur.
807 1945 889 2011 Nam
912 1946 1003 2013 adest
1026 1953 1234 2033 praeceptum
1258 1956 1294 2013 ut
1319 1949 1353 2013 in
1381 1948 1497 2013 diebus

316 2071 405 2135 fustis
428 2089 485 2133 seu
509 2070 633 2134 seriatis
657 2070 799 2153 quiescat
823 2070 976 2154 strepitus
1002 2070 1158 2145 forensis;
1182 2092 1225 2135 ex
1248 2090 1323 2154 cap.
1348 2073 1419 2143 ult..
1444 2071 1498 2137 De

313 2194 419 2275 sernia
436 2194 470 2257 X
480 2194 535 2277 (ll,
552 2192 595 2271 9).
613 2228 655 2241 —
673 2193 743 2258 Hoc
760 2200 968 2278 praeceptum
983 2199 1074 2259 tenet
1090 2194 1231 2260 arbitros
1248 2197 1337 2267 iuris,
1355 2197 1419 2259 imo
1439 2214 1497 2259 ar·

314 2318 415 2382 hitros
438 2338 563 2401 quoque
594 2318 901 2403 compromissarios.
927 2320 980 2403 qui
1003 2319 1183 2403 precedere
1213 2318 1333 2387 debent
1358 2325 1498 2385 servato

313 2445 393 2508 iuris
416 2443 538 2516 ordine,
556 2444 615 2507 nisi
640 2449 747 2527 partes
771 2448 915 2509 statuant
937 2443 996 2507 hos
1019 2442 1197 2529 procedere
1220 2443 1339 2507 debere
1359 2443 1488 2528 postha-

253 2642 255 2648 ,
312 2570 378 2635 hita
402 2571 584 2654 cognitione
616 2568 764 2639 iudiciali,
789 2589 880 2633 more
903 2569 1150 2635 arbitraturum:
1182 2568 1224 2633 ef.
1250 2566 1411 2633 schmalz,
1440 2568 1488 2632 De

311 2695 418 2778 sernia,
442 2715 476 2758 n.
493 2694 552 2759 25.
570 2728 615 2741 -
633 2693 747 2759 Furiae
764 2694 930 2759 iudiciales
953 2715 1032 2757 vero
1056 2693 1139 2757 aliae
1162 2712 1283 2760 sarrae
1306 2700 1390 2762 sunt.
1409 2694 1494 2757 aliae

310 2819 513 2901 prophanae
537 2837 596 2901 pro
627 2817 754 2882 diverso
778 2838 884 2897 scopo,
909 2818 949 2883 ad
973 2836 1077 2901 quem
1091 2796 1285 2881 ordinantur
1307 2821 1340 2881 et
1360 2816 1491 2882 diversa

312 2942 504 3007 auctoritate
520 2960 540 3005 a
556 2959 618 3023 qua
633 2944 834 3025 promanant.
861 2940 940 3004 Tum
957 2958 1079 3006 ramae
1101 2946 1167 3004 tum
1186 2940 1394 3023 prophanae
1408 2940 1493 3005 aliae

313 3069 387 3129 sunt
410 3064 618 3145 ordinariae,
642 3064 724 3127 aliae
748 3063 1060 3129 extraordinariae.
1088 3062 1294 3129 Ordinariae
1317 3069 1391 3128 sunt
1407 3082 1489 3147 quae

312 3192 411 3255 certis
434 3189 630 3274 temporibus
661 3192 831 3273 quotannis
860 3196 1053 3265 recurruut;
1077 3190 1379 3256 entraordinariae
1406 3190 1491 3255 indi-

312 3324 430 3384 cuntur
446 3318 486 3382 oh
510 3318 803 3383 extraordinarium
827 3323 990 3398 eventum,
1007 3316 1091 3382 uude
1110 3317 1309 3400 repentinae
1326 3320 1421 3382 etiam
1437 3337 1491 3402 ap

310 3442 482 3529 pellantur.
506 3440 715 3524 Prophanae
738 3442 805 3505 sive
829 3440 1014 3505 ordinariae
1038 3442 1106 3505 sive
1130 3440 1410 3504 extraordinariae
1433 3440 1490 3504 ali-

270 3544 273 3547 ·
310 3564 436 3649 quando
461 3567 493 3629 in
516 3564 633 3629 bonum
657 3566 857 3649 privatorum
880 3565 1127 3636 constituuntur,
1149 3564 1260 3647 quales
1284 3567 1381 3629 eraut
1403 3564 1488 3630 auti·

311 3688 417 3771 quitus
440 3686 542 3751 feriae
566 3686 816 3751 uindemiarum
842 3692 874 3750 et
896 3686 1057 3750 neemiam
1077 3684 1133 3771 (l),
1152 3686 1316 3749 institutae
1341 3686 1373 3749 in
1397 3684 1494 3749 faro-

311 3833 381 3878 rem
404 3813 631 3897 agricolarum,
657 3830 738 3894 quae
770 3810 905 3895 proinde
936 3815 1085 3895 poterant
1107 3830 1172 3873 non
1196 3811 1324 3877 seruari
1349 3810 1390 3876 de
1414 3830 1493 3876 oon·

400 4025 439 4093 (l)
459 4024 546 4077 Hodie
565 4025 681 4077 istarum
700 4022 762 4077 loeo
780 4024 914 4077 feriarum
933 4028 1126 4079 successerunt
1139 4023 1235 4088 leriae,
1250 4040 1322 4093 quae
1337 4024 1405 4093 ipsis
1418 4023 1492 4077 iudi·

309 4133 387 4183 cibus
406 4130 518 4182 concedi
541 4128 631 4182 solent
656 4128 690 4181 ad
710 4126 890 4181 relaxandum
912 4128 1036 4180 animum
1057 4132 1183 4197 tempore
1202 4126 1367 4192 autumnali,
1380 4127 1493 4198 quando

310 4242 418 4305 tempas
437 4240 479 4288 est
499 4235 586 4304 magis
612 4232 740 4287 idoneum
768 4234 801 4286 ad
827 4233 1007 4287 recreandam
1033 4234 1156 4287 animuin
1179 4240 1209 4289 et
1232 4233 1348 4304 negotiu
1364 4232 1492 4303 litigiosa

311 4360 363 4399 nou
383 4343 555 4398 incommode
574 4342 727 4413 quieseunt.
748 4342 867 4411 Tempus
887 4342 985 4395 harum
1009 4343 1186 4397 vacationum
1205 4342 1409 4398 determinatur
1426 4342 1493 4413 lege

311 4452 444 4523 peculiari
464 4452 565 4505 curiae.
