<?xml version="1.0" encoding="UTF-8"?>
<!DOCTYPE html PUBLIC "-//W3C//DTD XHTML 1.0 Transitional//EN"
    "http://www.w3.org/TR/xhtml1/DTD/xhtml1-transitional.dtd">
<html xmlns="http://www.w3.org/1999/xhtml" xml:lang="en" lang="en">
 <head>
  <title>
</title>
<meta http-equiv="Content-Type" content="text/html;charset=utf-8" />
  <meta name='ocr-system' content='tesseract 3.04.00' />
  <meta name='ocr-capabilities' content='ocr_page ocr_carea ocr_par ocr_line ocrx_word'/>
</head>
<body>
  <div class='ocr_page' id='page_1' title='image "./praelectionesin01legagoog_0513.png"; bbox 0 0 3350 5117; ppageno 0'>
   <div class='ocr_carea' id='block_1_1' title="bbox 513 300 1344 366">
    <p class='ocr_par' dir='ltr' id='par_1_1' title="bbox 513 300 1344 366">
     <span class='ocr_line' id='line_1_1' title="bbox 513 300 1344 366; baseline 0.002 -3"><span class='ocrx_word' id='word_1_1' title='bbox 513 317 557 363; x_wconf 83' lang='lat' dir='ltr'>oa</span> <span class='ocrx_word' id='word_1_2' title='bbox 581 316 720 364; x_wconf 81' lang='lat' dir='ltr'>rumoris</span> <span class='ocrx_word' id='word_1_3' title='bbox 744 316 1010 366; x_wconf 78' lang='lat' dir='ltr'>accusarasrrcrs</span> <span class='ocrx_word' id='word_1_4' title='bbox 1281 300 1344 365; x_wconf 83' lang='lat'>511</span> 
     </span>
    </p>
   </div>
   <div class='ocr_carea' id='block_1_2' title="bbox 168 394 1351 1765">
    <p class='ocr_par' dir='ltr' id='par_1_2' title="bbox 168 394 1349 1004">
     <span class='ocr_line' id='line_1_2' title="bbox 170 394 1348 525; baseline 0.003 -25"><span class='ocrx_word' id='word_1_5' title='bbox 170 454 286 501; x_wconf 90' lang='lat' dir='ltr'>cusare</span> <span class='ocrx_word' id='word_1_6' title='bbox 309 436 405 501; x_wconf 89' lang='lat' dir='ltr'>alteri</span> <span class='ocrx_word' id='word_1_7' title='bbox 428 438 521 521; x_wconf 90' lang='lat' dir='ltr'>parti,</span> <span class='ocrx_word' id='word_1_8' title='bbox 545 436 690 523; x_wconf 84' lang='lat' dir='ltr'>legitima</span> <span class='ocrx_word' id='word_1_9' title='bbox 713 436 753 501; x_wconf 90' lang='lat' dir='ltr'>de</span> <span class='ocrx_word' id='word_1_10' title='bbox 776 457 883 511; x_wconf 89' lang='lat' dir='ltr'>causa,</span> <span class='ocrx_word' id='word_1_11' title='bbox 909 440 1070 525; x_wconf 82' lang='lat' dir='ltr'>integrum</span> <span class='ocrx_word' id='word_1_12' title='bbox 1101 394 1348 522; x_wconf 46' lang='lat' dir='ltr'>est-Siquidem</span> 
     </span>
     <span class='ocr_line' id='line_1_3' title="bbox 169 559 1347 649; baseline 0.003 -24"><span class='ocrx_word' id='word_1_13' title='bbox 169 561 265 643; x_wconf 88' lang='lat' dir='ltr'>periti</span> <span class='ocrx_word' id='word_1_14' title='bbox 289 559 481 644; x_wconf 83' lang='lat' dir='ltr'>probitatem</span> <span class='ocrx_word' id='word_1_15' title='bbox 505 566 538 625; x_wconf 90' lang='lat' dir='ltr'>et</span> <span class='ocrx_word' id='word_1_16' title='bbox 559 562 726 627; x_wconf 87' lang='lat' dir='ltr'>scientiam</span> <span class='ocrx_word' id='word_1_17' title='bbox 747 560 890 628; x_wconf 79' lang='lat' dir='ltr'>habeant</span> <span class='ocrx_word' id='word_1_18' title='bbox 904 570 1041 649; x_wconf 86' lang='lat' dir='ltr'>oportet,</span> <span class='ocrx_word' id='word_1_19' title='bbox 1057 568 1093 628; x_wconf 91' lang='lat' dir='ltr'>ut</span> <span class='ocrx_word' id='word_1_20' title='bbox 1108 565 1280 631; x_wconf 81' lang='lat' dir='ltr'>veritatem</span> <span class='ocrx_word' id='word_1_21' title='bbox 1296 584 1347 629; x_wconf 90' lang='lat' dir='ltr'>co·</span> 
     </span>
     <span class='ocr_line' id='line_1_4' title="bbox 168 682 1349 774; baseline 0.001 -23"><span class='ocrx_word' id='word_1_22' title='bbox 168 690 326 771; x_wconf 84' lang='lat' dir='ltr'>gnoscaut</span> <span class='ocrx_word' id='word_1_23' title='bbox 349 690 382 750; x_wconf 90' lang='lat' dir='ltr'>et</span> <span class='ocrx_word' id='word_1_24' title='bbox 405 682 588 771; x_wconf 86' lang='lat' dir='ltr'>significare</span> <span class='ocrx_word' id='word_1_25' title='bbox 611 686 723 761; x_wconf 79' lang='lat' dir='ltr'>valiat,</span> <span class='ocrx_word' id='word_1_26' title='bbox 749 705 852 770; x_wconf 87' lang='lat' dir='ltr'>quare</span> <span class='ocrx_word' id='word_1_27' title='bbox 882 707 948 752; x_wconf 94' lang='lat' dir='ltr'>non</span> <span class='ocrx_word' id='word_1_28' title='bbox 979 707 1072 774; x_wconf 85' lang='lat' dir='ltr'>secus</span> <span class='ocrx_word' id='word_1_29' title='bbox 1096 708 1136 753; x_wconf 88' lang='lat' dir='ltr'>ac</span> <span class='ocrx_word' id='word_1_30' title='bbox 1163 694 1262 754; x_wconf 88' lang='lat' dir='ltr'>testes</span> <span class='ocrx_word' id='word_1_31' title='bbox 1286 708 1349 772; x_wconf 89' lang='lat' dir='ltr'>qua</span> 
     </span>
     <span class='ocr_line' id='line_1_5' title="bbox 169 812 1349 903; baseline 0.005 -26"><span class='ocrx_word' id='word_1_32' title='bbox 169 812 321 879; x_wconf 78' lang='lat' dir='ltr'>iaidortei</span> <span class='ocrx_word' id='word_1_33' title='bbox 357 818 414 877; x_wconf 91' lang='lat' dir='ltr'>aut</span> <span class='ocrx_word' id='word_1_34' title='bbox 451 813 596 896; x_wconf 81' lang='lat' dir='ltr'>suspecti</span> <span class='ocrx_word' id='word_1_35' title='bbox 631 816 777 879; x_wconf 89' lang='lat' dir='ltr'>recusari</span> <span class='ocrx_word' id='word_1_36' title='bbox 812 814 943 890; x_wconf 80' lang='lat' dir='ltr'>valent,</span> <span class='ocrx_word' id='word_1_37' title='bbox 980 815 1063 900; x_wconf 91' lang='lat' dir='ltr'>quod</span> <span class='ocrx_word' id='word_1_38' title='bbox 1100 818 1349 903; x_wconf 86' lang='lat' dir='ltr'>exploratissimi</span> 
     </span>
     <span class='ocr_line' id='line_1_6' title="bbox 168 939 329 1004; baseline -0.012 -1"><span class='ocrx_word' id='word_1_39' title='bbox 168 939 250 1003; x_wconf 93' lang='lat' dir='ltr'>iuris</span> <span class='ocrx_word' id='word_1_40' title='bbox 272 942 329 1004; x_wconf 91' lang='lat' dir='ltr'>est.</span> 
     </span>
    </p>

    <p class='ocr_par' dir='ltr' id='par_1_3' title="bbox 170 1059 1350 1623">
     <span class='ocr_line' id='line_1_7' title="bbox 259 1059 1350 1147; baseline 0.005 -23"><span class='ocrx_word' id='word_1_41' title='bbox 259 1060 335 1125; x_wconf 85' lang='grc'><strong>499.</strong></span> <span class='ocrx_word' id='word_1_42' title='bbox 360 1060 417 1125; x_wconf 76' lang='lat' dir='ltr'>Em</span> <span class='ocrx_word' id='word_1_43' title='bbox 439 1060 547 1145; x_wconf 84' lang='lat' dir='ltr'>officio</span> <span class='ocrx_word' id='word_1_44' title='bbox 571 1059 767 1146; x_wconf 87' lang='lat' dir='ltr'>deputantur</span> <span class='ocrx_word' id='word_1_45' title='bbox 790 1081 811 1125; x_wconf 91' lang='lat' dir='ltr'>a</span> <span class='ocrx_word' id='word_1_46' title='bbox 833 1062 940 1127; x_wconf 89' lang='lat' dir='ltr'>iudice</span> <span class='ocrx_word' id='word_1_47' title='bbox 964 1065 1060 1127; x_wconf 88' lang='lat' dir='ltr'>etiam</span> <span class='ocrx_word' id='word_1_48' title='bbox 1088 1063 1178 1128; x_wconf 87' lang='lat' dir='ltr'>nulla</span> <span class='ocrx_word' id='word_1_49' title='bbox 1203 1064 1350 1147; x_wconf 80' lang='lat' dir='ltr'>praeuia</span> 
     </span>
     <span class='ocr_line' id='line_1_8' title="bbox 170 1183 1350 1273; baseline 0.003 -26"><span class='ocrx_word' id='word_1_50' title='bbox 170 1186 309 1271; x_wconf 87' lang='lat' dir='ltr'>partium</span> <span class='ocrx_word' id='word_1_51' title='bbox 333 1183 505 1263; x_wconf 77' lang='lat' dir='ltr'>instantia,</span> <span class='ocrx_word' id='word_1_52' title='bbox 519 1188 575 1249; x_wconf 91' lang='lat' dir='ltr'>aut</span> <span class='ocrx_word' id='word_1_53' title='bbox 598 1184 710 1250; x_wconf 88' lang='lat' dir='ltr'>iisdem</span> <span class='ocrx_word' id='word_1_54' title='bbox 733 1184 878 1270; x_wconf 89' lang='lat' dir='ltr'>partibus</span> <span class='ocrx_word' id='word_1_55' title='bbox 901 1185 1206 1260; x_wconf 78' lang='lat' dir='ltr'>contradicentibus,</span> <span class='ocrx_word' id='word_1_56' title='bbox 1223 1186 1350 1273; x_wconf 92' lang='lat' dir='ltr'>quando</span> 
     </span>
     <span class='ocr_line' id='line_1_9' title="bbox 170 1306 1350 1395; baseline 0.002 -22"><span class='ocrx_word' id='word_1_57' title='bbox 170 1309 390 1373; x_wconf 88' lang='lat' dir='ltr'>necessarium</span> <span class='ocrx_word' id='word_1_58' title='bbox 413 1306 476 1371; x_wconf 92' lang='lat' dir='ltr'>hoc</span> <span class='ocrx_word' id='word_1_59' title='bbox 498 1312 589 1392; x_wconf 88' lang='lat' dir='ltr'>putat</span> <span class='ocrx_word' id='word_1_60' title='bbox 612 1313 668 1371; x_wconf 88' lang='lat' dir='ltr'>aut</span> <span class='ocrx_word' id='word_1_61' title='bbox 692 1310 832 1373; x_wconf 87' lang='lat' dir='ltr'>maxime</span> <span class='ocrx_word' id='word_1_62' title='bbox 862 1314 1076 1395; x_wconf 91' lang='lat' dir='ltr'>opportunum</span> <span class='ocrx_word' id='word_1_63' title='bbox 1108 1309 1149 1374; x_wconf 90' lang='lat' dir='ltr'>ad</span> <span class='ocrx_word' id='word_1_64' title='bbox 1179 1313 1350 1377; x_wconf 85' lang='lat' dir='ltr'>veritatem</span> 
     </span>
     <span class='ocr_line' id='line_1_10' title="bbox 172 1428 1349 1521; baseline 0.004 -25"><span class='ocrx_word' id='word_1_65' title='bbox 172 1429 392 1517; x_wconf 80' lang='lat' dir='ltr'>detegendam,</span> <span class='ocrx_word' id='word_1_66' title='bbox 417 1466 461 1480; x_wconf 96' lang='lat'><em>-</em></span> <span class='ocrx_word' id='word_1_67' title='bbox 485 1434 554 1497; x_wconf 91' lang='lat' dir='ltr'>lam</span> <span class='ocrx_word' id='word_1_68' title='bbox 576 1428 775 1497; x_wconf 79' lang='lat' dir='ltr'>advertimus</span> <span class='ocrx_word' id='word_1_69' title='bbox 798 1431 882 1515; x_wconf 90' lang='lat' dir='ltr'>quod</span> <span class='ocrx_word' id='word_1_70' title='bbox 904 1433 1014 1497; x_wconf 89' lang='lat' dir='ltr'>taliter</span> <span class='ocrx_word' id='word_1_71' title='bbox 1037 1434 1132 1498; x_wconf 90' lang='lat' dir='ltr'>electi</span> <span class='ocrx_word' id='word_1_72' title='bbox 1156 1437 1251 1520; x_wconf 87' lang='lat' dir='ltr'>periti</span> <span class='ocrx_word' id='word_1_73' title='bbox 1274 1455 1349 1521; x_wconf 88' lang='lat' dir='ltr'>pos-</span> 
     </span>
     <span class='ocr_line' id='line_1_11' title="bbox 171 1558 431 1623; baseline -0.015 0"><span class='ocrx_word' id='word_1_74' title='bbox 171 1563 246 1623; x_wconf 87' lang='lat' dir='ltr'>sunt</span> <span class='ocrx_word' id='word_1_75' title='bbox 276 1558 431 1623; x_wconf 87' lang='lat' dir='ltr'>recusari.</span> 
     </span>
    </p>

    <p class='ocr_par' dir='ltr' id='par_1_4' title="bbox 261 1680 1351 1765">
     <span class='ocr_line' id='line_1_12' title="bbox 261 1680 1351 1765; baseline 0.003 -20"><span class='ocrx_word' id='word_1_76' title='bbox 261 1682 338 1745; x_wconf 89' lang='lat'>500.</span> <span class='ocrx_word' id='word_1_77' title='bbox 364 1681 475 1753; x_wconf 84' lang='lat' dir='ltr'>Periti,</span> <span class='ocrx_word' id='word_1_78' title='bbox 508 1682 704 1745; x_wconf 88' lang='lat' dir='ltr'>sacramenti</span> <span class='ocrx_word' id='word_1_79' title='bbox 735 1680 895 1765; x_wconf 82' lang='lat' dir='ltr'>religione</span> <span class='ocrx_word' id='word_1_80' title='bbox 927 1680 1082 1763; x_wconf 85' lang='lat' dir='ltr'>adstricti,</span> <span class='ocrx_word' id='word_1_81' title='bbox 1112 1704 1204 1748; x_wconf 89' lang='lat' dir='ltr'>suum</span> <span class='ocrx_word' id='word_1_82' title='bbox 1234 1704 1351 1748; x_wconf 90' lang='lat' dir='ltr'>munus</span> 
     </span>
    </p>
   </div>
   <div class='ocr_carea' id='block_1_3' title="bbox 172 1804 1351 2138">
    <p class='ocr_par' dir='ltr' id='par_1_5' title="bbox 172 1804 1351 2138">
     <span class='ocr_line' id='line_1_13' title="bbox 172 1804 1351 1890; baseline 0.001 -20"><span class='ocrx_word' id='word_1_83' title='bbox 172 1804 314 1889; x_wconf 87' lang='lat' dir='ltr'>explent.</span> <span class='ocrx_word' id='word_1_84' title='bbox 328 1840 373 1851; x_wconf 88' lang='lat'>-</span> <span class='ocrx_word' id='word_1_85' title='bbox 384 1806 543 1890; x_wconf 86' lang='lat' dir='ltr'>Tempore</span> <span class='ocrx_word' id='word_1_86' title='bbox 558 1826 577 1869; x_wconf 91' lang='lat' dir='ltr'>a</span> <span class='ocrx_word' id='word_1_87' title='bbox 593 1804 699 1870; x_wconf 88' lang='lat' dir='ltr'>iudice</span> <span class='ocrx_word' id='word_1_88' title='bbox 715 1806 896 1877; x_wconf 84' lang='lat' dir='ltr'>constituto,</span> <span class='ocrx_word' id='word_1_89' title='bbox 911 1806 946 1869; x_wconf 92' lang='lat' dir='ltr'>hi</span> <span class='ocrx_word' id='word_1_90' title='bbox 962 1805 1001 1870; x_wconf 92' lang='lat' dir='ltr'>de</span> <span class='ocrx_word' id='word_1_91' title='bbox 1018 1810 1206 1889; x_wconf 87' lang='lat' dir='ltr'>quaestione</span> <span class='ocrx_word' id='word_1_92' title='bbox 1223 1808 1351 1873; x_wconf 86' lang='lat' dir='ltr'>referre</span> 
     </span>
     <span class='ocr_line' id='line_1_14' title="bbox 172 1925 1351 2014; baseline 0.003 -23"><span class='ocrx_word' id='word_1_93' title='bbox 172 1925 303 1993; x_wconf 89' lang='lat' dir='ltr'>debent:</span> <span class='ocrx_word' id='word_1_94' title='bbox 328 1928 456 1991; x_wconf 92' lang='lat' dir='ltr'>interim</span> <span class='ocrx_word' id='word_1_95' title='bbox 480 1933 547 1995; x_wconf 90' lang='lat' dir='ltr'>tum</span> <span class='ocrx_word' id='word_1_96' title='bbox 570 1948 590 1993; x_wconf 89' lang='lat' dir='ltr'>a</span> <span class='ocrx_word' id='word_1_97' title='bbox 613 1927 718 1993; x_wconf 89' lang='lat' dir='ltr'>iudice</span> <span class='ocrx_word' id='word_1_98' title='bbox 740 1934 808 1993; x_wconf 88' lang='lat' dir='ltr'>tum</span> <span class='ocrx_word' id='word_1_99' title='bbox 824 1949 844 1992; x_wconf 92' lang='lat' dir='ltr'>a</span> <span class='ocrx_word' id='word_1_100' title='bbox 860 1935 953 2014; x_wconf 88' lang='lat' dir='ltr'>parte</span> <span class='ocrx_word' id='word_1_101' title='bbox 969 1936 1001 1995; x_wconf 91' lang='lat' dir='ltr'>et</span> <span class='ocrx_word' id='word_1_102' title='bbox 1016 1950 1036 1993; x_wconf 89' lang='lat' dir='ltr'>a</span> <span class='ocrx_word' id='word_1_103' title='bbox 1051 1930 1196 2012; x_wconf 88' lang='lat' dir='ltr'>testibus,</span> <span class='ocrx_word' id='word_1_104' title='bbox 1213 1932 1240 1996; x_wconf 88' lang='lat' dir='ltr'>si</span> <span class='ocrx_word' id='word_1_105' title='bbox 1257 1950 1351 1995; x_wconf 91' lang='lat' dir='ltr'>casus</span> 
     </span>
     <span class='ocr_line' id='line_1_15' title="bbox 173 2050 1349 2138; baseline 0.002 -23"><span class='ocrx_word' id='word_1_106' title='bbox 173 2050 267 2123; x_wconf 84' lang='lat' dir='ltr'>ierat,</span> <span class='ocrx_word' id='word_1_107' title='bbox 300 2052 500 2117; x_wconf 88' lang='lat' dir='ltr'>necessarias</span> <span class='ocrx_word' id='word_1_108' title='bbox 531 2051 767 2117; x_wconf 85' lang='lat' dir='ltr'>declarationes</span> <span class='ocrx_word' id='word_1_109' title='bbox 798 2054 973 2137; x_wconf 81' lang='lat' dir='ltr'>exquirere</span> <span class='ocrx_word' id='word_1_110' title='bbox 1003 2058 1146 2138; x_wconf 84' lang='lat' dir='ltr'>possunt.</span> <span class='ocrx_word' id='word_1_111' title='bbox 1178 2056 1247 2117; x_wconf 93' lang='lat' dir='ltr'>lmo</span> <span class='ocrx_word' id='word_1_112' title='bbox 1278 2073 1349 2118; x_wconf 91' lang='lat' dir='ltr'>cum</span> 
     </span>
    </p>
   </div>
   <div class='ocr_carea' id='block_1_4' title="bbox 172 2167 1353 3993">
    <p class='ocr_par' dir='ltr' id='par_1_6' title="bbox 172 2167 1353 3993">
     <span class='ocr_line' id='line_1_16' title="bbox 172 2167 1350 2261; baseline 0.002 -22"><span class='ocrx_word' id='word_1_113' title='bbox 172 2174 352 2259; x_wconf 90' lang='lat' dir='ltr'>procedunt</span> <span class='ocrx_word' id='word_1_114' title='bbox 373 2175 415 2240; x_wconf 91' lang='lat' dir='ltr'>ad</span> <span class='ocrx_word' id='word_1_115' title='bbox 438 2195 576 2241; x_wconf 86' lang='lat' dir='ltr'>examen</span> <span class='ocrx_word' id='word_1_116' title='bbox 599 2174 715 2243; x_wconf 89' lang='lat' dir='ltr'>obiecti</span> <span class='ocrx_word' id='word_1_117' title='bbox 739 2167 983 2241; x_wconf 84' lang='lat' dir='ltr'>controversiae</span> <span class='ocrx_word' id='word_1_118' title='bbox 1007 2182 1118 2261; x_wconf 90' lang='lat' dir='ltr'>partes</span> <span class='ocrx_word' id='word_1_119' title='bbox 1140 2177 1270 2241; x_wconf 80' lang='lat' dir='ltr'>invitari</span> <span class='ocrx_word' id='word_1_120' title='bbox 1294 2196 1350 2243; x_wconf 89' lang='lat' dir='ltr'>or-</span> 
     </span>
     <span class='ocr_line' id='line_1_17' title="bbox 173 2294 1351 2383; baseline 0.002 -22"><span class='ocrx_word' id='word_1_121' title='bbox 173 2296 310 2364; x_wconf 77' lang='lat' dir='ltr'>dinario</span> <span class='ocrx_word' id='word_1_122' title='bbox 334 2296 460 2369; x_wconf 88' lang='lat' dir='ltr'>debent,</span> <span class='ocrx_word' id='word_1_123' title='bbox 478 2302 513 2361; x_wconf 91' lang='lat' dir='ltr'>ut</span> <span class='ocrx_word' id='word_1_124' title='bbox 528 2297 649 2381; x_wconf 91' lang='lat' dir='ltr'>peritis,</span> <span class='ocrx_word' id='word_1_125' title='bbox 666 2294 813 2361; x_wconf 83' lang='lat' dir='ltr'>adstante</span> <span class='ocrx_word' id='word_1_126' title='bbox 828 2296 943 2377; x_wconf 89' lang='lat' dir='ltr'>iudice,</span> <span class='ocrx_word' id='word_1_127' title='bbox 960 2302 1140 2383; x_wconf 81' lang='lat' dir='ltr'>suggerant</span> <span class='ocrx_word' id='word_1_128' title='bbox 1154 2304 1351 2383; x_wconf 87' lang='lat' dir='ltr'>opportunas</span> 
     </span>
     <span class='ocr_line' id='line_1_18' title="bbox 173 2421 1350 2507; baseline 0.002 -20"><span class='ocrx_word' id='word_1_129' title='bbox 173 2422 479 2487; x_wconf 89' lang='lat' dir='ltr'>animadversiones.</span> <span class='ocrx_word' id='word_1_130' title='bbox 498 2424 635 2507; x_wconf 87' lang='lat' dir='ltr'>Insuper</span> <span class='ocrx_word' id='word_1_131' title='bbox 652 2421 866 2487; x_wconf 87' lang='lat' dir='ltr'>cancellarius</span> <span class='ocrx_word' id='word_1_132' title='bbox 882 2422 1040 2487; x_wconf 89' lang='lat' dir='ltr'>interesse</span> <span class='ocrx_word' id='word_1_133' title='bbox 1053 2422 1148 2487; x_wconf 89' lang='lat' dir='ltr'>debet</span> <span class='ocrx_word' id='word_1_134' title='bbox 1159 2426 1213 2507; x_wconf 91' lang='lat' dir='ltr'>qui</span> <span class='ocrx_word' id='word_1_135' title='bbox 1225 2424 1258 2488; x_wconf 92' lang='lat' dir='ltr'>in</span> <span class='ocrx_word' id='word_1_136' title='bbox 1270 2426 1350 2489; x_wconf 88' lang='lat' dir='ltr'>actis</span> 
     </span>
     <span class='ocr_line' id='line_1_19' title="bbox 173 2540 1352 2629; baseline 0.005 -23"><span class='ocrx_word' id='word_1_137' title='bbox 173 2540 269 2609; x_wconf 91' lang='lat' dir='ltr'>fldem</span> <span class='ocrx_word' id='word_1_138' title='bbox 292 2545 391 2609; x_wconf 83' lang='lat' dir='ltr'>iaciat</span> <span class='ocrx_word' id='word_1_139' title='bbox 413 2542 452 2608; x_wconf 92' lang='lat' dir='ltr'>de</span> <span class='ocrx_word' id='word_1_140' title='bbox 476 2545 626 2609; x_wconf 87' lang='lat' dir='ltr'>examine</span> <span class='ocrx_word' id='word_1_141' title='bbox 649 2549 782 2629; x_wconf 90' lang='lat' dir='ltr'>peracto</span> <span class='ocrx_word' id='word_1_142' title='bbox 812 2550 846 2608; x_wconf 89' lang='lat' dir='ltr'>et</span> <span class='ocrx_word' id='word_1_143' title='bbox 867 2543 908 2609; x_wconf 92' lang='lat' dir='ltr'>de</span> <span class='ocrx_word' id='word_1_144' title='bbox 931 2546 1003 2609; x_wconf 90' lang='lat' dir='ltr'>aliis</span> <span class='ocrx_word' id='word_1_145' title='bbox 1029 2542 1197 2610; x_wconf 90' lang='lat' dir='ltr'>adiunctis.</span> <span class='ocrx_word' id='word_1_146' title='bbox 1221 2583 1266 2593; x_wconf 89' lang='lat'>-</span> <span class='ocrx_word' id='word_1_147' title='bbox 1290 2548 1352 2612; x_wconf 88' lang='lat' dir='ltr'>Re·</span> 
     </span>
     <span class='ocr_line' id='line_1_20' title="bbox 172 2666 1352 2752; baseline 0.002 -22"><span class='ocrx_word' id='word_1_148' title='bbox 172 2668 251 2731; x_wconf 89' lang='lat' dir='ltr'>latio</span> <span class='ocrx_word' id='word_1_149' title='bbox 274 2686 353 2731; x_wconf 80' lang='lat' dir='ltr'>vero</span> <span class='ocrx_word' id='word_1_150' title='bbox 378 2668 536 2731; x_wconf 82' lang='lat' dir='ltr'>examinis</span> <span class='ocrx_word' id='word_1_151' title='bbox 559 2686 617 2731; x_wconf 88' lang='lat' dir='ltr'>seu</span> <span class='ocrx_word' id='word_1_152' title='bbox 647 2668 783 2752; x_wconf 88' lang='lat' dir='ltr'>peritiae</span> <span class='ocrx_word' id='word_1_153' title='bbox 806 2666 847 2731; x_wconf 87' lang='lat' dir='ltr'>ab</span> <span class='ocrx_word' id='word_1_154' title='bbox 874 2668 951 2752; x_wconf 90' lang='lat' dir='ltr'>ipsis</span> <span class='ocrx_word' id='word_1_155' title='bbox 980 2667 1093 2752; x_wconf 87' lang='lat' dir='ltr'>peritis</span> <span class='ocrx_word' id='word_1_156' title='bbox 1124 2674 1173 2733; x_wconf 89' lang='lat' dir='ltr'>est</span> <span class='ocrx_word' id='word_1_157' title='bbox 1203 2669 1352 2733; x_wconf 84' lang='lat' dir='ltr'>iacienda</span> 
     </span>
     <span class='ocr_line' id='line_1_21' title="bbox 173 2789 1352 2878; baseline 0.002 -23"><span class='ocrx_word' id='word_1_158' title='bbox 173 2810 256 2874; x_wconf 89' lang='lat' dir='ltr'>quae</span> <span class='ocrx_word' id='word_1_159' title='bbox 279 2793 305 2856; x_wconf 93' lang='lat' dir='ltr'>si</span> <span class='ocrx_word' id='word_1_160' title='bbox 329 2790 478 2875; x_wconf 87' lang='lat' dir='ltr'>possibile</span> <span class='ocrx_word' id='word_1_161' title='bbox 502 2796 559 2865; x_wconf 88' lang='lat' dir='ltr'>est,</span> <span class='ocrx_word' id='word_1_162' title='bbox 584 2789 641 2857; x_wconf 90' lang='lat' dir='ltr'>fiat</span> <span class='ocrx_word' id='word_1_163' title='bbox 664 2792 801 2876; x_wconf 88' lang='lat' dir='ltr'>scriptis,</span> <span class='ocrx_word' id='word_1_164' title='bbox 818 2811 914 2877; x_wconf 88' lang='lat' dir='ltr'>quam</span> <span class='ocrx_word' id='word_1_165' title='bbox 937 2796 1048 2876; x_wconf 90' lang='lat' dir='ltr'>partes</span> <span class='ocrx_word' id='word_1_166' title='bbox 1063 2792 1255 2878; x_wconf 84' lang='lat' dir='ltr'>impugnare</span> <span class='ocrx_word' id='word_1_167' title='bbox 1277 2814 1352 2878; x_wconf 93' lang='lat' dir='ltr'>pos·</span> 
     </span>
     <span class='ocr_line' id='line_1_22' title="bbox 174 2916 1350 3004; baseline 0.003 -23"><span class='ocrx_word' id='word_1_168' title='bbox 174 2922 248 2981; x_wconf 90' lang='lat' dir='ltr'>sunt</span> <span class='ocrx_word' id='word_1_169' title='bbox 264 2918 331 2980; x_wconf 79' lang='lat' dir='ltr'>sive</span> <span class='ocrx_word' id='word_1_170' title='bbox 347 2918 473 2981; x_wconf 87' lang='lat' dir='ltr'>ratione</span> <span class='ocrx_word' id='word_1_171' title='bbox 489 2916 572 2981; x_wconf 92' lang='lat' dir='ltr'>modi</span> <span class='ocrx_word' id='word_1_172' title='bbox 589 2918 660 2981; x_wconf 88' lang='lat' dir='ltr'>sive</span> <span class='ocrx_word' id='word_1_173' title='bbox 677 2919 802 2981; x_wconf 87' lang='lat' dir='ltr'>ratione</span> <span class='ocrx_word' id='word_1_174' title='bbox 817 2918 983 2981; x_wconf 91' lang='lat' dir='ltr'>materiae.</span> <span class='ocrx_word' id='word_1_175' title='bbox 997 2952 1041 2965; x_wconf 92' lang='lat'>-</span> <span class='ocrx_word' id='word_1_176' title='bbox 1059 2918 1207 2983; x_wconf 80' lang='lat' dir='ltr'>Exorata</span> <span class='ocrx_word' id='word_1_177' title='bbox 1223 2922 1350 3004; x_wconf 85' lang='lat' dir='ltr'>scriptis</span> 
     </span>
     <span class='ocr_line' id='line_1_23' title="bbox 173 3039 1353 3127; baseline 0.002 -23"><span class='ocrx_word' id='word_1_178' title='bbox 173 3042 309 3125; x_wconf 88' lang='lat' dir='ltr'>peritiae</span> <span class='ocrx_word' id='word_1_179' title='bbox 332 3041 499 3121; x_wconf 85' lang='lat' dir='ltr'>relatione,</span> <span class='ocrx_word' id='word_1_180' title='bbox 522 3039 654 3124; x_wconf 90' lang='lat' dir='ltr'>expedit</span> <span class='ocrx_word' id='word_1_181' title='bbox 677 3040 774 3105; x_wconf 90' lang='lat' dir='ltr'>etiam</span> <span class='ocrx_word' id='word_1_182' title='bbox 794 3041 915 3124; x_wconf 88' lang='lat' dir='ltr'>peritos</span> <span class='ocrx_word' id='word_1_183' title='bbox 938 3042 1155 3127; x_wconf 86' lang='lat' dir='ltr'>interrogare,</span> <span class='ocrx_word' id='word_1_184' title='bbox 1181 3047 1216 3106; x_wconf 93' lang='lat' dir='ltr'>ut</span> <span class='ocrx_word' id='word_1_185' title='bbox 1237 3041 1353 3108; x_wconf 88' lang='lat' dir='ltr'>melius</span> 
     </span>
     <span class='ocr_line' id='line_1_24' title="bbox 174 3164 1352 3253; baseline 0.001 -20"><span class='ocrx_word' id='word_1_186' title='bbox 174 3168 340 3253; x_wconf 84' lang='lat' dir='ltr'>explicent</span> <span class='ocrx_word' id='word_1_187' title='bbox 362 3171 458 3249; x_wconf 89' lang='lat' dir='ltr'>atque</span> <span class='ocrx_word' id='word_1_188' title='bbox 481 3164 675 3231; x_wconf 86' lang='lat' dir='ltr'>confirment</span> <span class='ocrx_word' id='word_1_189' title='bbox 696 3184 779 3251; x_wconf 90' lang='lat' dir='ltr'>quae</span> <span class='ocrx_word' id='word_1_190' title='bbox 803 3168 933 3251; x_wconf 88' lang='lat' dir='ltr'>scriptis</span> <span class='ocrx_word' id='word_1_191' title='bbox 948 3168 1141 3232; x_wconf 88' lang='lat' dir='ltr'>retulerunt.</span> <span class='ocrx_word' id='word_1_192' title='bbox 1164 3168 1352 3234; x_wconf 87' lang='lat' dir='ltr'>Huiusmodi</span> 
     </span>
     <span class='ocr_line' id='line_1_25' title="bbox 175 3291 1352 3379; baseline 0.002 -25"><span class='ocrx_word' id='word_1_193' title='bbox 175 3293 427 3377; x_wconf 84' lang='lat' dir='ltr'>interrogatoria</span> <span class='ocrx_word' id='word_1_194' title='bbox 443 3296 513 3377; x_wconf 90' lang='lat' dir='ltr'>post</span> <span class='ocrx_word' id='word_1_195' title='bbox 528 3292 683 3376; x_wconf 86' lang='lat' dir='ltr'>scriptam</span> <span class='ocrx_word' id='word_1_196' title='bbox 701 3291 890 3355; x_wconf 90' lang='lat' dir='ltr'>relationem</span> <span class='ocrx_word' id='word_1_197' title='bbox 907 3292 1093 3375; x_wconf 88' lang='lat' dir='ltr'>expostulat</span> <span class='ocrx_word' id='word_1_198' title='bbox 1107 3295 1186 3357; x_wconf 88' lang='lat' dir='ltr'>lust.</span> <span class='ocrx_word' id='word_1_199' title='bbox 1204 3292 1235 3359; x_wconf 90' lang='lat' dir='ltr'>S.</span> <span class='ocrx_word' id='word_1_200' title='bbox 1253 3293 1352 3379; x_wconf 77' lang='lat' dir='ltr'>(long.</span> 
     </span>
     <span class='ocr_line' id='line_1_26' title="bbox 175 3415 1351 3501; baseline 0.001 -21"><span class='ocrx_word' id='word_1_201' title='bbox 175 3416 296 3480; x_wconf 84' lang='lat' dir='ltr'>Concil.</span> <span class='ocrx_word' id='word_1_202' title='bbox 323 3435 353 3480; x_wconf 91' lang='lat' dir='ltr'>a.</span> <span class='ocrx_word' id='word_1_203' title='bbox 388 3417 473 3480; x_wconf 86' lang='grc'><strong>1840</strong></span> <span class='ocrx_word' id='word_1_204' title='bbox 500 3436 559 3500; x_wconf 90' lang='lat' dir='ltr'>pro</span> <span class='ocrx_word' id='word_1_205' title='bbox 591 3416 696 3480; x_wconf 89' lang='lat' dir='ltr'>causis</span> <span class='ocrx_word' id='word_1_206' title='bbox 727 3422 802 3479; x_wconf 87' lang='lat' dir='ltr'>mat.</span> <span class='ocrx_word' id='word_1_207' title='bbox 830 3451 875 3463; x_wconf 94' lang='lat'>-</span> <span class='ocrx_word' id='word_1_208' title='bbox 901 3415 934 3480; x_wconf 90' lang='lat' dir='ltr'>Si</span> <span class='ocrx_word' id='word_1_209' title='bbox 961 3418 1065 3501; x_wconf 88' lang='lat' dir='ltr'>prima</span> <span class='ocrx_word' id='word_1_210' title='bbox 1089 3418 1206 3500; x_wconf 90' lang='lat' dir='ltr'>peritia</span> <span class='ocrx_word' id='word_1_211' title='bbox 1229 3417 1351 3481; x_wconf 91' lang='lat' dir='ltr'>inutilis</span> 
     </span>
     <span class='ocr_line' id='line_1_27' title="bbox 175 3540 1353 3627; baseline 0.002 -22"><span class='ocrx_word' id='word_1_212' title='bbox 175 3540 298 3613; x_wconf 86' lang='lat' dir='ltr'>evadat,</span> <span class='ocrx_word' id='word_1_213' title='bbox 331 3560 395 3604; x_wconf 91' lang='lat' dir='ltr'>non</span> <span class='ocrx_word' id='word_1_214' title='bbox 426 3540 617 3625; x_wconf 89' lang='lat' dir='ltr'>prohibetur</span> <span class='ocrx_word' id='word_1_215' title='bbox 647 3540 797 3614; x_wconf 67' lang='lat' dir='ltr'>secunda</span> <span class='ocrx_word' id='word_1_216' title='bbox 821 3546 928 3605; x_wconf 90' lang='lat' dir='ltr'>tamen</span> <span class='ocrx_word' id='word_1_217' title='bbox 964 3541 1067 3623; x_wconf 87' lang='lat' dir='ltr'>quoad</span> <span class='ocrx_word' id='word_1_218' title='bbox 1103 3542 1224 3627; x_wconf 90' lang='lat' dir='ltr'>peritos</span> <span class='ocrx_word' id='word_1_219' title='bbox 1258 3541 1353 3627; x_wconf 87' lang='lat' dir='ltr'>depu-</span> 
     </span>
     <span class='ocr_line' id='line_1_28' title="bbox 175 3666 1351 3752; baseline 0.001 -20"><span class='ocrx_word' id='word_1_220' title='bbox 175 3666 288 3733; x_wconf 87' lang='lat' dir='ltr'>tandos</span> <span class='ocrx_word' id='word_1_221' title='bbox 312 3666 498 3733; x_wconf 84' lang='lat' dir='ltr'>recolantur</span> <span class='ocrx_word' id='word_1_222' title='bbox 522 3688 603 3751; x_wconf 89' lang='lat' dir='ltr'>quae</span> <span class='ocrx_word' id='word_1_223' title='bbox 627 3666 912 3732; x_wconf 89' lang='lat' dir='ltr'>determinavimus</span> <span class='ocrx_word' id='word_1_224' title='bbox 927 3667 967 3732; x_wconf 91' lang='lat' dir='ltr'>de</span> <span class='ocrx_word' id='word_1_225' title='bbox 983 3668 1195 3752; x_wconf 89' lang='lat' dir='ltr'>productione</span> <span class='ocrx_word' id='word_1_226' title='bbox 1211 3672 1351 3751; x_wconf 86' lang='lat' dir='ltr'>testium,</span> 
     </span>
     <span class='ocr_line' id='line_1_29' title="bbox 176 3789 1353 3875; baseline 0.004 -23"><span class='ocrx_word' id='word_1_227' title='bbox 176 3794 208 3852; x_wconf 90' lang='lat' dir='ltr'>et</span> <span class='ocrx_word' id='word_1_228' title='bbox 231 3806 279 3869; x_wconf 88' lang='lat' dir='ltr'>ea,</span> <span class='ocrx_word' id='word_1_229' title='bbox 304 3795 433 3854; x_wconf 86' lang='lat' dir='ltr'>servata</span> <span class='ocrx_word' id='word_1_230' title='bbox 463 3789 569 3855; x_wconf 92' lang='lat' dir='ltr'>debita</span> <span class='ocrx_word' id='word_1_231' title='bbox 599 3792 817 3875; x_wconf 88' lang='lat' dir='ltr'>proportione,</span> <span class='ocrx_word' id='word_1_232' title='bbox 850 3789 1072 3854; x_wconf 89' lang='lat' dir='ltr'>custodiantur</span> <span class='ocrx_word' id='word_1_233' title='bbox 1104 3792 1200 3855; x_wconf 87' lang='lat' dir='ltr'>etiam</span> <span class='ocrx_word' id='word_1_234' title='bbox 1232 3792 1263 3855; x_wconf 93' lang='lat' dir='ltr'>in</span> <span class='ocrx_word' id='word_1_235' title='bbox 1290 3793 1353 3857; x_wconf 88' lang='lat' dir='ltr'>hoc</span> 
     </span>
     <span class='ocr_line' id='line_1_30' title="bbox 175 3910 332 3993; baseline 0 -21"><span class='ocrx_word' id='word_1_236' title='bbox 175 3928 252 3973; x_wconf 89' lang='lat' dir='ltr'>casu</span> <span class='ocrx_word' id='word_1_237' title='bbox 275 3910 332 3993; x_wconf 85' lang='lat' dir='ltr'>(l).</span> 
     </span>
    </p>
   </div>
   <div class='ocr_carea' id='block_1_5' title="bbox 175 4101 1353 4261">
    <p class='ocr_par' dir='ltr' id='par_1_7' title="bbox 175 4101 1353 4261">
     <span class='ocr_line' id='line_1_31' title="bbox 264 4101 1352 4173; baseline 0.002 -18"><span class='ocrx_word' id='word_1_238' title='bbox 264 4101 303 4172; x_wconf 79' lang='lat' dir='ltr'>(l)</span> <span class='ocrx_word' id='word_1_239' title='bbox 323 4101 353 4155; x_wconf 93' lang='lat' dir='ltr'>ln</span> <span class='ocrx_word' id='word_1_240' title='bbox 374 4105 432 4157; x_wconf 84' lang='lat' dir='ltr'>cod.</span> <span class='ocrx_word' id='word_1_241' title='bbox 452 4106 495 4156; x_wconf 85' lang='lat' dir='ltr'>cit.</span> <span class='ocrx_word' id='word_1_242' title='bbox 518 4104 600 4173; x_wconf 75' lang='lat' dir='ltr'>Grep.</span> <span class='ocrx_word' id='word_1_243' title='bbox 622 4105 702 4157; x_wconf 86' lang='lat' dir='ltr'>iuvat</span> <span class='ocrx_word' id='word_1_244' title='bbox 722 4103 867 4157; x_wconf 89' lang='lat' dir='ltr'>attendere</span> <span class='ocrx_word' id='word_1_245' title='bbox 886 4101 936 4155; x_wconf 88' lang='lat' dir='ltr'>has</span> <span class='ocrx_word' id='word_1_246' title='bbox 954 4103 1195 4172; x_wconf 84' lang='lat' dir='ltr'>praescriptiones,</span> <span class='ocrx_word' id='word_1_247' title='bbox 1208 4121 1280 4173; x_wconf 85' lang='lat' dir='ltr'>quae</span> <span class='ocrx_word' id='word_1_248' title='bbox 1299 4104 1352 4157; x_wconf 86' lang='lat' dir='ltr'>uti·</span> 
     </span>
     <span class='ocr_line' id='line_1_32' title="bbox 175 4201 1353 4261; baseline 0.004 -6"><span class='ocrx_word' id='word_1_249' title='bbox 175 4201 241 4256; x_wconf 89' lang='lat' dir='ltr'>liter</span> <span class='ocrx_word' id='word_1_250' title='bbox 260 4205 444 4259; x_wconf 84' lang='lat' dir='ltr'>observantur</span> <span class='ocrx_word' id='word_1_251' title='bbox 463 4206 547 4259; x_wconf 86' lang='lat' dir='ltr'>etiam</span> <span class='ocrx_word' id='word_1_252' title='bbox 566 4205 596 4259; x_wconf 88' lang='lat' dir='ltr'>in</span> <span class='ocrx_word' id='word_1_253' title='bbox 615 4208 674 4260; x_wconf 82' lang='lat' dir='ltr'>loro</span> <span class='ocrx_word' id='word_1_254' title='bbox 694 4203 791 4259; x_wconf 87' lang='lat' dir='ltr'>eccles.</span> <span class='ocrx_word' id='word_1_255' title='bbox 806 4234 839 4245; x_wconf 93' lang='lat'><em>-</em></span> <span class='ocrx_word' id='word_1_256' title='bbox 860 4204 890 4259; x_wconf 92' lang='lat' dir='ltr'>ln</span> <span class='ocrx_word' id='word_1_257' title='bbox 908 4215 960 4258; x_wconf 85' lang='lat' dir='ltr'>ort.</span> <span class='ocrx_word' id='word_1_258' title='bbox 983 4206 1050 4258; x_wconf 88' lang='grc'>687</span> <span class='ocrx_word' id='word_1_259' title='bbox 1067 4206 1239 4261; x_wconf 89' lang='lat' dir='ltr'>decernitur:</span> <span class='ocrx_word' id='word_1_260' title='bbox 1253 4224 1269 4258; x_wconf 87' lang='lat'>‹</span> <span class='ocrx_word' id='word_1_261' title='bbox 1283 4206 1353 4260; x_wconf 90' lang='lat' dir='ltr'>Sen-</span> 
     </span>
    </p>
   </div>
   <div class='ocr_carea' id='block_1_6' title="bbox 175 4309 1353 4490">
    <p class='ocr_par' dir='ltr' id='par_1_8' title="bbox 175 4309 1353 4490">
     <span class='ocr_line' id='line_1_33' title="bbox 175 4309 1352 4381; baseline 0.004 -19"><span class='ocrx_word' id='word_1_262' title='bbox 175 4309 263 4362; x_wconf 83' lang='lat' dir='ltr'>tentia</span> <span class='ocrx_word' id='word_1_263' title='bbox 282 4326 353 4380; x_wconf 89' lang='lat' dir='ltr'>quae</span> <span class='ocrx_word' id='word_1_264' title='bbox 372 4310 494 4363; x_wconf 87' lang='lat' dir='ltr'>admittit</span> <span class='ocrx_word' id='word_1_265' title='bbox 507 4312 699 4380; x_wconf 88' lang='lat' dir='ltr'>probationem</span> <span class='ocrx_word' id='word_1_266' title='bbox 716 4329 771 4380; x_wconf 83' lang='lat' dir='ltr'>per</span> <span class='ocrx_word' id='word_1_267' title='bbox 781 4314 889 4381; x_wconf 78' lang='lat' dir='ltr'>peritos</span> <span class='ocrx_word' id='word_1_268' title='bbox 901 4312 999 4366; x_wconf 91' lang='lat' dir='ltr'>innuet</span> <span class='ocrx_word' id='word_1_269' title='bbox 1012 4312 1088 4365; x_wconf 88' lang='lat' dir='ltr'>clare</span> <span class='ocrx_word' id='word_1_270' title='bbox 1103 4312 1221 4380; x_wconf 88' lang='lat' dir='ltr'>peritiae</span> <span class='ocrx_word' id='word_1_271' title='bbox 1233 4313 1352 4379; x_wconf 83' lang='lat' dir='ltr'>obiecta3</span> 
     </span>
     <span class='ocr_line' id='line_1_34' title="bbox 175 4418 1353 4490; baseline 0.004 -20"><span class='ocrx_word' id='word_1_272' title='bbox 175 4419 330 4473; x_wconf 86' lang='lat' dir='ltr'>nominabit</span> <span class='ocrx_word' id='word_1_273' title='bbox 350 4421 488 4488; x_wconf 79' lang='lat' dir='ltr'>peritos...</span> <span class='ocrx_word' id='word_1_274' title='bbox 508 4420 536 4472; x_wconf 92' lang='lat' dir='ltr'>Si</span> <span class='ocrx_word' id='word_1_275' title='bbox 556 4418 712 4489; x_wconf 87' lang='lat' dir='ltr'>exploratio</span> <span class='ocrx_word' id='word_1_276' title='bbox 735 4436 807 4490; x_wconf 87' lang='lat' dir='ltr'>quae</span> <span class='ocrx_word' id='word_1_277' title='bbox 832 4424 876 4475; x_wconf 83' lang='lat' dir='ltr'>est</span> <span class='ocrx_word' id='word_1_278' title='bbox 899 4436 998 4489; x_wconf 86' lang='lat' dir='ltr'>scopus</span> <span class='ocrx_word' id='word_1_279' title='bbox 1024 4421 1142 4490; x_wconf 87' lang='lat' dir='ltr'>peritiae</span> <span class='ocrx_word' id='word_1_280' title='bbox 1166 4420 1226 4475; x_wconf 87' lang='lat' dir='ltr'>fieri</span> <span class='ocrx_word' id='word_1_281' title='bbox 1252 4421 1353 4476; x_wconf 88' lang='lat' dir='ltr'>debeat</span> 
     </span>
    </p>
   </div>
   <div class='ocr_carea' id='block_1_7' title="bbox 0 0 1686 5117">
    <p class='ocr_par' dir='ltr' id='par_1_9' title="bbox 0 0 1686 5117">
     <span class='ocr_line' id='line_1_35' title="bbox 0 0 1686 5117; baseline 0 0"><span class='ocrx_word' id='word_1_282' title='bbox 0 0 1686 5117; x_wconf 95' lang='lat' dir='ltr'> </span> 
     </span>
    </p>
   </div>
  </div>
 </body>
</html>
