3350 5117
559 344 603 391 ns
627 344 765 393 runicus
790 343 1055 393 accussrnsrrcrs
1327 322 1393 387 5s‘3

303 468 380 535 561.
400 470 451 535 Ex
475 470 549 535 data
572 470 713 543 notione,
731 474 819 555 patet
834 474 1025 535 attentatum
1046 489 1117 534 esse
1133 469 1274 555 speciem
1289 466 1392 552 spolii.

213 592 401 675 quinalium
421 590 571 657 deturbat
586 612 606 657 a
621 590 754 677 pacifica
771 593 861 677 quasi
877 592 1078 677 possessione
1094 592 1143 657 sui
1158 591 1248 655 iuris.
1265 586 1394 654 Exinde

214 720 329 781 contra
352 720 512 781 attentata
539 718 607 781 siue
639 736 659 781 a
682 714 786 782 iudica
809 717 878 781 sive
908 716 948 780 ab
970 716 1035 780 alia
1058 721 1161 802 parte,
1192 714 1281 780 laeso
1305 733 1393 778 com·

214 820 294 922 petit
316 840 401 906 actio
426 838 582 904 nullitatis
598 840 650 904 vel
674 840 758 905 actio
783 839 981 912 rescissoria,
1006 840 1051 903 ita
1073 843 1108 903 ut
1131 838 1267 903 ulterius
1283 855 1394 921 proce

213 956 351 1025 dendum
376 982 441 1025 non
458 963 508 1041 sit,
525 960 628 1027 donec
644 962 751 1026 omnia
767 962 800 1025 in
824 960 994 1046 pristinum
1018 966 1136 1042 statum
1159 960 1305 1027 restituta
1321 958 1392 1022 iue-

215 1088 296 1163 rint;
320 1108 443 1175 argum.
469 1107 543 1172 cap.
561 1088 612 1163 17,
637 1088 687 1155 De
709 1088 799 1154 elect.
825 1093 859 1153 et
881 1088 970 1153 etect.
991 1092 1164 1170 potestate.
1188 1086 1223 1151 Χ
1243 1084 1283 1172 (l,
1303 1084 1336 1171 6)
1360 1088 1393 1149 ct

213 1229 288 1293 cap.
302 1212 372 1285 att..
391 1210 441 1276 De
458 1218 553 1277 term.
566 1217 714 1295 pernen.
728 1212 763 1277 X
777 1210 852 1295 (111,
869 1211 931 1295 19).
949 1209 1084 1295 Inquam
1098 1246 1116 1259 -
1130 1212 1220 1275 laeso
1237 1208 1394 1291 conspetit

212 1336 300 1404 actio
324 1338 491 1404 nnttitatis
505 1340 557 1404 oet
579 1339 666 1405 actio
690 1339 891 1405 rescissoria
905 1339 1011 1422 -quia
1026 1343 1134 1402 utrum
1151 1341 1314 1403 attentata
1329 1334 1393 1397 siut

212 1460 286 1543 ipso
311 1461 387 1527 iure
404 1462 503 1531 nulla.
520 1462 572 1527 vol
596 1465 700 1548 potius
725 1462 938 1529 rescindenda
953 1483 1018 1529 nou
1042 1464 1193 1528 convenit
1208 1463 1296 1529 inter
1311 1464 1391 1539 DD.;

213 1587 255 1652 ci.
281 1584 375 1652 Reid.
402 1588 441 1652 ia·
458 1592 480 1653 t.
496 1608 531 1653 n.
551 1588 611 1661 20,
629 1588 673 1653 21
688 1587 744 1674 (1).
762 1624 804 1639 -
822 1588 884 1655 Sed
900 1588 1011 1653 forsan
1034 1590 1177 1671 quaestio
1201 1608 1265 1652 non
1288 1595 1392 1674 potest

211 1711 358 1776 absolute
382 1710 602 1785 determinari,
619 1712 693 1796 quia
716 1715 881 1775 attentata
896 1717 1036 1795 peccant
1053 1714 1168 1775 contra
1183 1710 1328 1775 diversas
1348 1711 1393 1775 in·

212 1838 394 1919 hibitiones,
420 1857 554 1921 quarum
581 1838 727 1903 diversus
750 1843 799 1903 est
822 1838 924 1902 valor.

301 1959 379 2025 562.
394 1961 493 2025 Hisce
506 1960 690 2045 praemissis
705 1960 742 2025 in
757 1978 892 2047 ponere,
905 1958 1070 2025 videamus
1088 1960 1126 2024 in
1139 1960 1251 2042 specie
1264 1958 1392 2043 quaudo

212 2084 252 2149 lis
271 2084 425 2167 pendere
448 2084 599 2169 incipiat,
624 2088 657 2150 et
680 2084 753 2169 quid
788 2083 999 2169 prohibeatur
1021 2084 1079 2148 sub
1102 2085 1231 2148 nomine
1258 2085 1393 2147 innova·

210 2208 319 2271 tionis.
345 2209 384 2273 In
411 2208 509 2275 Glem.
534 2227 609 2291 cap.
633 2208 659 2273 2
683 2208 714 2273 n.
740 2214 761 2273 t.
780 2208 835 2291 (ΙΙ,
854 2208 888 2292 5)
910 2208 1104 2273 adamussim
1128 2208 1194 2273 titis
1205 2208 1393 2291 pendentia

211 2334 256 2395 ita
280 2331 535 2399 determinatur:
571 2335 691 2400 «Cum
716 2333 772 2399 lite
797 2334 960 2419 pendente
991 2333 1072 2397 nihil
1096 2331 1210 2398 debeat
1233 2333 1391 2404 innovari,

211 2453 299 2520 litem
325 2455 430 2539 quoad
454 2457 517 2521 hoc
541 2454 683 2542 pendere
707 2476 877 2523 censemus
908 2462 1074 2541 postquam
1098 2475 1118 2519 a
1141 2454 1245 2520 iudice
1268 2475 1392 2540 compe·

210 2584 300 2644 tante
323 2581 356 2645 in
384 2602 424 2645 ea
447 2600 581 2649 cirnrro
597 2583 797 2647 emanaverit
821 2586 855 2645 et
877 2580 915 2645 ad
939 2585 1066 2666 partem
1083 2582 1213 2645 citatam
1231 2580 1390 2663 pervenit,

209 2703 262 2767 vel
286 2724 346 2789 per
370 2725 444 2770 eam
467 2705 588 2771 facium
605 2706 664 2771 tuit
688 2725 750 2790 quo
767 2704 929 2770 minusad
945 2706 1014 2769 eius
1032 2704 1176 2769 notitiam
1193 2704 1390 2789 perveniret,

209 2830 292 2896 diam
318 2836 432 2897 tamen
463 2831 500 2897 in
532 2832 688 2900 citatione
716 2831 908 2915 praedicta,
933 2830 1015 2897 tatia
1043 2830 1112 2895 sint
1140 2847 1306 2911 eapressa
1324 2848 1391 2912 per

209 2974 298 3039 qaae
309 2956 416 3037 plane
427 2956 536 3039 possit
550 2956 674 3023 instrui
697 2976 803 3041 snper
819 2954 941 3041 quidus
953 2956 990 3019 in
1004 2954 1130 3020 indicio
1147 2953 1390 3019 convenitur»,

208 3078 364 3161 Apprime
390 3078 604 3143 advertantur
627 3086 790 3165 postrema
812 3079 915 3144 verba
942 3077 1057 3163 quibus
1079 3076 1261 3141 inculcatur
1283 3094 1391 3140 neces·

208 3200 286 3263 sitas
309 3198 514 3284 significandi
542 3220 686 3287 congruo
719 3203 817 3267 citato
850 3202 1060 3266 intentionem
1087 3198 1216 3271 actoris,
1240 3217 1304 3281 qua
1325 3217 1390 3262 non

157 3324 162 3329 “
208 3326 318 3394 nauta
342 3330 465 3401 notitia,
483 3329 522 3393 lis
546 3328 688 3413 pendere
714 3326 775 3392 dici
793 3347 858 3392 non
874 3331 988 3413 potest.
1005 3326 1154 3391 Vidimus
1169 3345 1226 3390 suo
1249 3325 1331 3397 loco.
1348 3344 1390 3389 ex

207 3454 302 3536 praxi
326 3453 495 3535 hodierna,
511 3455 544 3519 in
568 3460 647 3520 actu
670 3454 843 3521 citationis
865 3454 1025 3519 contineri
1048 3452 1150 3519 libent
1176 3453 1389 3521 oblationem,

297 3576 372 3643 563,
401 3578 537 3644 Nomine
564 3578 794 3646 innovationis
825 3577 1015 3663 prohibetur
1038 3596 1258 3661 quaecumque
1280 3580 1391 3643 inimu-

206 3700 294 3781 tatio,
318 3720 381 3785 qua
407 3702 461 3766 uui
493 3722 536 3767 ex
565 3701 764 3787 litigantibus
788 3702 893 3767 actori
917 3704 986 3766 sive
1010 3720 1069 3766 reo
1092 3702 1322 3786 praeiudicium
1346 3704 1390 3767 in-

206 3826 313 3892 fertur
337 3829 427 3893 circa
450 3830 499 3893 ius
523 3834 779 3893 controversum.
797 3828 892 3893 Haec
910 3828 1134 3915 prohibitionis
1157 3828 1271 3913 regula
1293 3830 1390 3914 appli-

295 4036 335 4107 (Ι)
356 4036 410 4091 DD.
430 4038 531 4107 passim
557 4042 685 4093 esserunt
709 4043 807 4093 contra
832 4049 965 4094 anentna
989 4043 1147 4107 compatere
1171 4038 1248 4093 laeso
1271 4042 1386 4094 restita-

205 4144 308 4198 tionem
327 4144 356 4197 in
374 4148 525 4215 inteprum.
544 4144 596 4199 Sed
615 4145 646 4199 in
669 4144 725 4199 isto
743 4161 809 4199 casu
829 4149 858 4200 st
876 4146 905 4199 iu
930 4144 994 4199 aliis
1019 4144 1176 4199 huiusmodi
1200 4146 1335 4198 restitutio
1354 4146 1384 4197 in

206 4254 348 4319 inte'qrnm
373 4268 429 4305 non
453 4257 497 4307 est
519 4254 677 4307 remedium
702 4252 954 4307 extraordinarium
977 4253 1011 4308 da
1035 4268 1090 4323 quo
1114 4252 1202 4307 locuti
1227 4270 1322 4307 sumus
1348 4258 1390 4309 ad

206 4374 233 4409 n.
246 4358 311 4411 268
329 4374 384 4429 seq.
398 4356 445 4413 sad
464 4362 507 4413 est
525 4357 666 4413 ordinaria
679 4358 755 4413 actio
774 4361 938 4413 rescissoria
955 4362 1035 4414 actus
1052 4358 1098 4413 vel
1117 4359 1308 4415 declaratoria
1325 4358 1388 4414 nul·

206 4460 311 4532 lintis;
330 4465 364 4519 cf.
383 4482 410 4518 n.
429 4464 504 4517 267.
