3350 5117
233 311 236 321 1
316 281 385 349 222
843 297 926 346 raas
951 298 973 344 1.

317 443 412 508 quem
436 424 601 510 appellare
624 429 735 489 certae
758 425 805 488 rei
830 441 1057 509 possessorem,
1078 422 1137 487 etsi
1161 441 1226 485 non
1247 426 1374 488 constet
1396 437 1439 484 an
1463 421 1496 483 at

317 546 413 630 quala
436 547 485 612 ius
507 545 625 613 habeat
647 548 681 612 in
704 546 889 616 exercenda
912 567 970 612 sna
992 547 1157 611 activitate
1173 545 1206 610 in
1230 545 1318 609 illam
1344 562 1423 615 rem,
1439 540 1496 607 sed

318 670 431 753 ipsum
452 669 627 753 facturae
657 673 729 738 iure
758 671 991 757 distinguentes
1022 691 1094 737 eum
1121 669 1244 735 habent
1266 686 1494 754 possessorem,

317 794 394 876 quia
416 796 485 880 ipse
507 795 541 859 in
563 815 603 860 ea
626 816 663 861 re
686 797 803 862 insistit
825 815 890 861 non
914 797 1058 868 fortuito,
1083 794 1139 860 sed
1169 795 1245 860 data
1275 813 1376 879 opera
1397 799 1430 858 et
1456 811 1496 856 eo

319 916 452 981 consilio
484 923 518 983 ut
547 939 602 984 res
630 918 690 985 sibi
720 924 845 987 tantum
869 921 1035 985 inserviat.
1060 954 1103 970 —
1128 918 1219 984 Haeo
1248 918 1354 982 notari
1385 915 1497 982 sedulo

317 1039 446 1114 debent,
464 1045 538 1127 quia
561 1064 676 1130 reapse
698 1047 803 1130 prima
826 1043 932 1131 ligura
948 1046 1157 1130 possessionis
1178 1044 1341 1129 reperitur
1357 1047 1391 1106 et
1405 1044 1495 1125 quasi

318 1162 480 1250 detegitur
502 1167 536 1230 in
559 1169 717 1234 exercitio
740 1169 829 1241 iuris,
855 1167 911 1233 sed
935 1188 972 1234 re
996 1169 1137 1233 intimius
1153 1171 1333 1252 perspecta,
1350 1169 1386 1230 ut
1409 1167 1499 1230 notio

318 1289 528 1376 possessionis
550 1293 752 1379 intelligatur
774 1295 870 1360 latius
894 1300 927 1362 et
949 1293 1100 1368 intimius,
1117 1293 1213 1359 debet
1234 1292 1386 1379 distingui
1410 1311 1496 1356 are

318 1414 439 1480 latione
470 1434 563 1498 quam
593 1417 637 1482 de
664 1415 756 1499 facto
787 1416 911 1482 habere
942 1422 1047 1503 potest
1069 1420 1102 1482 et
1132 1415 1298 1480 ordinaria
1328 1413 1427 1480 habet
1456 1412 1498 1478 ad

320 1537 386 1611 ins;
411 1536 495 1601 unde
518 1541 764 1622 possessionen
787 1542 825 1606 in
848 1543 924 1608 iure
947 1540 1003 1608 sed
1026 1541 1064 1606 in
1086 1540 1178 1623 sacto
1203 1538 1359 1604 consistit.

411 1660 484 1726 190.
509 1661 750 1728 Possessionem
773 1664 817 1729 ita
841 1664 1077 1732 consideratam
1103 1667 1135 1729 in
1166 1683 1224 1730 sua
1255 1664 1380 1728 ratione
1403 1667 1498 1727 natu·

321 1782 382 1846 rali
405 1790 496 1848 recte
519 1781 631 1850 definit
645 1787 685 1851 cl.
704 1787 860 1873 Rnggeri,
877 1807 931 1870 op.
949 1788 1000 1854 cit.
1022 1790 1047 1863 1,
1064 1788 1114 1856 39
1131 1824 1148 1837 ·
1166 1791 1273 1854 aiens:
1293 1785 1499 1894 ‘QQQ

319 1911 368 1972 est
385 1907 535 2008 Pffiilfa,
541 1909 784 2006 sti„⁶l‘?„‘⁶⁷²l²'9.
786 1987 792 1995 ¹
799 1932 868 1996 per
895 1933 1003 1997 parem
1011 1912 1378 1984 menecratem
1394 1933 1500 1988 tuam

300 2006 423 2116 -sere'r
446 2035 1363 2130 eamdem-Questseereeeaetnaeanne
1387 2064 1418 2106 ›·
1445 2043 1500 2106 Di·

320 2158 407 2224 citur

411 2283 443 2368 1)
461 2285 606 2372 physico
627 2285 680 2379 rei
703 2287 857 2360 detentio,
875 2288 949 2373 qnia
971 2289 1004 2352 in
1021 2291 1223 2373 possessione
1239 2289 1416 2356 attenditur
1431 2293 1500 2355 tan·

319 2415 387 2476 tum
412 2412 527 2477 relatio
550 2414 730 2498 corporalis
751 2415 925 2480 activitatis
948 2416 980 2479 in
1010 2435 1090 2488 rem,
1116 2435 1220 2500 neque
1244 2417 1327 2481 ratio
1358 2415 1499 2481 habetur

319 2537 361 2602 de
383 2539 504 2603 institia
524 2539 576 2604 vel
601 2539 754 2604 iniustitia
776 2545 868 2604 actus
891 2539 946 2626 (l).
973 2539 1095 2609 Sufficit
1118 2562 1197 2608 vero
1221 2540 1401 2608 huiusmodi
1426 2541 1499 2627 phi-

319 2661 388 2724 sica
410 2660 584 2725 activitatis
608 2660 721 2726 relatio
737 2666 772 2725 ut
788 2681 841 2725 res
864 2661 990 2726 dicatur
1006 2661 1150 2728 detineri
1158 2682 1173 2746 ,·
1187 2662 1265 2728 licet
1281 2662 1499 2749 corporaliter

320 2803 385 2847 non
408 2784 707 2868 apprehendetur;

409 2907 443 2994 2)
462 2927 530 2991 per
552 2928 658 2994 quem
688 2911 787 2978 homo
811 2911 1014 2976 activitctem
1044 2931 1145 2977 suam
1176 2917 1320 2994 eeercet,
1344 2911 1500 2997 siquidem

320 3033 381 3096 iste
403 3037 495 3096 actus
522 3031 714 3099 detentionis
737 3033 832 3102 debet
858 3053 930 3100 esse
960 3033 1120 3100 humanus
1148 3055 1205 3102 seu
1234 3035 1366 3111 volitns;
1398 3055 1499 3120 quare

320 3159 347 3222 si
364 3159 443 3242 quis,
460 3159 598 3224 vinculis
614 3160 773 3245 alligatus,
791 3165 954 3234 exerceat,
972 3159 1102 3226 excolat
1116 3162 1254 3245 aliquem
1272 3161 1416 3245 lundmn,
1433 3182 1499 3227 non

319 3281 441 3346 dicitur
462 3281 596 3346 fundum
617 3284 794 3365 possidere
815 3304 874 3349 seu
897 3283 1049 3350 detinere
1054 3303 1069 3367 ;

411 3403 444 3489 3)
467 3406 646 3478 exclusive,
671 3408 820 3491 quoniam
835 3427 931 3473 nemo
954 3408 1084 3475 videtur
1108 3408 1273 3494 possidere
1293 3429 1418 3484 aerem,
1431 3429 1500 3494 pu-

320 3647 502 3719 corporalem.
521 3651 564 3705 lta
582 3651 680 3708 Graeci
700 3655 785 3708 verbo
804 3673 869 3719 ιχιιν
890 3654 1047 3724 adiungunt
1072 3655 1288 3726 propositionem
1316 3673 1392 3722 κατα,
1411 3661 1444 3710 ut
1461 3657 1501 3710 si-

321 3757 455 3825 gnificent
472 3775 527 3811 non
540 3758 706 3828 simpliciter
719 3762 917 3840 tenere-(epm)
932 3763 979 3818 sed
993 3763 1132 3833 possidere
1145 3764 1294 3834 (κατιχιιν).
1309 3763 1403 3818 Latini
1415 3766 1502 3820 verbo

320 3867 421 3919 sedere
439 3866 605 3934 particulam
623 3867 780 3937 adiungunt
793 3874 824 3923 ut
841 3872 891 3923 fiat
902 3871 1048 3940 possidere
1067 3887 1116 3924 seu
1130 3869 1255 3926 detinere
1269 3887 1331 3924 cum
1345 3871 1504 3940 activitatc,·

320 3986 393 4039 qnae
410 3971 483 4024 ratio
501 3976 629 4027 serretur
646 3975 719 4044 apud
737 3974 832 4029 Gallos
845 3973 1006 4046 (possidear),
1020 3992 1104 4045 penes
1124 3975 1261 4044 Hispanos
1274 3975 1402 4049 (poseer),
1417 3993 1503 4046 penes

323 4074 430 4144 Anglos
448 4077 489 4145 (to
508 4081 624 4147 possess)
638 4109 673 4122 -
692 4080 820 4136 Germani
842 4099 875 4136 ex
895 4083 980 4137 verbo
993 4087 1081 4136 sitaen
1100 4082 1252 4136 conficiunt
1265 4083 1400 4148 beelteem
1420 4087 1450 4138 et
1468 4099 1503 4138 ex

322 4180 407 4232 zitten
425 4181 530 4251 Belgae
548 4186 673 4238 bezitten.

410 4291 449 4362 (l)
472 4291 543 4346 Nam
561 4311 577 4344 ‹
597 4297 626 4346 in
649 4311 763 4349 summe
787 4298 978 4365 possessionis,
1004 4313 1109 4366 perum
1135 4297 1260 4363 interest,
1284 4299 1354 4351 iuste
1379 4300 1440 4366 puis
1465 4313 1504 4351 an

320 4395 423 4450 iniuste
438 4401 581 4467 possideat
593 4417 610 4452 ›
630 4400 648 4452 l.
667 4401 689 4452 3
706 4401 735 4471 ff.
755 4401 797 4454 De
814 4405 921 4471 acquir.
941 4401 987 4456 cel
1006 4404 1093 4456 amitt.
1109 4419 1185 4474 poss.
