3350 5117
305 319 373 386 660
832 339 915 387 rans
940 341 961 386 ι.

311 465 364 530 tiis
386 465 575 550 privationis
599 461 838 536 beneficiorum,
852 475 935 548 quae
957 464 1042 529 laica
1062 470 1205 550 potestas
1224 467 1428 552 recognoscit
1452 475 1490 534 et

308 593 426 654 tuetur.
441 591 485 654 At
500 587 596 654 iudici
608 587 724 655 eccles.
734 594 939 662 succurrunt,
952 597 1084 674 praeter
1094 591 1295 676 temporalia,
1308 592 1413 656 media
1425 593 1489 677 spi-

307 711 441 778 ritualia
452 717 518 776 tum
531 711 568 776 in
581 711 677 777 mim.
691 716 757 775 tum
770 711 807 776 in
819 710 972 778 civilibus
975 733 990 794 ,·
1001 712 1058 777 sed
1070 712 1110 778 de
1121 714 1211 779 hisce
1223 713 1335 798 mediis
1346 714 1490 800 pruden-

303 837 426 902 tissime
443 835 530 900 Trid.
548 835 669 902 concil.
687 833 770 900 haec
789 840 899 900 monet
914 835 948 899 in
962 853 1041 902 sess.
1058 836 1108 902 25
1123 853 1199 919 cap.
1216 834 1307 901 3De
1321 835 1487 918 reform„-

305 960 494 1036 ‹Quamvis
518 959 859 1025 excommunicationis
881 957 1008 1044 gladius
1031 966 1153 1024 nervus
1174 961 1214 1024 sit
1242 959 1490 1025 ecclesiasticae

302 1085 491 1172 disciplinae
515 1091 547 1151 et
569 1085 609 1150 ad
633 1084 844 1150 continendos
867 1085 901 1150 in
924 1083 1029 1150 officio
1052 1085 1187 1171 populos
1207 1084 1304 1151 valde
1319 1087 1487 1168 salutaris,

180 1282 183 1288 ,
300 1213 409 1278 sobrie
431 1219 539 1280 tamen
562 1231 743 1298 magnaque
766 1213 1055 1298 circumspectione
1078 1211 1281 1277 exercendus
1309 1219 1367 1285 est
1384 1232 1485 1296 quum

300 1340 506 1424 experientia
528 1337 640 1404 doceat
663 1339 690 1404 si
712 1343 836 1402 temere
859 1343 916 1405 aut
938 1335 1063 1402 levibus
1093 1357 1137 1401 ex
1168 1336 1264 1402 rebus
1295 1339 1482 1407 incutiatur.

302 1465 406 1550 magis
437 1463 598 1529 contemni
630 1481 725 1546 quam
755 1460 925 1527 formidari
955 1439 995 1528 et
1018 1461 1195 1547 perniciem
1230 1463 1334 1546 potius
1363 1481 1486 1546 parere

300 1609 397 1674 quam
422 1589 601 1662 salutem...
628 1587 666 1650 ln
690 1587 794 1652 causis
817 1605 896 1650 vero
919 1585 1120 1651 iudicialibus
1144 1584 1315 1649 mandatur
1334 1585 1486 1650 omnibus

300 1711 458 1778 iudicibus
481 1707 708 1776 ecclesiasticis
731 1709 959 1790 cuiuscumque
981 1705 1145 1792 dignitatis
1167 1707 1316 1778 existant,
1334 1713 1369 1776 ut
1383 1724 1485 1790 quan·

201 1875 204 1882 ·
300 1836 481 1920 documque
504 1833 653 1900 executio
678 1830 775 1896 realis
788 1831 841 1896 vel
857 1830 1035 1916 personalis
1051 1831 1084 1894 in
1099 1829 1242 1915 qualibet
1263 1837 1356 1916 parte
1371 1829 1482 1895 iudicii

299 1961 433 2048 propria
456 1961 649 2026 auctoritate
665 1955 735 2023 fieri
751 1958 879 2043 poterit,
895 1955 1079 2022 abstineant
1092 1976 1129 2022 se
1142 1962 1211 2025 tum
1225 1957 1260 2022 in
1274 1955 1485 2042 procedendo

299 2093 367 2154 tum
393 2088 425 2150 in
450 2083 631 2150 definiendo
654 2102 674 2147 a
697 2082 844 2148 censuris
873 2081 1102 2146 ecclesiasticis
1132 2101 1191 2146 seu
1212 2081 1398 2157 interdicto;
1421 2084 1481 2148 sed

298 2210 397 2280 liceat
421 2210 467 2274 eis
491 2210 518 2273 si
542 2206 697 2292 expedire
727 2204 906 2277 videbitur,
932 2205 964 2269 in
994 2207 1098 2271 causis
1127 2205 1283 2280 civilibus,
1306 2205 1347 2270 ad
1372 2207 1480 2272 lorum

303 2331 557 2398 ecclesiasticum
588 2326 824 2412 quomodolibet
846 2326 1081 2413 pertinentibus
1109 2331 1223 2393 contra
1251 2348 1479 2412 quoscumque,

298 2460 395 2525 etiam
419 2431 528 2530 laicos,
546 2475 606 2542 per
628 2455 764 2520 mulctas
779 2456 984 2540 pecuniarias
1000 2475 1081 2540 quae
1096 2456 1159 2541 piis
1181 2455 1261 2520 locis
1275 2455 1320 2520 ibi
1337 2457 1478 2523 existen-

298 2583 383 2650 tibus
406 2603 445 2649 00
469 2584 537 2668 ipso
561 2580 644 2665 quod
668 2591 802 2645 exactae
817 2578 952 2653 fuerint
965 2580 1180 2665 assignentur,
1197 2601 1256 2646 seu
1277 2600 1337 2668 per
1361 2584 1478 2669 captio

298 2729 373 2773 nem
397 2710 577 2794 pignorum.
594 2725 872 2791 personarumque
894 2706 1126 2774 districtionem
1149 2726 1209 2791 per
1231 2727 1306 2772 suos
1328 2709 1481 2793 proprios

297 2835 354 2896 aut
370 2831 493 2896 alienos
510 2833 702 2894 executores
719 2827 909 2910 faciendam,
922 2829 991 2893 sive
1007 2830 1104 2892 etiam
1121 2847 1180 2914 per
1194 2830 1408 2915 privationem
1424 2829 1482 2894 be-

222 3044 224 3052 (
299 2955 488 3023 neficiorum
509 2955 635 3039 aliaque
659 2954 738 3019 iuris
754 2952 897 3019 remedia
919 2953 1099 3040 procedere
1115 2959 1148 3021 et
1163 2973 1278 3019 causas
1292 2953 1427 3020 definire
1444 2977 1476 3019 ›.

385 3079 460 3144 692.
486 3079 556 3143 Hoc
580 3079 734 3142 monitum
757 3078 902 3163 apprime
919 3097 997 3162 prae
1013 3078 1114 3143 oculis
1137 3077 1319 3143 habendum
1336 3099 1355 3143 a
1370 3079 1481 3145 iudice

294 3205 514 3271 ecclesiastico
537 3205 653 3290 quippe
670 3201 753 3287 quod
772 3203 867 3268 etiam
887 3223 947 3288 pro
962 3202 1128 3268 hodiernis
1151 3201 1390 3268 difficultatibus
1405 3203 1475 3268 adi-

292 3335 362 3394 tum
384 3329 491 3414 aperit
513 3327 675 3421 legitimae
690 3328 829 3394 iustitiae
853 3328 1122 3393 administrationi
1146 3329 1288 3394 maxime
1311 3328 1343 3391 in
1368 3330 1480 3392 causis

294 3450 498 3516 clericorum.
515 3483 560 3498 -
577 3449 770 3515 Benedictus
786 3449 868 3514 XIV
890 3451 922 3513 in
940 3448 1049 3533 Opere
1069 3449 1119 3514 De
1133 3468 1205 3534 syn.
1223 3449 1328 3515 dioec.
1347 3447 1401 3514 tib.
1418 3449 1473 3522 10,

293 3593 321 3638 c.
339 3593 366 3639 c.
389 3573 411 3637 9
433 3578 465 3638 et
480 3573 523 3637 10
546 3576 778 3638 commentatus
801 3574 1074 3658 praescriptiones
1091 3572 1296 3639 Tridentinas
1318 3572 1391 3637 fuse
1414 3593 1474 3636 ex-

293 3693 393 3778 plicat
414 3694 577 3768 salubrem
601 3715 692 3760 usum
716 3695 909 3760 muletarum
932 3713 1068 3778 cumque
1084 3693 1225 3759 inculcat
1239 3693 1280 3759 ad
1296 3692 1477 3759 efficaciter

293 3819 455 3907 urgendus
479 3819 669 3886 iudiciorum
693 3818 920 3890 ordinationes,
946 3817 1114 3882 dummodo
1142 3817 1270 3882 illarum
1295 3824 1478 3901 proventus

291 3947 498 4030 assignentur
527 3942 632 4008 causis
662 3943 722 4027 piis
745 3949 778 4008 et
807 3940 847 4006 ab
879 3961 991 4005 earum
1024 3961 1083 4006 usu
1114 3949 1218 4005 cesset
1248 3951 1473 4024 quoecumque

286 4069 395 4154 turpis
419 4071 570 4150 quaestus
592 4065 693 4132 labes.

380 4193 455 4260 693.
482 4196 519 4259 ln
544 4194 648 4259 causis
671 4195 896 4259 executionum
920 4189 1116 4257 attendenda
1132 4195 1206 4256 sunt
1221 4191 1283 4256 duo
1299 4190 1478 4277 privilegia

290 4336 351 4403 pro
375 4319 518 4384 clericis:

381 4442 413 4524 l)
433 4442 653 4530 priuitepium
675 4439 918 4526 competentiae
949 4461 991 4506 ex
1022 4438 1143 4506 celebri
1174 4459 1260 4523 ecp-
1274 4439 1474 4520 Eduardus,
