3350 5117
871 650 984 717 Gerar
1012 650 1037 715 l.

746 845 792 900 DE
812 843 1160 900 APPELLATIONIBUS.

372 1056 591 1113 Snmmrlnn.
601 1085 639 1101 -
650 1059 711 1113 617.
726 1058 857 1113 Traditur
870 1058 948 1112 notio
959 1056 1157 1126 appellationis
1168 1058 1319 1113 iudicialis.
1330 1086 1371 1100 -
1381 1056 1447 1112 ola
1460 1057 1545 1125 Expli-

456 1165 538 1215 catur
556 1169 706 1233 conceptus
728 1162 927 1233 appellationis
952 1162 1183 1218 eerraiodicr'ah's.
1201 1191 1241 1205 -
1257 1162 1321 1217 619.
1345 1161 1501 1223 Quaeritur
1515 1180 1543 1215 u

459 1272 488 1323 et
507 1268 643 1338 quomodo
661 1268 861 1339 appellationis
879 1269 1029 1323 remedium
1048 1285 1066 1322 a
1083 1269 1145 1324 iure
1164 1274 1284 1324 naturae
1303 1270 1492 1339 repetendum
1507 1274 1543 1322 sit

453 1406 488 1419 -
507 1379 568 1432 620.
590 1376 661 1439 Quia
680 1379 837 1432 institutum
852 1376 1049 1447 appellationis
1068 1377 1208 1431 iudicialis
1226 1382 1290 1432 inre
1297 1382 1386 1449 posit
1399 1377 1545 1443 ordinatur·

453 1486 531 1553 patet
549 1499 635 1554 quare
654 1484 804 1538 Pontifices
822 1484 981 1555 aliquando,
996 1486 1054 1538 suis
1071 1484 1200 1552 decretis,
1213 1484 1268 1539 iuri
1286 1484 1492 1554 appellationis
1507 1486 1545 1537 de·

454 1592 624 1661 rogaverint.
642 1620 679 1633 -
697 1592 758 1647 621.
773 1592 990 1659 Deierminatur,
1002 1592 1219 1663 appellationem
1237 1592 1401 1648 faciendam
1415 1609 1478 1649 esee
1489 1613 1545 1663 gira·

458 1700 553 1767 darim,
572 1717 619 1755 seu
638 1718 694 1754 non
714 1705 813 1757 omr'aso
832 1705 933 1757 medio.
952 1730 987 1744 -
1005 1703 1066 1756 622.
1086 1700 1269 1770 Explicantur
1292 1700 1401 1769 gradus
1426 1700 1545 1769 appella·

456 1808 541 1861 tionis
560 1806 650 1878 quoad
670 1808 774 1863 iudices
794 1813 853 1863 tum
868 1808 1022 1863 ordinarios
1041 1812 1099 1861 tum
1118 1806 1272 1877 delegatoa
1283 1833 1319 1848 ·-
1331 1807 1398 1861 623.
1411 1810 1458 1861 An
1476 1825 1494 1861 a
1506 1808 1545 1862 de

455 1912 550 1983 legato
574 1914 702 1984 Episcopi
727 1914 761 1969 ad
787 1914 870 1969 huius
897 1914 956 1969 Vic.
976 1914 1043 1969 Gen.
1062 1912 1199 1983 appellari
1223 1914 1375 1983 possit-
1396 1915 1463 1968 624
1482 1916 1545 1975 Qud

455 2019 598 2089 singulare
623 2022 660 2075 eit
685 2022 713 2075 iu
739 2021 929 2092 appellatione
953 2020 1166 2076 extraiudiciali.
1185 2048 1224 2062 -
1247 2020 1308 2074 626
1334 2020 1376 2075 De
1405 2022 1545 2076 effectiba.

451 2126 657 2196 appellationis,
671 2145 718 2183 seu
737 2128 769 2183 de
783 2128 907 2183 eiusdem
927 2129 952 2182 vi
967 2134 1132 2201 arepentina
1150 2134 1179 2185 et
1195 2131 1371 2185 deoplacito.
1386 2157 1423 2171 -
1435 2130 1498 2182 626.
1510 2131 1546 2182 to

452 2236 582 2291 ellectum
598 2238 801 2307 suspensivum,
815 2238 1007 2308 appellatione
1018 2242 1165 2309 pendente,
1177 2238 1250 2293 nihil
1262 2238 1347 2294 debet
1362 2239 1501 2293 innovari
1514 2268 1542 2280 -

454 2343 516 2397 627.
536 2342 658 2399 Effectus
675 2346 852 2399 devolutione
880 2345 914 2399 ad
939 2347 1108 2415 superiorem
1131 2345 1255 2401 devolvit
1281 2348 1475 2417 cognitionem
1499 2366 1542 2400 m·
1621 2395 1622 2418 p

453 2450 523 2520 getii
550 2452 722 2505 controversi
741 2468 802 2505 cum
823 2453 881 2505 suis
896 2454 1063 2507 accessoriis
1077 2453 1104 2506 Si
1119 2453 1277 2523 appelletur
1288 2472 1356 2510 rero
1373 2459 1411 2510 ab
1430 2458 1541 2510 interlo-
1621 2449 1622 2452 ’

460 2560 583 2627 catomo,
600 2576 661 2612 cum
688 2558 740 2613 hac
758 2558 916 2613 devolvitur
939 2560 1063 2628 cognitio
1085 2578 1187 2617 causae
1205 2561 1384 2633 principalis,
1402 2566 1426 2618 ei
1450 2565 1541 2633 appel-

460 2668 593 2724 lationem
608 2668 762 2738 legitimam
776 2683 836 2722 esse
850 2672 993 2737 pateat.-
1003 2667 1194 2723 628.Effectua
1204 2673 1388 2741 nespenaieus
1399 2670 1542 2741 aliquanda

461 2792 515 2829 non
530 2775 656 2845 sequitur
668 2772 884 2843 appellationem
897 2790 931 2828 ex
944 2772 1130 2843 prohibitione
1142 2774 1222 2845 legia
1231 2778 1413 2831 deuoiuricua
1423 2776 1541 2831 eamdem

452 2880 609 2935 necessario
628 2879 785 2933 comitatur.

456 3114 532 3180 617.
558 3114 776 3181 communiter
807 3112 978 3199 appellatio
1008 3111 1178 3178 iudicialis
1206 3108 1359 3175 definitur
1384 3131 1403 3172 ‹
1425 3108 1471 3175 ab
1493 3111 1538 3173 in-

366 3238 496 3323 feriore
518 3238 565 3303 aci
587 3234 799 3318 superiorem
827 3232 973 3299 iadicem
992 3232 1191 3315 provocatio
1219 3232 1354 3297 ratione
1384 3232 1473 3297 illati
1494 3232 1539 3295 rel

362 3361 542 3447 inferendi
575 3359 788 3448 precaminis
820 3381 850 3423 r.
882 3356 1071 3427 Huiusmodi
1106 3358 1285 3422 institutum
1317 3356 1537 3421 desumiinra

367 3490 444 3554 iore
461 3487 607 3572 positivo
631 3504 701 3551 can.
721 3487 753 3549 et
776 3484 821 3547 ita
844 3481 985 3547 eiusdem
1010 3481 1152 3567 singulas
1169 3486 1280 3567 peries
1294 3479 1539 3566 intelligerem

364 3614 487 3696 bemus,
511 3631 627 3697 nempe
649 3609 921 3698 provocationem,

454 3742 486 3821 l)
512 3736 585 3803 lieri
609 3757 630 3802 a
653 3735 766 3803 iudice
789 3734 956 3818 inferiore
986 3732 1032 3797 ad
1056 3731 1287 3815 stipatorem,
1311 3750 1371 3795 sen
1399 3728 1440 3795 ad
1462 3728 1537 3793 indi·

367 3883 437 3929 cem
455 3864 508 3928 cui
533 3860 684 3946 competit
706 3859 871 3923 inferioris
887 3855 1076 3921 sententiam
1093 3852 1283 3918 rescindere
1304 3856 1361 3917 eut
1374 3870 1537 3917 revocare.

364 3990 481 4056 Utrum
506 4006 588 4051 vero
612 3984 741 4049 recurri
765 3982 880 4048 debeat
903 3998 1030 4065 semper
1053 3978 1093 4043 ad
1117 3978 1256 4044 iudicem
1278 3976 1473 4045 inremediale
1494 3998 1537 4041 sc·

362 4114 525 4199 perierem
549 4114 661 4197 postea
683 4108 834 4174 dicemus,

458 4236 491 4321 2)
515 4232 700 4320 Appellatio
723 4228 759 4295 flt
781 4250 841 4316 per
859 4228 1153 4313 provocationem,
1179 4230 1273 4313 quasi
1301 4226 1476 4313 superioris
1497 4226 1539 4287 in-

366 4367 487 4430 vocata
511 4359 708 4431 defensione,
726 4358 800 4442 qnia
823 4357 907 4421 haec
927 4352 1102 4419 intenditur
1125 4355 1217 4419 omui
1241 4359 1400 4438 actuque
1420 4349 1539 4415 altioris

361 4486 477 4553 iudicis
500 4483 692 4569 imploratur
714 4480 861 4565 officium
882 4483 916 4545 et
937 4476 1119 4553 aaaiiiom.
