3350 5117
549 310 593 355 aa
619 308 755 356 runrcns
778 309 1043 356 accussmsrrcrs
1321 294 1388 359 459

205 435 419 496 sonastestes
436 450 586 497 essenon
603 452 705 516 posse,
722 434 851 497 testium
869 440 975 499 certas
992 431 1218 517 productiones
1241 437 1273 497 et
1296 439 1388 497 certo
1430 438 1436 447 '

205 550 299 615 modo
323 549 394 615 lieri
416 560 521 638 posse
534 558 566 617 et
581 572 646 616 nou
663 552 772 637 plures
788 572 851 617 nac
865 553 969 617 aliter.
988 590 1029 602 -
1048 554 1245 618 Praesertim
1257 554 1387 637 proba·

206 674 353 741 tionibus
377 676 543 761 lepalibus
558 677 780 742 accensendas
797 683 871 743 sunt
882 677 1180 761 praesumptiones
1196 677 1290 743 iuris.
1309 678 1386 743 Con-

205 805 321 885 ceptus
345 804 614 887 praesumptionis
637 802 777 868 habetur
800 804 832 867 in
856 824 928 891 rep.
952 805 1019 871 iar.
1044 804 1092 871 115
1118 806 1154 870 iu
1178 805 1213 870 6.·
1238 806 1387 889 «laspi-

205 926 315 990 cimus
338 926 375 991 iu
398 925 550 993 obscuris
572 927 665 1011 quael
687 932 735 993 est
756 927 974 993 uerisimilius
995 930 1047 994 aet
1071 930 1163 1013 quod
1181 932 1389 1014 plerumque

206 1050 283 1135 fieri
306 1051 478 1117 consueuit
493 1074 524 1114 s.
543 1052 628 1116 Hinc
651 1052 738 1117 iuris
761 1058 810 1117 est
828 1054 1075 1137 praesumptio,
1093 1074 1175 1137 quae
1194 1054 1319 1139 legibus
1339 1061 1388 1120 est

206 1192 372 1258 expressa,
398 1175 531 1247 scilicet,
549 1174 675 1258 quando
699 1176 870 1259 suppositis
886 1176 1071 1259 quibusdam
1089 1176 1166 1242 facti
1182 1177 1389 1261 qualitatibus

206 1298 264 1362 lea
287 1318 344 1362 seu
368 1300 418 1363 ius
442 1319 611 1364 commune
627 1300 746 1384 aliquid
763 1301 902 1365 coniicit.
920 1301 1030 1365 Veluti
1055 1303 1103 1365 ius
1126 1303 1312 1386 praesumit,
1329 1300 1387 1364 ali·

206 1441 300 1505 quem
326 1425 521 1487 renunciare
545 1423 630 1488 velle
652 1424 835 1507 exceptioni
860 1424 1039 1505 dilatoriae,
1056 1444 1151 1506 quam
1175 1444 1239 1487 nou
1257 1425 1388 1509 opponit

205 1542 282 1610 aute
294 1544 384 1609 litem
397 1550 618 1611 contestatam.
633 1546 725 1612 Haec
737 1548 957 1631 praesumptio
969 1567 1026 1612 seu
1042 1547 1215 1620 conclusio,
1230 1569 1272 1611 ex
1289 1548 1387 1612 certis

206 1669 332 1735 indiciis
356 1671 396 1735 ab
420 1672 487 1756 ipso
506 1674 576 1736 iure
593 1672 739 1753 deducta,
753 1678 802 1739 est
817 1674 942 1757 species
958 1672 1165 1758 probationis.
1183 1708 1225 1721 —
1243 1674 1299 1737 Cui
1315 1692 1387 1757 pro-

206 1799 327 1865 bationi
351 1800 520 1883 aliquoties
544 1800 593 1864 ius
615 1804 738 1863 tantam
763 1802 905 1884 impertit
920 1801 994 1871 vim,
1013 1805 1047 1866 ut
1069 1821 1134 1864 non
1150 1799 1297 1864 admittat
1315 1820 1386 1884 pro-

206 1922 368 1987 bationem
393 1923 589 1987 contrariam
613 1943 670 1987 seu
693 1923 966 2007 impugnationem
997 1923 1213 1988 conclusionis
1234 1924 1266 1986 ri
1291 1942 1386 2007 prae-

206 2046 396 2130 sumptionis
428 2044 594 2119 inductae;
619 2050 652 2109 et
679 2050 757 2109 tunc
788 2048 1006 2131 praesumptio
1037 2046 1155 2111 dicitnr
1182 2044 1269 2109 iuris
1291 2050 1323 2109 et
1344 2045 1388 2109 cle

205 2169 291 2243 iure,
317 2169 397 2233 adeo
422 2175 457 2234 ut
479 2168 614 2254 proinde
638 2170 858 2253 praesumptio
878 2188 945 2252 pra
968 2170 1109 2235 ueritate
1132 2169 1298 2233 habeatur.
1324 2167 1386 2233 Sed

206 2297 410 2380 frequentius
434 2297 650 2381 praesumptio
672 2296 760 2362 iuris
783 2301 832 2361 est
855 2298 1002 2381 simplex,
1020 2316 1075 2361 seu
1092 2301 1197 2381 potest
1213 2297 1385 2361 contrariis

207 2417 448 2504 probationibus
466 2419 613 2502 impetiri,
632 2438 732 2502 quare
748 2418 868 2485 dicitur
886 2420 1121 2501 praesumptio
1145 2420 1232 2486 iuris
1250 2426 1383 2484 tanturn.

297 2542 348 2605 Ex
373 2540 484 2605 eadem
499 2542 657 2625 principio
682 2538 714 2605 'et
737 2562 754 2605 e
779 2542 887 2606 fronte
904 2544 1198 2626 praesumptionum
1215 2543 1295 2606 iuris
1310 2561 1385 2605 exo-

208 2660 338 2724 riuntur
355 2662 626 2745 praescriptiones
641 2661 787 2726 boraira's
810 2681 867 2725 seu
893 2660 1077 2734 iudicialis
1100 2660 1205 2724 dictae
1228 2662 1384 2743 quianon

207 2787 239 2850 in
265 2788 335 2851 iure
363 2789 522 2852 communi
549 2789 756 2871 reperiuntur
780 2806 955 2872 expressae
979 2786 1033 2851 sed
1055 2808 1097 2851 ex
1124 2789 1263 2852 naturali
1287 2787 1384 2853 ioelu-

207 2910 316 2977 ctiaue
328 2912 424 2976 iudex
441 2911 569 2976 easdem
585 2912 718 2993 inducit,
733 2914 842 2997 positis
854 2913 952 2976 certis
964 2912 1068 2976 saetis
1084 2914 1172 2977 Inest
1185 2917 1269 2979 enim
1287 2935 1325 2977 ea
1337 2915 1387 2978 vis

207 3035 367 3101 humanae
384 3039 502 3103 rationi
520 3044 552 3103 et
568 3039 716 3103 humanis
734 3038 838 3119 rebus,
856 3045 892 3103 ut
914 3059 956 3102 ex
974 3058 1035 3102 uno
1051 3038 1133 3102 alius
1154 3040 1270 3103 coniici
1287 3042 1387 3123 possit

207 3167 361 3238 eventus;
378 3184 478 3247 quare
491 3165 609 3248 passim
622 3164 768 3229 homines
785 3164 928 3229 iudicant
944 3164 1254 3249 praesumptionibus
1270 3166 1384 3229 innixi.

296 3290 370 3355 436.
397 3290 591 3355 Dividuntur
602 3290 717 3372 primo
735 3290 940 3375 probationes
955 3290 1087 3356 ratiaoe
1102 3291 1206 3371 orodi,
1224 3311 1286 3374 quo
1303 3291 1385 3356 obti-

205 3417 325 3477 nentur
348 3420 380 3477 et
404 3415 436 3476 iu
461 3411 611 3476 iudicium
629 3412 850 3496 proferuntur,
876 3413 909 3476 in
929 3411 1150 3494 probationes
1164 3412 1312 3477 directas
1328 3432 1384 3477 seu

200 3538 347 3620 proprie
371 3538 477 3603 dietas
502 3544 533 3601 et
555 3537 739 3602 indirectas
762 3557 819 3601 seu
838 3537 1145 3619 praesumptiones.

295 3660 330 3743 a)
355 3661 569 3726 Probationes
591 3662 733 3744 proprie
756 3663 876 3743 dictae,
900 3669 975 3726 sunt
998 3683 1080 3746 quae
1104 3662 1230 3728 directe
1258 3663 1385 3727 scilicet

207 3788 320 3867 suapte
344 3790 460 3847 natura
490 3784 684 3869 proveniunt
708 3804 749 3847 ex
774 3789 848 3847 actu
871 3803 1032 3866 cmpresse
1063 3785 1222 3850 ordinato
1246 3784 1286 3848 ad
1309 3805 1383 3869 pro-

206 3904 367 3971 bationem
384 3906 649 3979 constituendam,
668 3906 699 3971 id
723 3912 781 3987 est,
799 3910 994 3991 proveniunt
1016 3907 1069 3972 vel
1086 3928 1128 3972 ex
1144 3908 1279 3991 quodam
1296 3908 1383 3971 sacto

208 4030 243 4093 in
267 4028 384 4092 indicio
408 4030 577 4094 constituto
601 4030 641 4094 ad
666 4028 888 4114 probationem
912 4029 1128 4111 obtinendam,
1152 4031 1205 4094 rel
1232 4051 1275 4095 ex
1297 4030 1385 4094 sacto

206 4156 267 4240 ipsi
291 4155 407 4219 iudicio
430 4157 684 4240 praeconatituto
702 4176 759 4221 seu
779 4156 1026 4249 extraiudiciali‚
1044 4156 1220 4222 cuiusmodi
1244 4166 1319 4221 sunt
1340 4162 1387 4222 te-

208 4278 304 4343 stium
328 4277 542 4364 depositiones
566 4283 722 4364 exceptae
746 4277 787 4343 ad
806 4284 1010 4362 perpetuam
1038 4280 1091 4344 rei
1120 4279 1323 4346 memoriam
1350 4287 1383 4344 et

206 4404 428 4489 quodcumque
444 4405 529 4469 aliud
555 4406 801 4471 instrumentum
819 4406 859 4470 ad
875 4408 926 4471 rei
946 4406 1165 4492 probationem
1189 4408 1318 4472 confect
1376 4458 1383 4471 .
