3350 5117
343 305 412 374 340
871 328 954 376 raas
979 328 1001 374 r.

345 449 387 514 ad
409 449 555 514 eamdem
579 450 809 534 perimendam,
841 470 914 513 cum
942 448 1040 513 facile
1062 449 1106 515 sit
1135 447 1231 512 alteri
1252 447 1444 530 litigantium
1466 443 1523 508 rel

342 575 472 660 utrique
495 577 596 643 tricas
620 577 818 642 interserere
840 576 882 642 ad
905 575 1138 663 impediendam
1169 575 1234 639 litis
1256 573 1398 639 celerem
1419 591 1525 656 expe·

346 699 509 768 ditionem.
535 702 597 769 Sed
628 704 784 789 abrogata
808 704 976 768 Iustiniani
997 703 1082 788 lege,
1101 701 1258 786 quomodo
1281 701 1396 766 evitari
1420 699 1527 783 potuit.

345 825 495 910 scopulus
518 845 560 891 ne
583 846 666 911 pene
689 827 899 892 immortales
920 828 1042 912 fierent
1064 821 1164 892 lites?

430 949 508 1016 312.
533 950 748 1037 Cumprimis
777 951 968 1016 adveniatur
995 952 1067 1016 iure
1089 948 1305 1015 Decretalium
1326 967 1393 1012 non
1422 947 1524 1012 aliam

341 1068 545 1138 substitutam
569 1072 667 1137 inisse
689 1074 794 1157 legem
811 1073 937 1140 directe
952 1072 1183 1140 decernentem
1205 1072 1377 1136 instantiae
1395 1089 1520 1155 perem-

343 1199 502 1282 ptionem;
525 1200 732 1284 quamobrem
749 1199 904 1266 concordi
926 1201 1088 1265 sententia
1103 1201 1377 1266 commentatores
1402 1195 1522 1261 docent

342 1320 461 1386 exinde
484 1323 653 1388 instantias
683 1324 754 1386 iure
785 1341 858 1386 can.
887 1323 1029 1387 erasisse
1047 1327 1244 1405 perpetuas,
1268 1326 1304 1386 ut
1332 1319 1448 1384 ridere
1471 1323 1521 1384 est

342 1444 428 1530 apud
464 1443 559 1510 Reiff.
583 1446 632 1512 De
665 1445 735 1512 iud.
759 1467 794 1512 n.
819 1445 872 1526 31,
892 1445 1184 1531 Schmalzgrueber
1205 1445 1257 1510 De
1285 1443 1367 1522 iud,
1390 1461 1426 1506 u.
1459 1441 1518 1512 82.

343 1568 503 1635 Gonzalez
527 1569 560 1635 in
584 1589 704 1636 cortem.
729 1571 766 1635 in
789 1588 864 1653 cap.
888 1570 921 1642 7,
945 1569 996 1635 De
1018 1571 1074 1653 off.
1097 1574 1131 1634 et
1147 1574 1218 1652 pot.
1234 1567 1257 1632 i.
1280 1567 1326 1641 d,
1350 1573 1382 1632 et
1398 1563 1523 1630 Barba

340 1715 410 1761 sam
426 1697 459 1760 in
476 1715 550 1779 cap.
566 1696 627 1768 20,
645 1696 694 1762 De
716 1695 799 1769 iud..
817 1717 851 1762 n.
868 1696 898 1769 1,
913 1695 950 1760 2.
967 1695 1030 1760 Hic
1052 1695 1166 1760 doctor
1189 1694 1292 1760 refert
1314 1712 1517 1758 communem

338 1821 522 1906 opinionem
539 1825 580 1892 et,
595 1819 678 1905 quod
694 1821 826 1885 maximi
843 1819 995 1907 ponderis
1009 1825 1068 1895 est,
1085 1825 1222 1884 testatur
1234 1818 1274 1882 de
1285 1817 1524 1883 consuetudine

340 1943 404 2008 lori
428 1963 493 2008 non
517 1943 619 2009 solum
644 1945 856 2012 ecclesiastici
879 1944 936 2009 sed
951 1945 1048 2010 etiam
1068 1944 1173 2010 civilis
1194 1944 1358 2026 sequentis
1379 1943 1520 2028 uraugia

337 2069 419 2134 iuris
441 2089 513 2134 can.
531 2104 575 2118 -
592 2067 783 2135 Canonistae
806 2070 954 2134 nituntur
976 2071 1074 2134 etiam
1098 2087 1173 2151 cap.
1197 2068 1231 2140 5.
1255 2067 1306 2132 De
1328 2067 1365 2131 ia
1391 2066 1515 2152 iateqr.

339 2197 418 2260 rest
443 2193 485 2265 Χ,
510 2193 549 2272 (Ι,
575 2193 631 2276 40)
655 2199 687 2258 et
710 2212 784 2276 cap.
808 2192 861 2274 tr,
883 2193 934 2258 De
952 2194 1054 2276 pria,
1078 2192 1113 2257 X
1133 2190 1188 2276 (V,
1213 2193 1279 2278 33).

427 2318 554 2384 Verum
578 2319 711 2391 Giraldi,
735 2320 864 2403 Eapas.
889 2321 983 2385 Iuris
1004 2319 1113 2391 Parit..
1130 2318 1170 2382 P.
1195 2320 1223 2390 Ι,
1247 2317 1334 2392 223,
1358 2337 1453 2403 quem
1468 2338 1516 2382 se·

338 2449 482 2528 quantur
505 2445 545 2510 al.
571 2445 617 2510 De
640 2446 784 2530 Angelis,
808 2446 972 2512 Praelect.
997 2445 1048 2511 De
1070 2445 1152 2526 iud,
1173 2465 1207 2509 u.
1232 2445 1267 2515 5,
1292 2447 1334 2510 et.
1358 2443 1400 2509 cl.
1424 2443 1512 2509 Santi

334 2569 454 2636 eodem
478 2570 535 2652 tit,
558 2590 593 2635 a.
618 2571 642 2636 5
665 2591 725 2654 sq..
751 2571 863 2644 refert,
888 2572 1055 2636 instantias
1078 2569 1150 2634 faro
1174 2569 1253 2634 eccl.
1278 2568 1415 2654 intelligi
1443 2589 1513 2654 per-

338 2699 451 2778 petuas
475 2714 540 2760 uon
556 2713 656 2761 sensu
675 2696 831 2778 proprio,
848 2694 904 2760 sed
927 2715 1029 2762 seusu
1042 2695 1138 2768 iuris,
1151 2695 1302 2760 nimirum
1326 2692 1387 2757 has
1410 2695 1511 2778 spatio

334 2816 473 2902 triginta
504 2837 662 2883 annorum
694 2820 819 2905 perimi,
844 2839 886 2885 ex
909 2821 931 2884 t.
956 2819 990 2894 3,
1018 2817 1097 2886 Cod.
1120 2819 1170 2884 De
1195 2836 1351 2900 praescr.
1380 2815 1432 2882 30
1461 2818 1516 2882 rel

331 2945 386 3010 40
415 2963 507 3019 aaa„
540 2962 603 3028 qua
633 2941 786 3007 edicitur:
818 2943 929 3009 «Sed
960 2944 989 3009 si
1020 2961 1090 3027 qua
1119 2961 1176 3008 res
1205 2943 1257 3009 aet
1286 2941 1341 3007 ius
1370 2941 1513 3025 aliquod

327 3069 522 3152 postuletur
543 3067 595 3132 cel
614 3085 765 3148 persona
788 3066 1030 3151 qualicumque
1051 3065 1183 3132 actione
1204 3066 1257 3130 ael
1274 3064 1513 3148 persecutione

329 3191 497 3276 pulsetur,
511 3188 733 3255 nihilominus
754 3189 820 3255 aa
841 3188 955 3275 aperti
978 3188 1120 3274 triqima
1142 3206 1315 3254 annorum
1341 3188 1511 3271 praescri·

330 3492 379 3542 tus
397 3487 551 3541 auctoritas
570 3486 658 3540 evasit
673 3496 823 3556 perpetua,
844 3486 929 3540 etiam
954 3485 1107 3539 instantiae
1122 3496 1278 3556 perpetuae
1296 3485 1410 3542 habilae
1429 3492 1511 3549 sunt;

329 3595 359 3646 et
378 3591 478 3646 exinde
497 3591 566 3647 lex·
577 3593 792 3661 Propemodum
804 3619 818 3631 ·
832 3589 977 3644 Iustiniani
996 3591 1121 3644 occurrit
1139 3591 1319 3644 incommodis
1336 3593 1510 3646 scatentibus

328 3715 363 3754 ex
383 3699 525 3768 perpetuis
544 3699 695 3752 instantiis.
713 3727 751 3740 -
769 3699 856 3753 Hodie
875 3698 904 3753 in
923 3699 1064 3753 codicibus
1079 3701 1236 3770 peremptio
1256 3699 1455 3754 instantiarum
1467 3719 1511 3755 sc-

326 3803 395 3859 dulo
413 3805 625 3869 determinatur,
644 3806 685 3858 uti
705 3803 733 3858 iu
753 3805 813 3859 cod.
833 3804 937 3873 gallico
953 3823 1032 3876 proc.
1052 3809 1112 3871 cia,
1131 3810 1183 3860 art.
1203 3805 1265 3873 399,
1283 3805 1314 3860 in
1332 3805 1391 3860 cod.
1412 3806 1512 3862 italica

325 3931 404 3986 proc.
424 3914 486 3974 cia,
506 3917 558 3966 art.
582 3913 643 3966 340.
663 3913 745 3968 Hisce
773 3913 883 3983 legibus
908 3928 962 3966 non
988 3913 1198 3980 determinatur,
1211 3913 1333 3984 quandia
1355 3914 1509 3970 instantiae

326 4014 428 4070 durare
456 4017 584 4082 debeant,
606 4022 637 4071 ut
655 4017 742 4086 gessit
760 4017 937 4084 lastinianus,
956 4017 1004 4071 sed
1029 4020 1188 4086 peremptio
1207 4017 1368 4083 incurritur,
1380 4019 1406 4072 si
1430 4023 1512 4073 certo

326 4123 453 4190 ternpore
472 4123 623 4177 instantiae
643 4123 814 4193 interruptae
832 4129 972 4178 maneant.
992 4125 1023 4178 ln
1042 4123 1136 4179 codice
1155 4125 1242 4178 citato
1260 4123 1445 4194 Gregoriano·
1457 4142 1507 4195 ge·

265 4209 267 4214 ¹
326 4223 425 4280 nerale
445 4226 604 4280 institutum
620 4230 820 4299 peremptionis
847 4244 903 4283 nou
931 4227 1063 4297 habetur,
1081 4229 1130 4285 sed
1157 4230 1344 4285 decernuntur
1369 4231 1509 4302 speciales

325 4347 407 4384 casus
426 4331 637 4400 peremptionis.
657 4333 698 4386 ct.
717 4337 754 4398 ἐξ
769 4333 1039 4401 924,1020,1063,
1055 4336 1144 4388 1385.
1159 4334 1250 4396 Quare
1263 4335 1310 4389 hie
1322 4335 1382 4390 cod.
1402 4335 1506 4390 institit

324 4437 455 4507 vestigiis
473 4439 567 4508 praxis
585 4441 701 4494 lorensis
720 4441 878 4496 canonicae.
