3350 5117
319 317 381 383 186
851 332 934 380 enas
959 333 982 378 1.

315 460 483 534 notorias,
509 461 694 533 actuarius,
720 460 956 540 concellarius,
979 458 1193 531 secretarius,
1216 457 1428 537 scriniarius,
1450 461 1498 520 ta-

316 582 413 647 bellio
423 602 436 664 ,·
460 587 493 647 et
518 602 641 667 reapse,
658 582 741 668 apud
761 583 907 648 diversas
922 581 1039 663 curias,
1056 581 1205 647 diversae
1224 582 1337 666 rigent
1358 579 1497 665 appella·

316 709 420 774 tiones
434 708 528 773 huius
541 707 646 773 officii.
660 711 703 773 At
716 710 928 773 communiter
940 710 1120 794 appellatur
1135 708 1311 774 actuarias
1323 707 1375 771 rel
1391 705 1497 791 erupi-

315 836 385 895 ster
399 838 554 897 coeloram
573 834 624 917 qui
642 833 814 918 deputatur
829 833 869 897 ad
887 832 1325 906 exa1·andaaclaiudiciolia;
1342 830 1499 897 neoterius

317 958 370 1055 qui
386 962 467 1021 acta
483 960 587 1042 potius
603 960 883 1025 eatroiadieiolio
899 958 1055 1036 excribit;
1071 960 1296 1026 concellarius
1314 977 1393 1022 vero
1417 957 1500 1021 solet

318 1084 362 1147 ita
386 1082 504 1147 curiae
528 1104 599 1148 esse
622 1084 777 1157 addictus,
803 1091 836 1149 ut
861 1088 930 1149 eius
954 1092 1027 1151 acta
1049 1084 1225 1151 iudiciolio
1252 1090 1284 1151 et
1307 1084 1499 1150 cartraiudi-

318 1206 421 1271 ciolio
446 1210 573 1292 scriptis
599 1209 733 1275 referat.
759 1208 889 1275 Alicuhi
913 1210 1008 1274 etiam
1033 1209 1244 1275 Secretorius
1273 1208 1337 1271 hoc
1364 1225 1502 1270 munero¹

318 1330 433 1415 pollet;
459 1334 588 1396 nomina
603 1353 682 1396 vero
699 1333 874 1397 seriniarii
889 1332 942 1399 vel
959 1332 1148 1398 tabellionis
1169 1339 1244 1397 sunt
1263 1332 1438 1415 antiquata.
1454 1366 1500 1375 -

319 1452 380 1527 Qui
405 1453 482 1517 olim
506 1453 710 1523 scriniarius
734 1453 914 1521 vocabatur
937 1454 977 1518 ab
1001 1452 1106 1518 officio
1121 1452 1318 1519 custodiendi
1335 1452 1502 1518 scrinium

319 1578 369 1642 vel
395 1578 597 1650 orebieium,
622 1578 718 1643 hodie
743 1580 929 1645 oreliioioto
953 1600 1009 1644 seu
1029 1579 1262 1662 protocollisto
1286 1579 1368 1641 solet
1389 1577 1502 1662 appel-

318 1703 390 1767 lari.
409 1739 451 1750 -
470 1702 592 1769 Omnes
615 1711 727 1789 partes
751 1706 846 1769 huius
869 1702 975 1770 officii.
993 1704 1144 1767 nimirum
1160 1702 1319 1767 scribendi
1337 1707 1411 1769 acta
1432 1706 1502 1765 tum

320 1825 480 1889 iudicialia
504 1832 570 1889 tum
596 1826 864 1907 extraiudicialia‚
881 1845 983 1910 eaque
999 1826 1196 1891 custodiendi
1221 1826 1254 1889 in
1276 1825 1424 1889 archivio
1448 1845 1502 1888 so·

319 1950 387 2015 lent
410 1950 504 2015 hodie
530 1952 685 2016 committi
714 1948 925 2017 Conceltorio
949 1951 1075 2017 euriae.

411 2078 483 2147 Nos,
510 2078 543 2139 in
567 2078 835 2161 praesentiarum,
861 2078 935 2161 quia
958 2078 1083 2162 agimus
1113 2078 1309 2161 potissimum
1333 2076 1373 2139 de
1396 2073 1505 2139 officio

320 2204 481 2270 scribendi
513 2209 586 2268 aeta
618 2204 654 2267 ad
689 2204 849 2290 publicam
883 2202 978 2269 fidem
1002 2203 1122 2269 eisdem
1145 2204 1383 2275 adstruendam,
1409 2208 1442 2268 et
1469 2206 1503 2267 in

321 2333 412 2397 curia
436 2330 515 2395 ecel.
533 2332 583 2414 qui
605 2332 777 2415 deputatur
800 2330 841 2395 ad
862 2338 935 2395 acta
951 2330 1150 2395 excribenda
1164 2330 1334 2409 iudicialis,
1351 2334 1508 2394 censetur

321 2456 491 2541 deputatus
520 2458 617 2520 etiam
642 2455 780 2520 adacta
812 2454 979 2520 exaranda
1008 2456 1265 2521 extraiudicialia
1288 2455 1342 2539 (cs.
1368 2475 1505 2540 respon-

320 2581 442 2643 sionem
470 2580 503 2644 S.
524 2580 557 2645 0.
575 2581 644 2645 ΕΕ
670 2584 703 2645 et
718 2579 791 2644 aa.
816 2579 884 2645 diei
907 2580 944 2643 11
966 2580 1065 2645 Febr.
1082 2580 1198 2664 1806),
1223 2579 1311 2645 hunc
1334 2577 1504 2643 officialem

322 2704 520 2789 appellamus
552 2704 726 2769 notorium
759 2708 791 2767 et
822 2704 862 2767 de
894 2723 949 2783 eo,
982 2704 1148 2788 generice,
1180 2704 1374 2768 instituimus
1404 2720 1504 2785 quae-

322 2828 441 2891 stiones
466 2824 521 2907 (l).

415 2952 490 3015 154.
517 2952 627 3015 Primo
652 2970 857 3034 quaeramus,
875 2952 1004 3034 quinam
1035 2953 1134 3035 possit
1164 2952 1307 3014 notarios
1338 2949 1506 3036 deputare.

325 3078 423 3161 Papa,
449 3096 512 3159 qua
533 3076 693 3160 Princeps
718 3042 1058 3161 supremum-rimarios
1082 3076 1507 3169 constituitffluniwso

320 3184 402 3265 orbe
419 3202 595 3275 catholiam
622 3202 663 3266 de
681 3202 759 3267 iare
774 3221 854 3268 cero
872 3202 1045 3267 communi
1060 3204 1179 3267 saltem
1195 3200 1506 3279 consuetudinario,

323 3318 522 3411 Episcopus
543 3346 611 3408 pro
636 3344 700 3390 sua
724 3325 876 3429 ‘li‘lQSi’
904 3324 1080 3391 notoriam
1111 3326 1311 3391 constituere
1334 3325 1423 3389 votet
1446 3324 1507 3405 (2).

325 3454 459 3536 inquam
483 3454 525 3517 cte
550 3454 625 3517 iure
649 3454 768 3517 saltem
793 3451 1101 3524 consuetudinario,
1127 3454 1202 3536 quia
1228 3452 1262 3515 in
1285 3452 1358 3515 iure
1380 3449 1509 3532 scripto

325 3582 364 3647 de
389 3582 452 3646 hac
475 3586 633 3665 potestate
656 3599 697 3643 ne
721 3580 855 3643 verbum
882 3579 1021 3663 quidem.
1050 3618 1090 3629 —
1115 3582 1264 3654 Aliunde,
1290 3588 1402 3646 notant
1424 3603 1510 3646 cmu-

325 3703 467 3768 muoiter
492 3704 647 3766 Doctores
671 3702 725 3785 (ef.
751 3702 950 3787 Fagnanum
976 3702 1013 3767 in
1037 3721 1111 3786 cop.
1137 3701 1234 3769 Siout
1255 3710 1293 3769 te.
1318 3702 1372 3769 Ne
1395 3704 1511 3769 cleriei

413 3914 452 3983 (l)
473 3913 540 3966 ltem
560 3912 586 3964 S.
601 3913 686 3981 Cong.
701 3912 819 3966 Concilii
839 3911 944 3981 pluries
960 3912 1118 3966 declaravit
1131 3913 1297 3981 Episcopum
1316 3913 1515 3968 constituendo

324 4023 528 4077 cancellarium
547 4022 635 4075 eidem
662 4024 831 4075 notariorum
860 4021 996 4090 implicite
1015 4023 1155 4075 conterre:
1174 4022 1208 4074 cf.
1228 4019 1384 4087 patrocini,
1403 4039 1447 4091 op.
1468 4024 1513 4075 cit.

327 4145 351 4180 v.
372 4128 515 4181 Notarius.
541 4130 614 4180 Toni.
636 4128 680 4191 lt,
700 4146 725 4180 a.
748 4128 768 4179 1.

414 4238 454 4307 (2)
470 4236 521 4289 Sed
535 4236 686 4304 Episcopus
700 4234 775 4289 ualet
794 4236 934 4289 notarium
948 4253 996 4290 seu
1010 4235 1207 4291 cancellarium
1218 4237 1388 4290 constituere
1402 4241 1513 4290 tantum

332 4358 380 4412 pro
399 4343 565 4396 necessitate
585 4358 651 4394 suae
672 4340 774 4395 curiae.
795 4340 932 4409 Supremo
951 4341 1073 4410 Principi
1094 4342 1136 4395 lus
1155 4346 1314 4396 resematur
1331 4342 1443 4395 creandi
1464 4360 1515 4396 no·

331 4448 417 4501 tarios
436 4448 538 4517 absque
559 4447 648 4501 limite
667 4448 779 4501 ratimari
797 4452 825 4501 et
844 4448 1024 4501 auctoritatis.
1044 4447 1084 4500 cf.
1104 4446 1260 4512 Pallottini,
1279 4448 1297 4501 t.
1318 4466 1340 4503 o.
1359 4465 1386 4501 n.
1405 4447 1456 4498 22.
