3350 5117
516 360 558 406 nr
582 360 721 407 rumoris
744 360 1010 409 scoresmsrrcrs
1288 342 1352 409 133

166 478 220 545 De
247 480 324 546 nile.
349 482 472 547 aliems.
496 482 619 567 mana,-
642 484 865 569 procuratoris
894 503 974 567 pero
1005 482 1144 549 officium
1175 484 1276 571 magis
1300 486 1346 549 uti

161 603 353 693 Qum,
375 604 448 695 Q
465 612 496 671 et
519 626 723 704 onerosam-5
747 610 768 673 l.
785 608 891 694 siquis
914 606 963 674 34
990 606 1023 673 0.
1045 608 1094 672 De
1116 607 1292 674 decuriae.

259 729 293 815 2)
318 729 475 796 Advocati
491 700 656 803 ordinem,
674 733 855 819 colleqiam
870 732 916 817 (l)
932 737 1084 819 tapetam
1100 734 1348 806 constituerunt

162 850 190 915 l.
215 850 249 925 8,
277 850 312 917 C.
336 852 386 917 De
405 854 612 936 postulando
636 858 667 919 ct
691 854 725 919 ll.
749 852 782 927 3,
808 854 842 927 5,
860 854 892 928 7,
914 854 948 921 G.
967 852 1019 919 De
1041 854 1118 919 adu.
1143 854 1210 921 div.
1234 854 1349 929 iudica

162 980 202 1039 et
225 976 329 1058 quoad
353 976 634 1063 adimplemenlum
658 980 781 1079 proprii
812 976 910 1045 oflicii
941 980 1132 1065 particulari
1159 979 1351 1065 disciplinae

164 1099 432 1175 subiiciebantur,
458 1104 477 1167 l.
504 1104 535 1177 9,
563 1104 596 1169 C.
622 1104 672 1169 De
695 1105 771 1170 adn.
804 1106 870 1171 clio.
900 1104 1002 1171 iudic.
1031 1105 1093 1173 Sed
1123 1105 1207 1171 haec
1230 1111 1350 1173 statuta

161 1228 245 1287 sunt
268 1230 339 1309 post
361 1225 595 1291 Diocletianum
618 1246 675 1292 seu
699 1233 770 1312 post
800 1229 965 1295 interitum
994 1228 1137 1313 epochae
1164 1229 1244 1293 iuris
1268 1228 1350 1295 clas·

162 1348 257 1412 sicae
280 1354 312 1413 ct
335 1350 475 1415 maxime
497 1350 622 1437 legibus
646 1352 861 1419 Iustinianeis.
886 1355 993 1419 Antea
1022 1355 1108 1418 enim
1135 1353 1266 1439 patroni
1287 1374 1345 1419 seu

162 1476 307 1539 oratoris
323 1495 439 1541 munus
454 1482 525 1542 erat
540 1478 670 1543 omnino
686 1480 861 1564 gratuitum
877 1483 912 1545 et
928 1478 1147 1551 honorarium.
1164 1479 1347 1546 abhorrens

162 1601 325 1681 equoris
348 1600 467 1666 salario
490 1606 547 1665 aut
567 1600 660 1681 dono,
685 1602 730 1667 uti
756 1602 927 1667 innuimus.

257 1722 290 1807 3)
314 1723 419 1798 Quum
451 1720 599 1791 effectum
629 1727 670 1791 sit
693 1725 854 1811 publicum
880 1726 1111 1791 advocatorum
1142 1722 1282 1790 officium
1305 1726 1340 1790 in

162 1849 315 1915 ordinem
330 1850 569 1923 advocatorum,
584 1854 604 1915 ii
619 1857 743 1917 tantum
758 1854 896 1938 cooptati
913 1857 996 1925 sunt,
1010 1854 1063 1935 qui
1076 1854 1229 1937 propriae
1246 1853 1349 1917 scieu-

166 1976 233 2041 tiae
245 1980 278 2042 et
290 1976 472 2043 idoneitatis
488 1979 744 2061 experimentum
761 1978 923 2049 fecissent,
940 1983 975 2041 ut
990 1976 1135 2041 deceruit
1149 1976 1347 2041 lastinianus

166 2101 200 2162 in
225 2098 436 2164 Praefatione
458 2100 496 2164 ad
516 2098 706 2164 Pandantes.
723 2134 768 2147 —-
784 2099 835 2164 Ex
858 2099 926 2164 istis
956 2100 1010 2183 qui
1037 2099 1143 2164 iurati
1168 2098 1222 2163 vel
1247 2100 1349 2165 colle-

163 2222 274 2308 piules
287 2222 363 2287 dicti
376 2229 458 2295 sunt,
476 2222 621 2288 nonnulli
637 2221 879 2287 destinabantur
894 2221 934 2288 ad
947 2226 1053 2287 certas
1068 2220 1204 2287 tuendas
1221 2240 1344 2295 causas,

166 2348 267 2411 veluti
287 2366 486 2429 pauperum
508 2352 565 2411 ant
587 2346 832 2413 mismabttiam
856 2366 1079 2431 personarum.

261 2472 334 2537 104.
355 2472 589 2553 &aquatores
605 2492 739 2555 quoque
752 2472 943 2559 praesertim
960 2470 1064 2553 media
1077 2474 1195 2553 potate.
1213 2471 1348 2557 propria

165 2596 407 2670 constituerunt
418 2596 562 2681 collegia,
578 2595 618 2660 ad
639 2615 720 2679 qnae
744 2597 876 2680 praevio
891 2598 1113 2681 experimento
1136 2592 1349 2662 admitteban-

166 2722 230 2789 tur,
244 2726 277 2783 et
292 2717 464 2801 aliquando
487 2720 583 2783 etiam
603 2723 832 2803 procuratores
849 2720 992 2782 inunum
1009 2718 1180 2802 collegium
1197 2737 1270 2782 cnm
1292 2716 1349 2781 ad-

164 2844 291 2906 vocatis
314 2841 514 2907 coaluerunt.
529 2842 618 2908 Unde
635 2844 857 2927 procuratoris
865 2862 983 2922 ,munus
998 2842 1116 2926 passim
1132 2839 1274 2906 habitum
1292 2846 1341 2907 eet

166 2970 212 3033 uti
232 2967 411 3051 publicum
435 2966 584 3041 officium,
602 2968 659 3035 sed
682 2989 740 3053 pro
764 2969 901 3033 diversis
924 2970 1092 3053 regionum
1114 2970 1257 3034 moribus
1281 2969 1344 3034 hoc

162 3092 383 3157 diversimode
407 3094 612 3160 constitutum
635 3094 696 3157 fuit
719 3092 777 3177 (2).
801 3092 853 3159 Ita
880 3091 985 3158 adhuc
1016 3094 1135 3158 nostris
1167 3091 1288 3173 diebus,
1312 3098 1349 3157 ut

258 3305 299 3375 (1)
325 3306 423 3376 Tepula*
439 3303 506 3359 dicti
525 3310 590 3360 sunt
608 3323 640 3361 eo
659 3306 725 3376 quia
745 3316 808 3375 loqu
828 3310 981 3361 uterentur.
1000 3304 1078 3374 Toga
1098 3306 1165 3359 olim
1185 3306 1240 3358 snit
1261 3305 1349 3359 vestis

168 3410 358 3465 Romanorum
379 3411 577 3481 prop1·ia‚quos
598 3410 731 3479 Virgilius
750 3410 852 3479 (1-233)
873 3410 1041 3479 appellabat:
1063 3412 1233 3465 «Romanos
1249 3429 1349 3466 rerum

163 3521 296 3573 dominos
306 3528 471 3589 peucemque
484 3528 613 3591 tapetam.
624 3536 639 3570 »
651 3518 728 3587 Toga
740 3517 829 3571 adhuc
840 3517 988 3571 advocatos
1001 3518 1149 3587 distinguit
1160 3524 1190 3573 et
1203 3519 1348 3573 honestat.

257 3626 298 3693 (2)
318 3624 385 3677 Tria
403 3624 576 3693 potissimum
596 3623 773 3678 invaluerunt
785 3628 1029 3694 systemata,quae
1041 3623 1249 3679 distinctionem
1269 3641 1350 3694 prae·

164 3731 290 3784 etituunt
310 3730 455 3799 utriusque
473 3730 564 3795 officii,
583 3728 629 3783 sed
654 3745 710 3783 non
734 3729 903 3783 conveniunt
927 3746 962 3781 an
987 3746 1058 3782 unius
1082 3728 1209 3799 idemque
1235 3730 1347 3800 utrique

164 3939 240 3991 cium
255 3954 341 4007 agere
355 3938 449 4007 possit.
459 3966 493 3978 —
504 3938 613 3993 Revera
629 3938 746 4008 primum
760 3942 883 4009 systema
896 3938 1050 4003 constituit,
1063 3938 1190 3991 advocati
1206 3942 1234 3991 et
1249 3954 1347 4007 procn-

167 4046 270 4098 ratoris
289 4061 390 4097 munus
408 4044 436 4096 in
455 4043 550 4099 eadem
572 4060 688 4112 persona
706 4042 851 4097 conciliari
869 4058 923 4095 non
943 4059 1030 4113 posse.
1050 4042 1204 4096 Secundum
1223 4047 1349 4112 systema

167 4148 254 4215 iubet,
274 4166 360 4202 unum
379 4148 500 4202 officium
519 4150 554 4202 ab
573 4148 629 4202 alio
649 4164 703 4201 non
722 4148 854 4217 separari,
873 4147 919 4203 sed
940 4164 1023 4201 unum
1037 4148 1097 4202 sine
1117 4147 1174 4200 alio
1194 4164 1249 4201 non
1268 4164 1348 4217 posse

166 4258 304 4311 exerceri.
317 4257 445 4311 Tertium
463 4262 587 4327 systema
605 4256 723 4311 mediam
743 4256 806 4309 iniit
824 4257 913 4321 viam3
932 4257 1032 4311 statuit
1044 4256 1119 4311 enim
1135 4255 1288 4309 officiorum
1306 4255 1349 4309 di·

166 4361 347 4417 stinctionem
367 4365 396 4415 et
414 4378 499 4415 unum
518 4360 563 4416 vel
582 4360 657 4415 aliud
676 4361 800 4416 exerceri
813 4377 893 4430 posse
912 4360 1074 4425 distinctim,
1086 4360 1134 4415 sed
1147 4374 1202 4413 non
1217 4359 1348 4428 prohibet

166 4465 315 4533 quominus
336 4480 406 4518 unus
425 4464 551 4535 idemque
576 4470 724 4535 utrumque
743 4468 810 4533 agat
829 4481 929 4517 munus
947 4464 976 4516 in
996 4462 1107 4516 indicio.
1125 4490 1162 4505 -
1181 4460 1273 4516 Codex
1293 4462 1349 4514 ita·
