3350 5117
516 309 561 356 Da
585 309 724 358 molens
748 310 1013 358 ECCLESIASTIGIS
1288 289 1355 355 643

179 432 349 499 indo'ooioe
364 433 491 516 quando
506 433 605 498 vellet
622 434 726 498 denuo
742 433 917 498 instaurari
941 432 981 498 lis
997 432 1089 498 oiroo
1111 433 1265 498 eamdem
1280 451 1354 498 rem

178 556 220 623 ob
237 557 392 623 eamdem
413 558 551 639 petendi
566 577 716 638 oensem,
734 563 764 622 ei
778 557 915 624 eosdem
932 575 1099 640 personas
1114 555 1258 623 inridioe
1274 576 1353 623 oon-

179 677 355 743 sideroios.
379 679 457 743 Dico
475 699 493 741 ‹
509 679 654 746 invidiae
684 679 951 747 consideratos»
985 680 1058 763 quia
1081 699 1145 744 non
1170 684 1219 745 est
1241 678 1353 744 eadem

179 820 316 885 persona
340 801 486 882 iuridica
510 822 592 886 quae
614 809 710 867 antea
732 804 971 887 procuratorio
996 805 1135 883 nomine,
1160 808 1270 888 postea
1291 824 1352 871 ono

178 925 315 991 nornine
337 922 376 988 de
401 923 511 989 eadem
535 946 573 990 ro
595 927 663 1010 agii
678 926 733 1012 (l).

261 3367 300 3434 (i)
320 3365 415 3427 Quoad
439 3364 684 3435 iurisprudentiam
710 3363 736 3418 S.
755 3363 842 3434 cong.
862 3363 980 3419 concilii
1005 3364 1034 3419 in
1059 3363 1236 3436 quaestiones
1259 3364 1348 3434 respi-

168 3474 278 3527 cientes
297 3487 355 3528 rem
374 3471 525 3524 iudicatam
544 3475 573 3525 et
592 3487 704 3525 causam
723 3469 921 3540 appellationis
946 3470 1041 3541 plures
1065 3469 1223 3528 decisiones,
1240 3468 1348 3524 utiliter

141 3565 146 3572 ¹
170 3580 352 3633 conferuntur
377 3577 449 3647 apud
475 3575 622 3639 Pallottini
644 3576 693 3647 Op.
714 3577 757 3630 cit.
778 3575 812 3629 ad
832 3576 958 3630 rubricae
976 3581 993 3641 ἓ
1014 3577 1037 3643 1,
1056 3577 1219 3648 Appellatio
1237 3573 1353 3646 qnondo'

166 3689 343 3742 admittenda
360 3687 408 3741 vel
425 3703 489 3754 non,
509 3691 527 3751 ἓ
545 3688 574 3752 2,
591 3686 754 3756 Appellatio
773 3686 935 3739 devolutioo
953 3685 1000 3739 ool
1018 3685 1189 3755 suspensivo,
1207 3687 1225 3750 ἓ
1244 3685 1273 3750 3,
1288 3685 1347 3755 Ap*

164 3792 288 3863 pellatio
301 3791 393 3860 quood
405 3790 658 3860 interpretationes.
677 3791 752 3842 Tom.
766 3787 803 3840 II
805 3806 814 3852 ,·
831 3787 865 3841 ad
880 3789 970 3852 rub.§
989 3789 1019 3850 3,
1032 3789 1174 3842 Attentota
1191 3791 1301 3858 quondo
1321 3797 1348 3842 et

165 3899 308 3967 quomodo
326 3897 459 3950 dicantur
478 3898 631 3951 commisso.
656 3897 731 3949 Tom.
752 3894 798 3962 II,-
816 3896 886 3950 item
911 3895 944 3948 ad
970 3897 1030 3950 rub.
1050 3895 1348 3965 2366661)νοοω-

164 4018 233 4065 ons,
254 4003 397 4056 sententio.
422 4001 538 4075 Literae
563 4000 812 4070 componendas,
837 4001 1060 4065 remissoriaiea,
1087 3999 1345 4056 conservator-iales.

173 4107 252 4160 Tem.
278 4106 353 4173 XII,¹
374 4105 431 4160 Pro
455 4107 658 4160 recentioribus
681 4106 883 4171 decisionibus,
906 4106 940 4159 ef.
960 4107 1030 4160 Acta
1057 4108 1083 4159 S.
1105 4107 1192 4160 Sedis.
1215 4105 1274 4159 Vol.
1294 4103 1311 4156 1
1318 4105 1346 4170 V,

161 4232 195 4285 p.
216 4215 291 4267 373.
311 4215 370 4268 Vol.
392 4215 438 4279 VI,
451 4214 524 4266 526.
546 4214 604 4268 Vol.
624 4214 686 4280 VII,
698 4214 771 4280 398,
789 4215 811 4266 5
817 4213 869 4266 75.
890 4214 949 4268 Vol.
969 4213 1046 4282 VIII,
1067 4215 1135 4267 613.
1157 4214 1214 4267 Vol.
1230 4213 1282 4279 XI,
1295 4215 1345 4266 32.

174 4323 235 4376 Vol.
255 4321 325 4389 XII,
340 4323 409 4376 634.
431 4323 489 4375 Vol.
509 4321 590 4388 XIV,
602 4322 671 4374 371.
693 4321 752 4375 Vol.
768 4320 884 4388 XVIII,
896 4322 966 4390 224,
979 4321 1052 4375 369.
1072 4323 1130 4376 Vol.
1147 4321 1215 4387 XX,
1235 4323 1298 4374 515
1317 4324 1346 4375 et

162 4426 202 4480 ef,
218 4425 406 4495 nuperrimam
424 4441 536 4479 eausam
549 4423 729 4479 concordien,
743 4423 916 4478 Remotionis
934 4441 952 4476 o
966 4427 1109 4494 paroecia,
1122 4423 1157 4478 20
1171 4423 1251 4478 Febr.
1268 4421 1345 4478 1897.
