3350 5117
313 276 377 343 162
833 294 918 342 runs
942 297 964 341 1.

308 422 539 505 procuratores
570 437 627 481 seu
657 416 772 483 melius
801 422 971 482 curatores
997 416 1117 502 alege
1148 420 1293 497 statutos,
1313 435 1375 503 per
1405 434 1485 500 quos

308 562 412 629 apere
424 549 456 608 et
471 542 677 626 respondere
692 541 819 609 debent.
836 576 881 591 -—
895 542 1032 615 Verum,
1049 541 1165 607 horum
1181 540 1358 607 accedente
1373 546 1485 607 aucto·

308 668 421 740 ritate,
444 667 589 753 legitime
612 664 671 733 sibi
693 667 728 732 hi
755 687 867 732 omnes
897 671 1142 753 procuratorem
1171 665 1213 730 ad
1242 666 1332 731 litem
1366 665 1485 730 consti-

306 797 400 855 tuere
414 791 535 857 valent.
551 823 594 840 -
612 791 788 857 Recolatur
802 790 968 876 dispositio
983 809 1058 873 cup.
1075 790 1109 859 3.
1126 789 1177 855 De
1190 789 1261 855 ind.
1278 795 1316 855 in
1336 790 1359 855 6
1374 790 1429 874 (ll,
1449 787 1482 871 l)

305 911 452 979 tribuens
483 912 702 999 impuberibus
724 913 897 998 specialem
924 917 1131 989 curatorem;
1156 917 1189 977 et
1210 910 1398 993 minoribus
1423 910 1483 975 etsi

306 1034 527 1111 liliisfamilias,
551 1037 685 1102 liberam
717 1036 899 1102 concedens
930 1036 1167 1122 dispositionem
1191 1037 1225 1101 in
1253 1056 1366 1102 causas
1389 1036 1483 1122 spiri-

305 1163 409 1228 tuales
433 1167 465 1227 et
488 1162 705 1248 dependentes
728 1161 768 1227 ab
791 1162 923 1229 eisdem.

394 1285 427 1373 2)
453 1286 617 1375 Ecclesiae
641 1286 763 1377 lquent
789 1289 824 1377 iq
851 1287 1114 1370 administratore
1141 1306 1199 1351 seu
1223 1287 1256 1350 in
1279 1285 1480 1365 rectorele-

303 1411 449 1497 gitimum
472 1416 718 1503 procuratorem
733 1416 800 1477 tum
816 1411 857 1476 ad
872 1410 1033 1497 agendum
1057 1415 1123 1475 tum
1143 1410 1184 1475 ad
1207 1410 1479 1497 respondendum.

304 1532 362 1596 Isti
386 1532 606 1598 Ecclesiarum
630 1554 805 1618 earumque
819 1534 978 1599 bonorum
993 1533 1281 1607 administratores,
1298 1553 1363 1598 non
1387 1553 1483 1599 secus

302 1674 341 1720 ac
364 1655 419 1721 alii
443 1676 555 1721 rerum
578 1656 755 1722 alienarum
778 1656 874 1723 liberi
897 1658 1185 1731 administratores,
1207 1662 1339 1743 possunt
1362 1678 1480 1743 procu·

302 1784 445 1847 ratonem
470 1785 677 1857 constituere,
692 1789 850 1868 quatenus
876 1783 980 1850 libera
1003 1786 1168 1870 potiantur
1191 1783 1480 1850 administratione.

303 1904 465 1989 Siquidem
481 1907 590 1992 plures
607 1904 688 1974 liunt
704 1908 753 1973 vel
770 1904 841 1973 fieri
858 1913 991 1993 possunt
1013 1907 1219 1974 limitationes
1242 1928 1355 1973 eorum
1378 1907 1480 1973 adrni-

303 2032 494 2106 nistrationi‚
508 2038 538 2099 ei
562 2036 595 2098 in
620 2035 689 2099 istis
712 2036 847 2107 casibus,
860 2036 907 2101 uti
934 2034 1081 2121 indigent
1102 2035 1239 2101 alterius
1262 2054 1422 2101 consensu
1444 2038 1482 2099 ut

301 2158 424 2224 saciant
445 2178 506 2245 per
527 2178 572 2233 se,
597 2160 742 2245 indigent
764 2162 866 2243 magis
889 2166 925 2225 ut
946 2180 1006 2246 per
1028 2161 1108 2225 alios
1131 2158 1263 2227 saciant.

391 2278 425 2363 3)
449 2280 727 2346 Excommunicati
750 2280 873 2346 vitandi
896 2280 936 2345 ab
959 2280 1095 2366 agendo,
1112 2281 1225 2345 utiam
1242 2278 1390 2354 vidimus
1406 2300 1480 2365 pro

301 2403 403 2475 bibiti.
429 2410 674 2489 procuratorem
700 2408 897 2471 constituere
920 2424 985 2469 non
1010 2409 1159 2490 possunt;
1176 2408 1310 2489 possunt
1332 2421 1413 2468 vero
1436 2401 1477 2467 ad

300 2525 537 2593 defendendum
560 2528 767 2609 constituere,
787 2528 861 2609 imo,
878 2527 1051 2601 ordinarie,
1068 2528 1161 2592 iuxta
1176 2526 1271 2608 dicta,
1289 2525 1415 2592 debent.
1433 2560 1479 2575 -

300 2651 580 2717 Excommunicati
611 2650 740 2716 tolerati
768 2652 881 2718 valent
907 2650 1007 2719 etad
1039 2649 1199 2738 agendum
1230 2656 1479 2736 procuratorem

300 2774 507 2849 constituere,
532 2775 585 2857 qui
608 2780 716 2839 tamen
738 2776 936 2858 conceptione
958 2775 1074 2859 repelli
1096 2780 1211 2859 potest,
1227 2792 1293 2838 non
1319 2792 1414 2838 secus
1436 2792 1478 2839 ac

300 2893 447 2961 dominus
469 2898 665 2983 principalis.

390 3018 428 3082 ln
452 3038 526 3101 cup.
542 3022 600 3085 ult.
617 3020 668 3085 De
681 3040 778 3103 proc.
795 3022 829 3085 X
843 3018 882 3105 (l,
900 3020 956 3105 38)
972 3018 1008 3087 fit
1030 3022 1174 3103 quaestio
1198 3040 1240 3084 an
1263 3019 1477 3085 communitas

299 3160 356 3205 seu
381 3143 584 3225 universitas,
597 3145 688 3209 cuius
708 3146 856 3219 maiores,
874 3164 1011 3230 quorum
1026 3146 1162 3210 consilio
1178 3146 1313 3230 regitur,
1328 3148 1478 3227 tempore

299 3266 462 3331 constituti
497 3270 735 3353 procuratoris,
766 3272 1108 3336 excommunicationis
1139 3270 1300 3336 sententia
1330 3266 1475 3334 innodati

299 3392 405 3463 erant,
422 3387 527 3453 valide
546 3396 792 3475 procuratorem
808 3393 1022 3458 constituerit.
1036 3430 1082 3440 —
1093 3393 1132 3457 In
1148 3394 1346 3477 propositum
1371 3394 1476 3477 repeti

300 3511 395 3580 debet
409 3515 602 3602 principium
619 3516 682 3581 iam
697 3516 904 3601 explicatum,
921 3536 1037 3603 nempe
1052 3536 1118 3583 non
1134 3517 1278 3603 singulos
1294 3516 1474 3603 religiosos,

299 3639 354 3705 sed
377 3640 605 3727 religiosorum
620 3642 863 3708 universitatem
879 3664 937 3709 seu
952 3648 1146 3710 conventum
1162 3662 1335 3729 personam
1350 3642 1475 3709 habere

299 3867 431 3921 Diversae
459 3869 672 3939 consequentiae
691 3868 763 3923 ratio
782 3870 942 3923 continetur
968 3870 997 3923 in
1017 3872 1036 3923 t.
1058 3870 1123 3924 Non
1143 3872 1293 3936 eominus,
1316 3871 1381 3925 Cod.
1400 3871 1427 3923 lu
1446 3881 1477 3924 t..-

298 3990 314 4025 ‹
329 3974 484 4029 Minoribus
497 3976 571 4030 enim
583 3986 660 4031 aetas
679 3977 708 4031 in
723 3978 833 4031 domnis
851 3978 1008 4045 subuenire,
1021 3994 1078 4031 non
1095 3980 1125 4030 in
1137 3980 1222 4032 rebus
1230 3992 1371 4049 prospere
1387 3978 1477 4047 pestis

299 4084 393 4138 obesse
412 4085 552 4139 consueuit
564 4102 588 4136 a.
602 4082 662 4138 Hoc
678 4084 803 4154 exposcit
815 4086 895 4139 lavor
906 4100 962 4155 quo
980 4083 1082 4138 fruitur
1098 4085 1235 4139 minorum
1248 4087 1340 4147 aetas;
1359 4087 1390 4137 et
1408 4082 1475 4137 buic

297 4189 387 4243 favori
412 4189 542 4244 innititur
569 4190 720 4245 remedium
740 4191 991 4245 extraordinarium
1015 4194 1197 4247 restitutionis
1214 4192 1245 4245 in
1268 4195 1418 4261 inteyrunt
1438 4218 1475 4231 -

297 4296 445 4350 Caeterum
463 4296 584 4352 minores
603 4296 658 4350 iam
684 4297 813 4366 puberes,
835 4313 903 4351 sane
922 4296 1086 4353 contrahere
1105 4298 1200 4353 valent
1219 4302 1248 4352 et
1267 4295 1332 4351 binc
1351 4295 1475 4351 validum

296 4404 368 4460 inire
387 4403 548 4459 mandatum
565 4404 794 4475 procuratorium.
