3350 5117
523 323 567 372 na
590 323 729 373 runicus
754 325 1018 375 accusansrrcrs
1290 311 1352 378 381

180 443 389 528 cognoscitur
412 449 444 508 et
458 442 610 510 definitur
632 465 652 510 a
670 448 802 534 proprio
817 448 981 534 praelato;
1006 449 1049 516 cs.
1066 450 1358 538 Schmalzgrueber

179 570 209 635 lt.
234 575 256 636 t.
279 591 315 637 n.
339 570 415 638 145.

273 823 297 904 5
320 821 351 887 2.
375 822 426 888 De
443 823 690 910 prorogatione
714 825 957 908 <ompotentiae
980 843 1026 890 em
1048 824 1260 892 connexione

668 970 863 1017 comarum.

179 1154 395 1214 summarium.
415 1187 453 1201 -
473 1159 533 1214 344.
560 1159 602 1215 Ex
621 1161 793 1230 praescripto
813 1160 885 1230 legis
907 1162 940 1216 fit
964 1162 1125 1232 prorogatio
1149 1161 1356 1232 competentiae

266 1266 304 1320 ob
323 1267 524 1322 connexionem
543 1283 697 1332 causarum,
712 1267 797 1322 etiam
823 1267 853 1321 in
877 1267 969 1322 iudice
987 1269 1127 1339 delegato.
1146 1296 1180 1309 -
1199 1266 1260 1322 345.
1280 1267 1355 1329 Quo-

266 1372 348 1427 modo
358 1389 458 1428 ceusae
468 1373 600 1428 dicantur·
608 1389 757 1430 connexae.
771 1403 805 1416 -
817 1375 879 1428 346.
894 1375 1059 1445 Explicatur
1072 1376 1233 1445 prorogatio
1242 1389 1356 1443 compe·

267 1479 375 1534 tentiae
393 1479 421 1531 in
435 1479 526 1532 causis
539 1480 682 1534 connexis:
701 1481 724 1546 l)
739 1480 847 1534 ratione
860 1496 1054 1550 personarum
1067 1480 1096 1552 2)
1106 1481 1215 1535 ratione
1228 1481 1355 1547 actionis3

265 1585 294 1656 3)
309 1587 417 1642 ratione
437 1587 477 1641 rei
490 1587 603 1656 petitae.
623 1615 657 1628 -
676 1587 736 1641 347.
757 1586 953 1658 Prorogationi
967 1605 1002 1644 ex
1021 1589 1192 1644 connexione
1208 1606 1355 1644 causarum

266 1698 361 1764 partes
379 1694 543 1749 renunciare
565 1693 669 1750 valent
690 1694 867 1750 Renunciant
889 1713 944 1750 non
969 1700 1141 1766 opponentes
1162 1696 1354 1765 exceptionem

268 1805 326 1858 litis
341 1807 498 1874 pendentia.
518 1805 556 1858 At
574 1821 656 1858 casus
673 1805 854 1859 connexionis
872 1820 1018 1858 causarum
1036 1821 1053 1858 a
1072 1804 1133 1859 iure
1151 1820 1211 1858 can.
1231 1805 1356 1859 laxativo

267 1926 322 1963 non
342 1913 407 1964 sunt
425 1908 612 1970 determinati.
634 1909 664 1962 In
686 1909 769 1963 dubio
789 1909 871 1964 iudex
892 1909 1030 1965 decernet.
1050 1938 1087 1952 -
1102 1909 1162 1963 348.
1182 1909 1354 1978 Prorogatur

267 2018 377 2068 tantum
402 2011 589 2081 competentia
608 2011 794 2066 territorialis.
814 2041 849 2054 -
867 2012 929 2067 349.
949 2011 1098 2074 Quaeritur
1115 2029 1151 2066 an
1170 2012 1290 2067 clericus
1311 2028 1355 2068 re-

266 2119 410 2175 conveniri
429 2119 515 2188 possit
534 2117 605 2187 apud
625 2118 743 2173 iudicem
761 2118 872 2174 laicum.

265 2323 341 2387 344.
361 2319 527 2386 Hactenus
542 2319 664 2403 egimus
681 2317 720 2382 de
743 2323 919 2404 prorogata
939 2318 1154 2404 competentia
1177 2339 1220 2382 ex
1242 2319 1353 2383 volun-

177 2452 242 2512 tate
258 2447 408 2532 partium.
422 2445 465 2509 At
479 2443 665 2530 prorogatio
681 2444 916 2528 competentiae
932 2440 968 2507 fit
983 2444 1077 2508 etiam
1093 2461 1136 2508 ex
1151 2445 1354 2530 praescripto

174 2570 257 2658 legis
280 2569 321 2634 ob
352 2569 586 2634 connexionem
617 2588 674 2632 seu
705 2568 935 2632 continentiam
967 2587 1147 2632 causarum.
1174 2569 1243 2634 Lex
1266 2571 1352 2634 enim

176 2713 240 2759 nou
259 2695 344 2768 sinit,
358 2700 393 2758 ut
416 2712 533 2758 causae
547 2693 634 2758 iuter
656 2712 691 2758 se
715 2712 883 2758 connexae
907 2692 1104 2774 scindantur,
1128 2714 1184 2759 seu
1207 2694 1292 2780 apud
1308 2695 1353 2760 di·

176 2839 289 2884 versos
319 2817 440 2883 iudices
468 2815 670 2883 definiantur.
699 2815 821 2884 Causae
854 2819 938 2882 enim
962 2818 1156 2884 naturaliter
1183 2840 1353 2887 connexae

175 2943 303 3008 facilius
327 2941 544 3028 expediuntur
572 2940 612 3005 ab
636 2960 700 3005 uno
724 2939 837 3021 iudice,
862 2960 919 3006 seu
946 2941 1110 3006 evitantur
1132 2942 1263 3007 inutiles
1286 2944 1353 3008 cir-

174 3070 289 3140 cuitus,
303 3072 336 3132 ot
350 3065 551 3132 definitiones
562 3067 647 3130 inter
663 3085 698 3130 se
709 3085 823 3150 parurn
836 3064 1067 3141 cohaerentes;
1081 3068 1244 3132 evitantur
1256 3069 1353 3132 maio·

174 3214 228 3259 res
241 3211 404 3278 expensae
417 3197 449 3256 et
460 3191 613 3276 temporis
625 3189 798 3274 dispendia.
816 3190 864 3256 cf.
882 3189 902 3253 l.
919 3189 942 3255 l.
961 3190 1044 3254 Nulli
1058 3225 1102 3238 -
1116 3191 1196 3258 Cod.
1214 3192 1257 3258 de
1272 3193 1352 3258 Iud.

173 3317 246 3385 et3
267 3317 371 3402 ffiDe
386 3317 506 3382 iuriscl.
523 3335 612 3382 onon.
629 3315 699 3381 iud.
724 3353 768 3365 -
792 3316 995 3401 Prorogatur
1018 3315 1114 3379 etiam
1137 3321 1278 3400 potestas
1302 3317 1351 3383 iu-

173 3441 254 3507 dicis
277 3439 433 3524 delegati:
457 3457 528 3524 arg.
553 3459 580 3503 c.
606 3459 633 3503 o.
658 3439 701 3502 21
725 3437 774 3504 Dc
797 3437 1027 3523 0111111111(
1047 3438 1091 3518 (l,
1115 3437 1178 3522 29)
1202 3445 1233 3504 et
1253 3438 1278 3504 3
1300 3439 1353 3506 De

172 3566 275 3633 donn
302 3564 391 3630 inter
412 3565 527 3629 virum
551 3572 580 3628 et
604 3582 749 3629 amorem
773 3562 806 3625 X
828 3562 906 3641 (IV,
932 3561 998 3648 19).

264 3689 340 3754 345.
366 3688 445 3752 Illae
470 3699 586 3752 causae
613 3685 762 3751 dicuntur
786 3705 1060 3770 oonnexae‚quae
1084 3687 1169 3750 inter
1192 3707 1227 3750 se
1258 3692 1353 3755 arcto

172 3814 304 3879 vinculo
320 3817 503 3878 fleotomum.
521 3812 616 3876 Ratio
640 3830 718 3876 vero
742 3810 954 3874 connexionis
973 3811 1157 3873 necessario
1173 3811 1352 3896 repetenda

172 3943 223 4003 est
247 3956 290 4002 ex
314 3937 488 4006 elementis,
511 3935 623 4020 quibus
655 3938 804 4000 constant
827 3935 1069 3999 controversiae
1098 3933 1273 4000 iudiciales.
1303 3972 1352 3988 -

171 4061 345 4126 Elementa
367 4060 564 4125 contentioni
588 4058 726 4123 iudiciali
751 4058 935 4122 necessaria
957 4062 1045 4122 sunt:

261 4185 294 4269 a)
313 4203 486 4267 personae
509 4183 735 4271 litigantium

262 4309 295 4394 b)
319 4310 405 4377 actio
429 4329 488 4376 scu
512 4309 626 4375 titulus
649 4307 814 4374 iuridicus
838 4306 922 4390 liiis5

263 4435 294 4520 c)
318 4435 482 4502 obiectum
505 4433 646 4501 actionis
669 4453 728 4500 ceu
750 4453 806 4498 res
829 4451 919 4518 quae
937 4433 1074 4516 petitur.
