3350 5117
297 299 366 366 252
823 319 907 367 rans
932 321 953 366 1.

297 441 331 502 et
353 437 507 503 evolvens
531 439 739 505 Innocentius
762 439 824 513 ΙΙΙ,
841 441 875 504 iu
898 458 972 524 cap.
999 441 1031 516 9,
1049 441 1098 507 De
1117 439 1216 526 prob.
1232 441 1268 507 X
1289 439 1344 525 (II,
1372 439 1425 526 19)
1442 441 1476 505 in

298 560 435 644 quadam
458 581 556 628 causa
578 565 777 650 possessorio
798 565 885 629 inter
908 564 985 629 Eoo.
1003 565 1228 632 Ravennatem
1252 570 1285 632 et
1300 565 1478 633 Commune

298 686 474 752 Faventiae
497 689 588 753 cirea
610 691 843 775 possessionem
868 689 1032 756 cuiusdam
1057 689 1174 777 oppidi,
1199 691 1244 755 ita
1266 693 1477 776 argumente·

296 819 354 880 tur
375 813 409 878 in
432 834 490 879 sua
512 818 681 882 sententia:
701 836 719 879 ‹
736 815 816 884 Cum
845 835 924 902 ergo
948 821 1074 884 constet
1089 817 1260 884 Ferentini
1276 816 1316 883 ab
1340 836 1379 882 eo
1394 821 1477 884 tem·

298 959 378 1025 pore
401 961 464 1024 quo
486 961 521 1006 ae
545 942 724 1029 possedisse
746 943 888 1028 probare
904 943 1101 1009 contendunt
1124 945 1238 1010 minus
1252 945 1337 1010 iuste
1353 947 1386 1008 et
1400 942 1476 1010 sine

298 1063 394 1132 tituto
417 1065 525 1149 aliqua
548 1067 582 1131 in
602 1065 775 1154 praedictis
798 1067 878 1133 locis
898 1067 1081 1134 temeritate
1096 1069 1229 1153 propria
1251 1085 1427 1153 occupasse
1442 1071 1477 1132 et

298 1207 492 1254 oeconomus
515 1190 657 1256 eiusdem
681 1191 848 1257 Ecclesiae
863 1193 995 1278 petierit
1008 1211 1028 1256 a
1043 1193 1075 1255 ri
1092 1191 1255 1259 turbativa
1270 1213 1327 1258 seu
1350 1192 1477 1277 inquie-

297 1312 398 1376 tativa
420 1334 519 1399 super
541 1314 726 1399 praemissis
750 1335 918 1381 commune
942 1315 1077 1382 Favent.
1101 1315 1279 1402 prohiberi,
1303 1336 1363 1382 nos
1386 1335 1476 1381 reno

297 1442 491 1522 gnoscentes
513 1440 547 1502 in
564 1439 627 1504 hoc
642 1457 719 1504 casu
741 1459 807 1502 non
830 1440 878 1504 sie
896 1457 968 1504 esse
990 1439 1095 1504 locum
1113 1437 1285 1505 interdicto
1302 1474 1319 1488 ·
1337 1439 1383 1504 uti
1399 1457 1474 1526 pos-

297 1559 408 1626 sidetis
425 1595 454 1642 -,
476 1567 509 1626 ut
534 1560 644 1628 dicere
667 1561 848 1635 debeamus.
867 1564 947 1626 -uti
972 1561 1138 1647 possidetis
1161 1563 1207 1627 ita
1230 1561 1418 1647 possideatis
1436 1582 1474 1637 -;

298 1702 372 1747 eum
394 1683 601 1769 probationes
617 1685 784 1750 Ecclesiae
805 1684 902 1770 longe
929 1685 992 1750 sint
1014 1685 1157 1770 potiores
1173 1690 1205 1751 et
1219 1685 1290 1750 ideo
1314 1686 1355 1752 sit
1378 1685 1412 1750 in
1427 1687 1476 1750 in·

298 1807 435 1874 terdicto
458 1811 625 1894 superior;
644 1811 820 1876 Commune
836 1811 1012 1877 Fauentiae
1027 1811 1088 1877 sibi
1104 1811 1355 1877 condemnamus
1377 1830 1477 1896 super

298 1930 527 2006 iurisdictione,
553 1939 586 1998 et
608 1933 733 1998 honore
755 1941 852 2018 atque
874 1933 1031 2006 districtu,
1057 1939 1090 2000 et
1120 1934 1191 2000 eliis
1221 1933 1262 1998 ad
1292 1934 1354 2000 hoc
1378 1934 1476 2019 perti·

298 2051 448 2118 uentibus
470 2054 504 2117 in
527 2053 609 2119 locis
632 2051 814 2139 praedictis,
830 2054 946 2138 quood
964 2054 1213 2138 possessorium
1236 2053 1402 2120 iudicium
1417 2053 1476 2140 (1),

299 2194 361 2258 quo
384 2176 602 2242 tantummodo
626 2183 732 2243 ectum
752 2183 811 2251 est,
828 2183 1018 2264 perpetuum
1042 2178 1204 2244 silentium
1227 2179 1430 2264 imponentes
1443 2181 1479 2242 et

298 2300 506 2387 prohibentes
529 2303 634 2368 eidem
658 2310 693 2368 ut
715 2323 819 2387 neque
843 2323 902 2387 per
925 2323 960 2369 se
991 2322 1095 2386 neque
1118 2323 1178 2387 per
1201 2303 1281 2369 alios
1304 2301 1477 2387 superbis

298 2433 491 2511 praesumat,
513 2430 692 2494 Ravennat.
717 2428 899 2495 Ecclesiam
930 2434 985 2494 aut
1007 2427 1205 2494 habitatores
1236 2427 1476 2514 praedictorum

298 2551 443 2617 locorum
475 2555 676 2638 aliquatenus
704 2554 933 2620 molestare».
958 2554 1011 2618 Ex
1040 2574 1103 2638 quo
1132 2558 1225 2620 textu
1256 2554 1352 2618 etiam
1376 2557 1476 2638 patet,

297 2694 393 2759 quam
416 2678 600 2762 pertineant
623 2678 663 2742 ad
688 2679 815 2763 praxim
839 2677 1018 2743 huiusmodi
1049 2678 1196 2743 notiones
1218 2676 1259 2743 de
1282 2675 1477 2762 interdictis,

275 2801 332 2874 ¹in
356 2805 491 2868 materia
513 2823 638 2888 quoque
661 2805 828 2868 senonim.

297 3795 489 3865 possessionis3
502 3795 550 3848 sed
564 3795 593 3848 in
605 3793 682 3849 hisee
695 3794 852 3848 interdictis
867 3794 1023 3864 duplicibus
1037 3811 1100 3848 cum
1114 3793 1256 3849 aestimari
1268 3792 1378 3860 debeat,
1389 3808 1478 3862 quae·

298 3917 364 3954 nam
382 3899 559 3969 probationes
577 3899 634 3952 sint
651 3899 781 3968 potiores,
800 3900 953 3953 recurritur
973 3898 1059 3953 etiam
1079 3897 1113 3952 sd
1132 3897 1227 3952 titulos
1246 3896 1436 3966 possessionis,
1446 3901 1480 3951 ut

299 4006 348 4061 ille
365 4006 460 4061 vincet
478 4008 526 4076 qui
546 4006 635 4075 magis
652 4005 755 4059 instem
773 4005 974 4075 possessionem
993 4021 1023 4060 se
1042 4004 1145 4060 habere
1164 4003 1270 4059 doceat.

386 4111 426 4183 (l)
445 4110 516 4165 Nam
542 4111 671 4165 Pontifex
696 4110 863 4165 condemnat
888 4109 1038 4164 Commune
1059 4109 1211 4163 Fauentiae
1238 4109 1269 4162 in
1292 4111 1479 4179 possessorio,

298 4233 421 4284 monens,
437 4216 618 4271 iniudicatum
637 4215 701 4270 inde
715 4231 828 4270 manere
842 4215 1034 4286 quaestionem
1051 4217 1220 4286 petitoriam.
1235 4213 1360 4286 Savigny
1374 4231 1418 4285 op.
1432 4217 1478 4269 cit.

299 4329 318 4380 t.
338 4333 392 4392 c.§
413 4328 458 4394 51,
472 4327 613 4382 examinat
632 4325 684 4379 boo
703 4330 795 4396 eaput,
813 4325 942 4395 idemque
961 4323 1136 4394 recognoscit
1154 4328 1282 4380 exactum
1301 4323 1336 4378 nd
1354 4324 1480 4394 genuina

298 4432 435 4503 principia
453 4432 575 4487 instituti
594 4431 756 4502 possessorii
775 4430 891 4484 romani.
