3350 5117
530 328 574 373 un
598 322 737 375 luurcus
761 325 1026 375 eoonasrasmms
1304 311 1369 377 105

188 448 358 535 litigiosam
383 448 625 535 explorandam.
651 452 733 516 Item
757 470 928 533 capesseus
950 450 1034 535 quod
1057 456 1190 536 spectat
1215 452 1250 516 in
1273 470 1370 537 para-

188 570 284 655 grafo
307 571 513 657 subsequenti
530 574 684 639 Pontifex
701 574 887 641 Bonifatius
901 576 986 641 Vlll
1007 577 1127 656 statuit,
1144 552 1256 659 quodsi
1272 576 1370 641 iudex

189 696 367 759 assessore
389 714 446 759 seu
468 695 617 762 adiutore
640 697 769 781 alioque
791 696 920 765 officiali
944 697 1105 783 indigeat:
1124 718 1142 762 ‹
1158 698 1190 764 ci
1212 698 1256 763 de
1278 717 1370 765 ccm-

165 815 315 896 pelcnti
336 817 476 891 solario,
497 818 644 901 provide
664 819 879 887 moderando
902 820 946 887 oo
968 840 1018 903 eo,
1040 821 1148 905 societ
1170 841 1193 886 o
1210 820 1371 904 partebus

189 942 417 1009 communiter
435 943 614 1027 provideri
631 966 662 1026 »,
680 944 775 1010 itaut
798 943 897 1010 iudex
911 944 1077 1031 delegatus
1095 946 1270 1011 nullimode
1285 945 1371 1011 banc

189 1065 375 1135 mercedem
404 1069 586 1154 participet.
603 1105 647 1118 -
665 1072 726 1135 Ast
747 1090 885 1155 aequum
908 1090 974 1135 non
988 1078 1075 1137 esset
1093 1069 1177 1155 quod
1199 1070 1299 1137 iudex
1320 1071 1372 1137 de

190 1190 317 1277 legatus
340 1192 446 1259 ferret
468 1214 629 1280 expensas
653 1194 769 1261 iudicio
793 1196 1002 1261 instaurando
1025 1199 1236 1263 necessarias.

280 1315 431 1383 Munera
454 1338 534 1383 vero
557 1318 704 1386 absolute
727 1320 951 1406 prohibentur.
976 1328 1008 1387 et
1034 1326 1159 1387 mutum
1188 1321 1464 1438 indulgeturet7
1478 1326 1528 1367 ’Μ
1550 1335 1577 1405 ,’
1600 1295 1658 1387 'bt

190 1438 336 1522 partibus
367 1446 411 1515 ut,
438 1462 499 1528 pro
525 1464 584 1509 sua
609 1443 813 1518 liberalitate,
842 1445 939 1512 iudici
966 1448 1085 1512 rictum
1115 1435 1422 1528 subministrentp'rv
1478 1442 1503 1538 Ἰ

189 1566 319 1650 aliaque
343 1557 512 1655 proferant
535 1572 727 1636 munuscula
748 1570 927 1657 hospitibus
949 1572 1019 1637 dari
1043 1573 1146 1648 solita,
1167 1580 1200 1639 et
1223 1573 1390 1640 dicuntur

190 1694 308 1759 marsia.
334 1730 378 1743 -
402 1696 444 1760 Et
466 1695 549 1761 baec
580 1699 688 1762 omnia
718 1696 922 1763 observanda
951 1703 1027 1764 sunt
1049 1701 1146 1765 etiam
1173 1719 1194 1763 a
1215 1700 1373 1766 iudicibus

190 1813 350 1905 delegatis
373 1819 413 1885 ab
436 1820 610 1885 ordinariis
633 1820 787 1887 locorum.

283 1944 410 2011 ludices
433 1946 589 2012 ordinarii
606 1952 720 2012 cutem
745 1948 798 2031 qui
824 1967 867 2013 ex
891 1945 997 2012 officio
1020 1968 1078 2013 suo
1101 1948 1253 2013 iustitiam
1273 1948 1374 2033 gratis

190 2072 422 2139 administrare
444 2072 569 2146 debent,
588 2094 682 2158 quam
699 2076 841 2140 maxime
863 2094 883 2138 a
906 2074 1093 2140 muneribus
1116 2073 1297 2138 abhorrere
1317 2073 1373 2139 de-

190 2198 279 2264 bent.
292 2234 337 2247 -
351 2200 530 2265 Praeterea
547 2198 667 2264 iudices
680 2198 836 2264 ordinarii
854 2198 925 2265 illas
941 2218 1111 2282 capesseus
1124 2218 1145 2262 a
1160 2197 1304 2283 partibus
1320 2217 1371 2261 re·
1388 2202 1397 2234 ·“

191 2326 305 2406 petere
317 2340 382 2385 non
395 2326 538 2406 possunt,
551 2322 680 2385 omnino
692 2340 860 2386 connexas
874 2341 945 2387 cum
959 2341 1017 2385 suo
1030 2340 1174 2385 munere.
1190 2322 1231 2387 Ut
1246 2339 1333 2400 ecce,
1347 2320 1373 2383 si

191 2445 234 2509 ad
256 2444 337 2510 facti
357 2446 558 2510 controversi
575 2445 718 2509 notitiam
736 2443 959 2518 hauriendam,
977 2445 1064 2508 intra
1082 2464 1173 2509 suam
1189 2443 1371 2514 dioecesim,

193 2570 301 2654 aliquo
319 2590 354 2633 se
369 2569 527 2649 conferat,
544 2588 609 2633 non
625 2574 730 2654 potest
746 2570 881 2654 exigere
896 2573 932 2634 ut
947 2567 1106 2633 indemnis
1122 2566 1178 2633 fiat
1193 2567 1233 2633 de
1247 2567 1375 2633 itineris

195 2694 366 2779 expensis3
380 2712 475 2777 quum
487 2692 527 2757 ad
543 2692 626 2758 haec
639 2713 775 2758 munera
787 2692 950 2779 explenda
960 2691 1079 2758 habeat
1094 2692 1152 2757 sibi
1170 2697 1375 2776 comparatos

195 2817 319 2883 reditus
342 2814 557 2883 beneficiales.
577 2818 657 2882 Item
681 2818 707 2881 si
731 2817 808 2903 ipse,
827 2818 906 2882 iuris
929 2837 1043 2902 parurn
1067 2818 1200 2902 peritus,
1217 2817 1375 2881 Auditore

195 2946 247 3009 vel
270 2947 448 3009 Assessore
471 2942 622 3029 indigeat,
647 2962 712 3009 non
735 2948 841 3029 potest
872 2962 1031 3028 expensas
1055 2944 1150 3007 huius
1172 2939 1318 3007 officialis
1343 2942 1374 3005 in

195 3069 361 3155 litigantes
378 3067 561 3134 refundere.
579 3068 627 3134 cf.
646 3067 825 3153 Pellegrini
842 3068 863 3131 l.
881 3088 907 3133 c.
926 3068 979 3151 qui
994 3065 1137 3153 pondere
1153 3068 1249 3131 etiam
1264 3070 1375 3131 aucto-

195 3198 328 3261 ritatum
348 3196 431 3261 haec
448 3192 627 3261 confirmat.
644 3230 687 3243 -
705 3196 748 3259 At
763 3195 846 3259 haec
862 3194 1025 3258 conclusio
1041 3193 1172 3258 extendi
1189 3212 1253 3257 non
1270 3195 1375 3278 potest

195 3318 236 3383 ad
251 3318 333 3382 alios
357 3317 528 3397 tribunalis
552 3315 714 3389 officiales,
732 3318 785 3401 qui
809 3317 913 3401 magis
927 3316 1072 3402 partibus
1088 3336 1181 3400 quam
1205 3316 1303 3381 iudici
1327 3318 1376 3379 in·

196 3444 354 3516 serviunt,
375 3462 492 3527 nempe
515 3444 650 3507 actuarii
675 3444 727 3527 qui
753 3448 827 3508 acta
850 3442 1011 3508 iudicialis
1026 3445 1059 3507 in
1076 3444 1204 3528 scriptis
1228 3449 1376 3513 exarant,

196 3569 316 3653 aliique
339 3569 371 3633 id
396 3587 498 3653 genus
521 3569 659 3633 ministri
682 3567 863 3633 tribunalis.

286 3690 342 3755 84.
367 3690 434 3754 Per
456 3689 574 3755 iudicia
595 3689 747 3775 proludia
771 3689 934 3755 obtinetur
958 3687 1042 3771 quod
1057 3687 1154 3753 iudex
1169 3689 1211 3752 sit
1226 3689 1375 3752 immunis

197 3834 217 3876 a
239 3831 454 3899 personarum
477 3813 674 3897 acceptione,
692 3832 784 3896 quem
809 3810 922 3877 iudicis
942 3811 1089 3876 favorem
1112 3831 1196 3875 unus
1218 3809 1271 3873 vel
1294 3809 1379 3874 alter

200 3935 393 4021 litigantium
409 3932 467 3999 sibi
484 3936 588 4020 pretio
605 3954 795 4019 comparare
818 3939 936 4019 posset.
954 3934 1015 3999 Ast
1037 3932 1135 3997 iudex
1157 3932 1379 4017 praemunien-

200 4056 258 4123 dus
280 4076 407 4141 quoque
429 4063 479 4123 est
500 4077 521 4122 a
543 4076 743 4141 quacumque
766 4057 942 4129 coactione,
961 4075 1044 4139 quae
1068 4054 1250 4139 Superioris
1273 4058 1378 4117 aucto-

201 4184 295 4249 ritate
311 4182 372 4248 sibi
388 4180 458 4248 fieri
475 4182 527 4247 vel
542 4184 712 4248 imminere
734 4184 848 4268 possit;
870 4181 1029 4253 videlicet,
1048 4180 1142 4245 debet
1164 4178 1262 4243 iudex
1277 4177 1379 4242 libere
1428 4220 1434 4232 1
1558 4222 1562 4231 -

201 4308 418 4391 pronunciare
441 4307 642 4381 sententiam,
660 4308 749 4370 iuxta
766 4326 855 4370 suam
879 4305 1119 4385 conscientiam,
1138 4305 1197 4369 elsi
1215 4301 1380 4387 illegitime

202 4428 260 4493 ista
276 4429 437 4515 superiori
452 4428 630 4514 displiceat.
644 4465 687 4478 -
704 4427 870 4493 Adversus
897 4426 1077 4492 huiusmodi
1095 4427 1277 4491 coactiones
1300 4444 1380 4488 vero
