3350 5117
301 268 364 335 152
821 301 906 350 rans
929 303 951 350 1.

387 412 421 499 5)
445 415 604 499 Glossa,
591 440 629 485 cn
658 420 711 487 cit.
736 442 810 507 cap.
835 424 859 489 4
887 425 940 493 De
957 447 1056 511 proc
1080 431 1173 507 in6‚
1197 434 1386 501 referens
1378 435 1475 535 mnis-

297 539 487 625 prudentiae
502 551 535 611 et
550 545 724 615 Doctorum
740 555 922 619 communia
936 555 1064 641 placita,
1083 563 1172 625 notat
1187 562 1310 667 requiri
1330 528 1475 659 speciale

297 662 491 737 mandatum

387 787 422 873 a)
387 789 562 885 ondt
508 810 548 875 pe
549 792 678 859 tendam
701 797 983 866 restitutionem
968 821 1006 866 en
1029 801 1210 894 inteprnm,

389 910 420 1000 b)
444 914 515 980 ad
446 936 595 1026 1mpe
592 890 742 986 trandum
767 925 907 1013 rescript
907 945 971 1014 um,

387 1038 418 1125 c)
442 1040 482 1105 ad
506 1018 646 1109 debitum
669 1049 778 1112 remitt
765 1048 896 1113 tendum
919 1056 952 1115 et
975 1047 1221 1128 fideiubendum,

388 1162 455 1249 d)
447 1163 487 1227 ad
510 1162 740 1232 beneficiorum
763 1140 994 1269 aliorumque'
985 1174 1105 1239 iunium
1129 1177 1417 1263 renunciationem,

388 1285 418 1372 e)
441 1288 482 1353 ad
503 1293 738 1375 possessionem
761 1298 969 1363 canonicatus
996 1299 1050 1364 vel
1078 1300 1212 1366 alterius
1239 1298 1387 1392 beneficii
1411 1320 1472 1367 ca-

454 1384 604 1405 —u--m-

299 1410 498 1495 pessendam,

387 1530 430 1615 fl·
448 1534 492 1625 ad
512 1534 658 1603 beneficii
682 1540 887 1608 collationem
909 1544 962 1609 vel
984 1549 1277 1631 praesentationem
1293 1547 1476 1613 faciendam

301 1658 427 1741 ratione
436 1637 536 1755 *iuris*
550 1667 752 1751 patronatus,
1134 1633 1139 1641 Ι
1319 1632 1325 1639 ⁴
1391 1634 1402 1643 .
1437 1640 1441 1646 Ι

387 1786 423 1871 9)
446 1784 487 1881 ad
510 1787 680 1879 petendam
703 1790 936 1859 absolutionem
959 1794 999 1860 ab
1024 1792 1367 1877 excommunicatione.

391 1908 465 1974 121.
491 1912 669 1979 Praeterea
684 1916 732 1981 ius
749 1916 945 1983 canonicum
961 1924 1064 2001 cavet,
1078 1920 1163 2004 quod
1177 1920 1217 1986 ad
1234 1919 1475 1986 damandandas

299 2032 358 2099 has
382 2053 496 2100 causas
519 2056 583 2102 non
607 2036 723 2105 sufficit
747 2040 780 2105 in
803 2041 953 2108 mandato
976 2044 1121 2129 generali
1145 2065 1268 2130 ponere
1286 2046 1472 2127 clausulam,

300 2180 363 2244 qua
392 2160 518 2226 dicatur
548 2169 793 2248 procuratorem
822 2170 1030 2235 constitutum
1045 2190 1125 2237 esse
1148 2171 1188 2237 ad
1216 2192 1327 2237 omnes
1347 2191 1471 2253 causas,

301 2285 467 2351 etiamad
498 2306 552 2351 eas
583 2307 665 2372 qnae
694 2290 857 2358 mundato
886 2293 1028 2376 speciali
1057 2294 1227 2381 indipent:
1250 2296 1412 2361 evincitur
1434 2314 1477 2360 ex

301 2430 376 2494 cap.
400 2410 424 2475 4
449 2410 511 2483 Qni
534 2414 581 2478 ad
611 2414 793 2499 inpendunt,
810 2415 861 2481 De
879 2436 976 2500 proc.
1000 2418 1038 2483 in
1060 2418 1093 2483 6.
1119 2419 1272 2502 Namque,
1296 2422 1422 2483 attenta
1444 2418 1479 2483 il·

299 2535 405 2601 larum
429 2556 600 2601 cansarum
624 2539 793 2623 gravitate,
811 2540 906 2605 nimis
922 2540 1077 2626 generale
1099 2546 1149 2607 est
1171 2541 1357 2607 mandatum
1376 2543 1474 2608 etiam

300 2656 365 2725 hac
387 2658 532 2725 clausula
554 2661 764 2738 instructum
788 2665 1006 2748 praesumitur
1028 2684 1107 2729 vero
1122 2664 1280 2731 mandans
1302 2686 1368 2731 non
1391 2662 1478 2730 suffi-

301 2786 428 2850 cienter
439 2785 617 2852 advertisse
625 2787 828 2873 singulorum
842 2810 971 2855 casuum
984 2796 1149 2867 naturam;
1165 2792 1257 2857 iuxta
1272 2792 1420 2877 regulam
1431 2792 1471 2857 81

302 2909 352 2977 De
373 2928 445 2995 rep.
466 2910 531 2975 tur.
555 2910 592 2975 in
608 2910 649 2975 6.·
675 2912 747 2976 «ιιι
768 2914 924 2999 pancrati
946 2914 1159 2980 concessione
1180 2932 1252 2980 non
1273 2913 1414 2979 veniant
1437 2922 1485 2979 eo·

303 3056 393 3122 qnae
422 3037 498 3123 quis
527 3036 763 3103 verosimiliter
791 3058 863 3105 non
891 3044 975 3105 esset
998 3039 1036 3104 in
1057 3040 1168 3122 specie
1198 3058 1422 3107 concessurus
1446 3061 1479 3106 ιι.

305 3160 375 3225 Hoe
405 3180 511 3235 sensu,
536 3165 647 3245 postea
670 3162 703 3225 in
727 3162 780 3226 cit.
805 3180 875 3247 cap.
900 3162 1005 3226 Bonii.
1029 3162 1113 3228 Vlll
1138 3160 1300 3227 decernit:
1326 3181 1344 3224 ιι
1368 3160 1430 3226 sed
1450 3158 1483 3226 si

182 3314 186 3324 ·
303 3286 428 3373 aliquis
449 3288 500 3353 ccl
523 3286 632 3372 aliqui
654 3286 696 3351 de
718 3285 873 3351 articulis
887 3284 1034 3369 speciale
1047 3285 1251 3350 mandatnm
1266 3283 1481 3369 eminentibus

303 3412 485 3499 specificati
513 3410 666 3495 fuissent,
691 3412 823 3478 adiecta
853 3414 1008 3478 ctansntc
1038 3412 1200 3497 pennati,
1226 3417 1307 3477 tnnc
1336 3411 1384 3477 act
1410 3430 1482 3478 non

305 3554 485 3621 cmpressos
514 3536 616 3602 etiarn
646 3536 898 3629 admittetur».
924 3536 1116 3601 Gancnistae
1146 3536 1271 3617 sequuti
1302 3536 1384 3621 legis
1411 3536 1482 3619 spi-

304 3664 402 3728 ritum
427 3666 460 3727 et
482 3662 701 3733 intentionem,
726 3661 982 3745 interpretantur
1004 3678 1044 3725 ea
1066 3660 1168 3725 verba
1197 3666 1318 3725 «tunc
1348 3659 1389 3725 ad
1416 3677 1483 3723 non

306 3805 477 3871 expressos
500 3786 595 3849 etiam
619 3783 852 3857 admittetur»,
870 3789 904 3849 ut
927 3784 1244 3869 comprehendantur
1267 3784 1332 3848 alia
1354 3784 1485 3868 negotia

305 3931 370 3976 non
393 3928 560 3996 expressa,
583 3910 727 3976 minoris
749 3908 802 3973 vel
825 3910 979 3994 aequatis
1000 3909 1189 3995 pravitatis,
1205 3928 1271 3973 non
1294 3914 1401 3973 antem
1426 3908 1485 3973 illa

305 4055 387 4120 quae
409 4035 551 4101 maioris
573 4034 736 4101 momenti
758 4039 841 4099 sunt.
868 4034 939 4098 Hoc
963 4030 1174 4098 confirmatur
1197 4034 1335 4119 capite
1269 4032 1424 4099 tcSedes
1439 4032 1484 4098 15

306 4160 357 4227 De
379 4160 532 4244 rescript.
555 4157 943 4247 X(13)etet.0tement
964 4159 1101 4226 cit-2
1127 4159 1177 4227 De
1195 4178 1347 4242 procur„
1368 4157 1483 4243 quibus
1531 4148 1535 4155 “
1667 4175 1669 4184 ·

304 4286 424 4352 diserte
446 4286 544 4351 edicit
531 4292 594 4367 ιιιι,
612 4285 741 4352 mandat
728 4291 795 4352 tum
811 4291 966 4372 procurat
967 4288 1071 4352 orium
1095 4286 1249 4371 generale
1266 4304 1330 4349 non
1347 4289 1404 4351 ext
1390 4283 1480 4351 tendi

304 4410 345 4474 ad
373 4412 517 4496 negotia,
547 4412 710 4496 expressis
733 4414 864 4476 maiora.
889 4411 1055 4485 Quaenam
1078 4430 1158 4475 vero
1181 4411 1359 4496 graviores,
1383 4428 1486 4494 qnae-
