3350 5117
375 372 377 375 ,
488 332 531 379 DE
555 331 694 380 lUDlGIlS
718 330 984 379 nccnnstesrlols

599 598 780 665 TITULUS
803 598 879 663 XX.

524 796 566 842 DE
591 795 732 843 tumens
757 794 955 844 supinatum.

239 917 289 959 linc
304 916 413 959 referant.
429 916 500 959 clem.
515 915 537 968 2,
558 916 589 960 De
603 917 662 968 iud..
677 916 704 959 L.
721 916 753 969 11,
768 922 792 959 ct
807 916 879 959 elem.
893 915 916 969 2,
932 917 967 959 De
980 917 1046 960 cert.
1062 914 1154 969 siquis„
1167 914 1194 957 L.
1212 914 1242 958 V.

149 1090 367 1149 summarium.
386 1123 420 1136 -
445 1092 507 1147 591.
527 1092 661 1147 Iudicium
679 1093 870 1147 summarium
889 1096 933 1146 est
951 1090 1021 1145 illud
1040 1091 1069 1144 in
1090 1106 1146 1161 quo
1163 1090 1333 1147 omittuntur

239 1198 365 1253 nonnulli
378 1202 467 1265 actus,
480 1199 527 1270 qui
545 1199 573 1253 in
586 1198 728 1253 ordinario
740 1203 888 1253 servantur
900 1197 935 1251 ad
947 1197 1163 1253 solemnitatem.
1176 1225 1211 1238 -
1220 1196 1333 1251 saalu-

238 1302 311 1359 dicia
328 1304 489 1371 summaria,
508 1304 565 1358 alia
582 1308 648 1359 sunt
659 1322 677 1357 u
695 1306 767 1372 iure,
786 1303 845 1358 alia
862 1307 898 1358 ab
916 1304 1036 1368 116τηί116,
1049 1302 1106 1357 alia
1118 1320 1136 1355 a
1148 1311 1253 1356 nutura
1264 1319 1332 1356 cau·

238 1429 345 1467 aarum.
357 1440 393 1455 -
405 1411 466 1466 593.
477 1412 557 1467 quta
577 1416 706 1467 naturam
718 1428 866 1467 causarum
879 1412 983 1466 iudicia
994 1414 1150 1465 summario
1163 1408 1220 1465 alia
1238 1410 1334 1465 huius·

240 1521 313 1575 modi
338 1524 403 1575 sunt
429 1526 486 1574 tum
514 1520 604 1590 quoad
628 1519 830 1587 solemnitates,
859 1524 916 1575 tum
943 1520 1033 1590 quoad
1059 1518 1252 1589 probationes;
1276 1517 1333 1572 alia

240 1627 432 1683 tautummodo
451 1627 541 1698 quoad
560 1626 761 1682 solemnitates.
774 1655 808 1668 -
823 1626 885 1681 594.
906 1624 999 1686 Quare
1017 1624 1158 1680 iurarem.
1171 1624 1332 1679 atcania·

240 1733 324 1787 ducta
342 1732 399 1787 sint
417 1732 520 1786 iudicia
538 1732 702 1786 summaria.
719 1760 757 1773 -
773 1731 834 1786 595.
856 1729 998 1791 Quaenam
1017 1745 1117 1784 causae
1135 1726 1189 1782 hoc
1207 1728 1264 1781 ritu
1281 1729 1333 1781 ab·

183 1904 190 1921 ,
240 1840 393 1895 solvantur.
412 1868 448 1883 -
472 1838 534 1895 596.
554 1839 696 1901 Quaenam
722 1839 815 1893 omitti
834 1838 956 1893 debeant
973 1837 1004 1891 in
1022 1851 1153 1906 processu
1171 1838 1333 1891 nummario.

239 1978 275 1990 -
294 1948 356 2003 597.
375 1947 518 2009 Quaenam
537 1947 631 2002 omitti
657 1962 712 2001 non
731 1946 861 2002 debeant.
880 1972 918 1987 -
934 1944 996 1999 598.
1015 1944 1156 2005 Quomodo
1175 1948 1269 2013 partos
1287 1960 1334 1998 or-

240 2056 298 2111 dini
318 2072 462 2127 processus
480 2058 629 2110 summarii
647 2055 783 2125 derogare
803 2054 926 2110 valeant.
940 2082 977 2095 -
988 2052 1052 2107 599.
1072 2053 1164 2115 Quare
1183 2053 1265 2108 hodie
1278 2053 1337 2109 late

241 2161 270 2213 in
289 2176 340 2213 usu
359 2159 416 2213 sint
434 2158 537 2212 iudicia
555 2160 710 2213 stammam
729 2158 757 2210 in
777 2157 863 2211 curiis
882 2157 989 2212 eccles.

241 2340 318 2405 591.
332 2339 488 2405 Absoluta
503 2340 696 2405 tractatione
713 2338 752 2403 de
778 2336 886 2402 iudicii
903 2336 1075 2403 ordinarii
1097 2334 1336 2402 introductione
1386 2330 1391 2337 ’

149 2469 187 2530 et
200 2465 422 2545 instructione,
440 2462 650 2547 exponendus
667 2468 716 2527 est
732 2462 846 2528 modus
863 2460 1087 2527 introducendi
1103 2466 1136 2529 et
1156 2460 1336 2527 instruendi

150 2586 272 2654 iudicia
293 2586 496 2659 summaria
514 2592 684 2670 antequam
702 2587 742 2652 de
758 2588 790 2651 vi
808 2587 1052 2659 sententiarum,
1066 2606 1241 2671 earumque
1256 2606 1336 2652 exe-

150 2714 282 2778 cutione
305 2712 485 2795 loquamur.

244 2840 311 2904 lam
336 2838 368 2900 in
385 2835 583 2922 exponendis
599 2836 723 2902 actibus
748 2836 951 2903 iudicialibus
967 2837 1163 2903 advertimus
1179 2858 1337 2923 quaenam

150 2962 188 3025 in
205 2960 318 3025 iisdem
334 2962 544 3043 requirantur
561 2980 603 3025 611
618 2960 692 3043 ipso
709 2960 785 3025 iure
806 2964 963 3042 acturae,
981 2965 1014 3025 et
1029 2978 1187 3044 quaenam
1203 2982 1247 3027 611
1262 2962 1338 3028 iure

147 3082 306 3165 positivo.
339 3083 438 3165 Atqui
469 3084 557 3148 notio
588 3081 826 3148 substantialis.
841 3101 1012 3166 processus
1042 3082 1224 3147 summarii
1253 3082 1335 3147 ada-

152 3208 286 3275 mussim
302 3208 385 3273 haec
402 3212 510 3283 estut,
526 3208 771 3291 praetermissa
793 3207 907 3275 rubeta·
928 3207 1159 3275 obseruatione
1178 3207 1338 3273 solemnis

153 3328 288 3397 ordiam
310 3329 493 3399 iudiciarii.
518 3329 718 3413 simpliciter
742 3336 772 3396 ct
796 3330 967 3414 deploro
990 3331 1063 3396 siue
1085 3330 1229 3413 strepitu
1252 3336 1285 3395 et
1297 3332 1337 3415 fi-

151 3472 245 3541 pura
268 3453 387 3519 iudicii
411 3454 631 3537 procedatur,
658 3460 688 3519 et
712 3452 968 3540 quodammodo
992 3457 1066 3522 cota
1087 3454 1171 3535 facti
1197 3455 1338 3520 acutule
1380 3439 1383 3447 ⁷

151 3578 306 3660 impacta
326 3578 581 3659 pronuntietur.
607 3578 699 3643 Haec
722 3597 823 3663 prope
847 3584 922 3644 sunt
944 3578 1045 3643 verba
1062 3578 1234 3644 Clementis
1250 3577 1282 3642 V
1305 3579 1339 3643 in

152 3697 278 3763 duabus
301 3698 408 3762 citatis
432 3699 720 3765 constitutionibus.
747 3699 843 3764 Mens
865 3719 945 3765 vero
967 3697 1132 3766 Pontificis
1155 3697 1339 3777 1111611611-

151 3821 251 3889 dendi
274 3842 295 3887 a
318 3821 436 3887 iudicio
451 3825 640 3892 summario
657 3844 713 3889 eos
729 3828 853 3890 tantum
867 3816 961 3891 actus
975 3824 1181 3890 retardantes
1197 3824 1338 3889 celerem

153 3946 222 4010 litis
238 3944 475 4030 expeditionem
489 3950 522 4011 et
537 3966 659 4011 meram
673 3947 910 4015 solemnitatem
921 3948 1112 4014 referentes.
1125 3947 1257 4013 Revera
1268 3966 1340 4034 pro·

153 4090 266 4137 cessus
289 4070 447 4136 iudicialis
478 4091 521 4137 611
552 4072 628 4138 iure
658 4078 807 4139 naturae
839 4093 903 4137 non
934 4072 1033 4139 habet
1055 4078 1179 4140 certam
1209 4070 1339 4140 6111611-

153 4198 258 4261 nitam
282 4195 429 4277 formam,
447 4215 541 4279 quam
565 4198 700 4262 assumit
723 4219 783 4283 pcr
806 4198 861 4264 ius
879 4198 1067 4281 positivum
1089 4196 1167 4263 illud
1191 4196 1339 4263 determi-

154 4341 249 4393 nans,
275 4320 421 4387 addendo
438 4342 563 4407 quoque
588 4323 741 4407 quasdam
757 4324 977 4391 solemnitates
1001 4326 1119 4410 optime
1142 4322 1339 4409 responden·

154 4452 208 4513 tes
232 4446 385 4530 gravitati
413 4446 614 4523 iudiciorum,
639 4455 673 4516 ct
700 4454 856 4522 maiorem
880 4454 1104 4520 auctoritatem
1128 4449 1339 4517 conciliantes

307 4570 366 4623 Suc.
386 4568 472 4639 Lapa.
1161 4573 1197 4627 37
