3350 5117
329 273 397 340 382
854 296 938 344 rins
963 297 986 344 1.

421 419 571 485 lamvero
601 422 628 485 si
657 419 739 486 haec
764 421 925 486 elementa
954 422 987 484 in
1010 420 1133 487 duobus
1163 421 1272 487 litibus
1295 420 1406 488 eadem
1430 422 1507 502 sint,

330 562 395 609 non
426 545 585 610 connexio
615 543 672 610 sed
694 545 854 611 identitas
880 545 1037 620 hebetum
1068 547 1153 611 inest
1175 549 1301 612 tantum
1328 547 1510 620 comato,

328 669 455 754 quando
478 685 577 736 unum
601 671 653 735 vel
675 671 814 736 alterum
837 691 880 737 ex
903 670 992 737 hisce
1017 671 1186 738 elementis
1208 672 1293 738 idem
1317 677 1381 748 est;
1397 675 1431 736 et
1444 672 1513 736 snt·

328 793 398 860 ficit
413 794 559 860 identitas
577 798 671 861 unius
686 795 847 867 elementi.
865 801 900 860 nt
914 795 997 861 dnae
1020 815 1139 863 causae
1161 797 1311 864 dicantur
1326 815 1509 862 connexae.

329 917 439 991 Quare
462 918 623 984 connexio
647 921 768 987 oritur:

419 1040 451 1126 1)
475 1043 601 1108 ratione
624 1063 856 1128 personarum

418 1162 451 1249 2)
476 1166 602 1230 ratione
624 1167 775 1244 actionis;

418 1285 451 1371 3)
475 1287 601 1352 ratione
626 1289 674 1352 rei
698 1290 824 1373 petitae.
850 1308 908 1353 sau
931 1286 1047 1352 obiecti
1070 1288 1145 1353 litis.

417 1411 492 1477 346.
517 1410 662 1480 Effectus
685 1433 765 1478 vero
788 1415 1001 1480 connexionis
1027 1433 1198 1480 causarum
1220 1412 1275 1476 hic
1298 1415 1356 1483 est¹
1381 1410 1512 1476 scilicet

328 1557 507 1622 prorogare
529 1539 641 1605 iudicis
665 1541 911 1624 competentiam
926 1561 984 1605 seu
999 1538 1141 1622 efficere,
1154 1545 1189 1607 ut
1205 1539 1260 1604 illa
1274 1559 1425 1624 persona,
1449 1538 1513 1603 illa

327 1662 420 1735 actio,
438 1661 494 1726 illa
509 1682 563 1727 res
578 1661 728 1727 trahatur
743 1661 783 1728 ad
799 1661 941 1727 tribunat
958 1661 1079 1733 iudicis,
1094 1663 1145 1726 cui
1161 1681 1227 1726 non
1243 1662 1424 1744 pertineret
1434 1661 1509 1724 eius

326 1785 470 1866 quaestio
499 1784 560 1850 nisi
587 1785 680 1850 alteri
705 1786 819 1852 fuisset
841 1804 999 1856 connexa.
1025 1786 1088 1871 iam
1115 1789 1354 1870 praeoccupata
1377 1783 1418 1848 ab
1442 1785 1509 1848 isto

329 1908 441 1976 iudice.

417 2037 449 2119 1)
475 2037 640 2102 Gonnexio
662 2037 796 2104 ratione
813 2055 1047 2120 personarum
1062 2035 1211 2110 habetur,
1229 2058 1282 2101 ex.
1299 2056 1342 2122 g„
1359 2036 1393 2100 in
1411 2053 1512 2119 quae

324 2159 480 2225 stionibus
503 2163 780 2235 reconventionis;
804 2161 930 2246 quando
954 2181 1070 2246 nempe
1095 2181 1170 2252 reus
1193 2161 1387 2226 reconvenit
1413 2164 1509 2224 acto-

327 2305 406 2350 rem.
437 2285 500 2352 Hic
523 2287 550 2352 si
573 2292 707 2354 necatas
727 2288 846 2371 soram
868 2289 920 2353 rei
943 2294 1095 2354 versatur
1118 2293 1213 2353 extra
1242 2287 1350 2352 locum
1373 2285 1423 2351 sui
1446 2284 1509 2350 do-

327 2407 446 2482 micilii,
460 2427 524 2472 non
540 2414 644 2493 potest
660 2406 813 2495 expetere
837 2415 873 2474 ut
896 2429 994 2474 causa
1017 2409 1278 2474 reconventionis
1301 2406 1468 2475 scindatur
1486 2428 1507 2471 a

325 2551 424 2598 causa
446 2536 676 2607 conventionis,
694 2555 751 2599 seu
774 2533 943 2600 deteratur
958 2534 999 2598 ad
1023 2555 1114 2599 suum
1139 2533 1276 2599 iudicem
1292 2531 1508 2598 ordinarium.

328 2659 445 2744 Utputa
467 2664 558 2723 actor
581 2660 660 2744 petit
682 2679 702 2722 a
725 2677 783 2723 reo
806 2658 996 2724 solutionem
1013 2657 1178 2723 cuiusdam
1202 2657 1299 2724 debiti
1322 2656 1415 2721 titulo
1438 2675 1509 2721 mu·

326 2787 388 2862 tui;
420 2806 495 2850 reus
517 2786 709 2852 reconvenit
738 2790 882 2850 actorem
906 2805 964 2870 pro
988 2785 1148 2850 solutione
1177 2785 1313 2849 alterius
1338 2783 1447 2857 debiti,
1474 2787 1512 2847 ut

327 2910 440 2976 crediti
464 2914 495 2974 et
518 2909 613 2975 debiti
639 2909 713 2974 inde
737 2908 793 2974 flat
816 2913 1044 2994 compensatio.
1071 2912 1220 2976 Iamvero
1242 2916 1336 2977 actor
1365 2931 1431 2975 non
1454 2931 1512 2995 po

323 3042 388 3104 test
411 3057 564 3122 respuere
589 3038 636 3102 rei
659 3038 845 3122 petitionem
868 3038 1059 3122 exceptione
1074 3023 1350 3122 ¹incompetentius
1374 3035 1507 3101 iudicis.

327 3163 406 3226 Nam
429 3161 468 3226 ob
493 3180 609 3226 causae
634 3161 867 3226 connexionem
883 3166 1080 3246 prorogatur
1102 3159 1279 3225 iurisdictio
1294 3161 1507 3225 territorialis

326 3289 359 3349 et
369 3284 445 3348 hinc
458 3285 563 3352 iudea
578 3284 720 3350 actionis
734 3288 782 3350 cst
793 3283 900 3349 iudea
912 3283 1013 3348 etiam
1025 3281 1303 3363 reconventione,
1317 3301 1388 3348 aon
1402 3301 1503 3348 secus

325 3427 369 3473 oc
390 3407 606 3491 acceptionis.

415 3531 448 3612 2)
473 3529 617 3596 Ratione
640 3531 782 3596 actionis
805 3529 879 3594 illae
907 3548 1024 3593 causae
1040 3537 1114 3594 sunt
1137 3546 1313 3599 connexae,
1327 3545 1410 3609 quae
1427 3547 1506 3612 pro-

326 3659 496 3718 moventur
519 3655 673 3719 adversus
697 3654 806 3738 plures
828 3672 984 3738 personas
1008 3651 1047 3716 ob
1072 3651 1219 3716 eumdem
1242 3651 1370 3716 titutum
1395 3648 1508 3715 iuridi-

326 3801 408 3853 cum,
425 3780 523 3845 veluti
540 3781 631 3845 titolo
647 3778 846 3845 hereditatis.
859 3815 905 3826 -
920 3780 962 3846 Ut
977 3799 1054 3844 ecce
1072 3777 1216 3844 creditor
1231 3776 1367 3842 alicuius
1384 3777 1433 3840 rei
1450 3776 1505 3840 he-

325 3906 498 3971 reditariae
522 3907 570 3971 ius
594 3905 692 3972 habet
708 3904 826 3972 citandi
850 3924 960 3968 omnes
983 3901 1132 3976 heredes,
1146 3903 1291 3987 quamvis
1315 3903 1346 3965 in
1364 3900 1506 3966 diversis

325 4028 405 4092 locis
428 4027 620 4093 domicilium
644 4027 854 4100 torrentesut
877 4032 1084 4111 compereant
1107 4025 1189 4109 apud
1213 4023 1352 4088 iudicem
1380 4023 1444 4088 loci
1472 4024 1505 4085 in

325 4175 388 4239 quo
411 4159 523 4239 aperta
546 4157 595 4218 est
617 4151 790 4233 hereditas,
807 4151 913 4235 ibique
930 4149 1146 4235 respondeant
1160 4149 1200 4214 de
1216 4148 1369 4214 oneribus
1393 4168 1506 4214 susce·

325 4280 388 4364 ptis
410 4279 442 4342 vi
465 4277 570 4342 aditae
593 4275 790 4352 hereditatis.
809 4277 890 4340 Item
913 4274 964 4340 dic
987 4274 1027 4340 de
1055 4293 1132 4339 casn
1155 4291 1216 4357 quo
1241 4270 1410 4338 fideiussor
1429 4292 1506 4336 oon-

324 4404 453 4467 venitur
475 4401 559 4487 apud
586 4400 722 4466 iudicem
753 4399 906 4464 debitoris
936 4397 1132 4484 principalis,
1157 4404 1207 4478 ut,
1231 4397 1325 4462 huius
1353 4399 1501 4469 nomine,
