3350 5117
542 350 586 396 nn
611 349 750 396 runicus
773 351 1037 400 aecnesrasrrors
1313 333 1377 398 267

198 471 344 535 moniali.
360 506 405 520 -
422 471 460 536 ln
476 490 551 554 cop.
566 490 647 537 cero
663 471 688 536 8
703 473 734 535 b.
752 476 772 536 t.
788 473 824 536 X
836 475 997 546 statuitur,
1015 475 1127 538 uxoris
1144 474 1377 538 restitutionem

196 591 241 658 ob
263 595 358 660 modo
381 595 495 661 allatas
517 596 571 662 vel
593 598 714 662 similes
738 597 882 662 rationes
905 594 976 661 lieri
993 615 1057 660 non
1081 595 1202 670 deberi,
1220 597 1276 662 sed
1292 597 1379 662 hanc

196 719 283 804 apud
306 719 458 786 honestas
481 741 647 806 personas,
671 724 847 810 praecipue
873 721 1061 808 Religiosas‚
1085 721 1248 788 custodiae
1271 741 1378 803 causa,

195 849 386 916 tradendam
410 869 490 934 esse.

287 973 421 1069 Quium
455 975 773 1073 actio-possessoris
807 975 1037 1056 restitutionis,
1070 975 1101 1038 in
1137 973 1200 1038 hac
1231 975 1377 1048 materia,

196 1099 346 1185 impediri
369 1106 475 1185 potest
508 1099 549 1164 ob
584 1103 633 1166 ius
667 1102 774 1186 potius
799 1101 928 1184 utrique
951 1100 1123 1186 coniugum
1147 1105 1377 1184 comparatum,

196 1213 350 1291 nimirum
382 1226 470 1291 intra
498 1225 661 1306 bimestre,
686 1247 705 1290 a
729 1227 936 1291 matrimonio
966 1230 1132 1291 contracto
1156 1231 1188 1291 et
1211 1245 1275 1290 non
1300 1245 1377 1290 con-

195 1355 373 1430 summato,
399 1326 603 1434 ingrediendi
635 1349 827 1433 religionem
859 1348 1079 1434 approbatam.
1105 1349 1151 1414 De
1181 1349 1243 1414 hac
1270 1350 1377 1434 specie

194 1475 305 1556 agitur
335 1473 369 1536 in
396 1491 470 1554 cop.
494 1472 546 1544 14,
570 1470 621 1536 De
646 1470 746 1554 prob.
770 1471 805 1534 X
835 1469 891 1552 (ΙΙ.
921 1471 983 1556 19),
1008 1471 1040 1534 in
1073 1491 1136 1554 qna
1166 1472 1282 1536 mulier
1305 1474 1377 1536 viro

194 1601 317 1684 petenti
334 1600 570 1665 restitutionem
587 1600 719 1684 opponit
736 1619 754 1661 ‹
770 1618 806 1663 se
822 1599 981 1683 virginem
999 1604 1031 1664 et
1047 1598 1237 1662 monacham
1253 1619 1271 1660 a
1294 1617 1375 1664 esse.

195 1719 244 1785 Cf.
269 1741 298 1786 c.
321 1720 383 1796 20,
406 1720 458 1786 De
480 1739 575 1787 cono.
600 1719 733 1805 coming.
758 1720 793 1785 X
814 1717 888 1804 (ΙΙΙ,
913 1719 978 1804 32).

285 1847 363 1913 232.
388 1845 827 1935 Qbeneficialia
847 1867 918 1926 cum
941 1847 1055 1932 primis
1071 1846 1288 1914 interdictum
1304 1845 1375 1909 odi·

189 1971 620 2071 ptrcmdogpofrsessjoots
644 1972 777 2064 obtinet,
803 1991 899 2036 sensu
924 1973 986 2035 iam
1011 1969 1182 2056 explicato,
1200 1990 1258 2054 pro
1282 1969 1376 2035 bene·
1490 2057 1495 2066 ἢ

192 2090 342 2158 fictorum
365 2094 566 2176 aliorumque
589 2091 769 2158 officiorum
795 2093 827 2155 in
852 2091 999 2156 Ecclesia
1021 2089 1221 2174 adquirenda
1251 2110 1373 2174 posses·

192 2218 287 2280 sione
308 2234 415 2300 quam,
432 2223 537 2282 marte
559 2237 628 2289 sno,
646 2215 757 2282 clerici
781 2216 932 2300 accipere
954 2235 1019 2279 non
1036 2213 1162 2286 debent,
1180 2214 1225 2278 nti
1249 2217 1375 2279 constat

191 2361 237 2405 ex
260 2340 307 2406 tit.
325 2341 376 2406 De
394 2340 657 2408 imitationibus
672 2341 706 2404 X
719 2340 793 2425 (ΙΙΙ,
810 2339 854 2425 7),
868 2341 974 2424 prouti
998 2345 1164 2425 exponunt
1186 2340 1374 2404 canonistas

192 2471 330 2551 agentes
353 2468 396 2533 de
418 2468 626 2535 inuitatione
655 2469 743 2535 reati
773 2489 830 2534 seu
861 2470 902 2535 de
933 2471 1148 2536 investituras.
1174 2471 1226 2536 Ex
1251 2471 1296 2534 tit.
1321 2469 1374 2536 De

191 2608 232 2654 eo
249 2591 310 2674 qui
324 2591 469 2657 mittitur
483 2592 520 2656 in
532 2593 778 2676 possessionem
795 2613 903 2659 causo
922 2594 974 2659 rei
989 2594 1179 2659 servandae
1195 2594 1228 2658 X
1242 2591 1298 2678 (ΙΙ,
1320 2595 1372 2676 15)

190 2716 242 2778 rei
264 2717 424 2800 possessio
447 2717 636 2800 acquiritur,
661 2717 810 2782 mandato
842 2717 963 2790 iudicis,
988 2725 1023 2782 ut
1045 2716 1102 2781 lite
1133 2717 1293 2801 pendente
1325 2718 1371 2781 rei

188 2839 351 2924 litigiosae
375 2859 440 2904 non
463 2837 759 2926 {intermontium
783 2847 816 2905 at
839 2840 921 2904 haec
944 2861 1002 2904 suo
1029 2840 1100 2904 loco
1127 2859 1371 2925 prosequemur.

281 2965 369 3059 233„
385 2967 818 3062 lpte-rd-ictflch-ttoeodoe
834 2967 1061 3050 possessionis
1076 2968 1255 3052 applicatur
1268 2969 1372 3040 causis

193 3086 445 3185 beneficia-libus,
463 3090 596 3182 aliisque
612 3091 646 3154 in
661 3109 792 3178 genere,
806 3088 1044 3175 pertinentibus
1060 3089 1100 3152 ad
1112 3089 1240 3176 publica
1252 3091 1370 3165 munia,

186 3213 248 3278 sed
271 3212 347 3297 quid
372 3219 421 3278 est
442 3215 591 3300 speciale,
616 3216 784 3280 nimirum:

287 3335 319 3417 1)
343 3337 370 3399 si
393 3335 476 3401 adsit
497 3339 716 3432 praesumptio
738 3337 790 3401 vel
815 3334 944 3400 dubium
975 3335 1120 3401 imitatae
1151 3337 1370 3421 possessionis,

189 3474 265 3518 com
298 3457 412 3540 primis
433 3456 565 3541 probari
595 3455 699 3527 debet,
724 3455 881 3521 adversus
904 3473 1024 3528 omnes
1046 3457 1277 3539 possessionem
1301 3474 1371 3521 ooo

187 3597 263 3644 esse
288 3580 474 3663 iniustam
503 3582 579 3666 quia
609 3583 750 3646 omnium
779 3577 921 3645 fidelium
951 3581 1097 3660 interest,
1118 3601 1160 3646 ne
1190 3581 1369 3647 huiusmodi

186 3705 319 3791 publica
342 3705 448 3773 officia
469 3709 587 3775 iniuste
610 3713 844 3784 exerceantur3

277 3829 313 3916 2)
344 3829 535 3936 &ficium
565 3852 586 3896 a
615 3831 738 3897 duobos
767 3851 834 3914 pro
866 3830 1010 3898 indiviso
1034 3831 1190 3916 possideri
1221 3852 1285 3896 non
1316 3853 1369 3918 po

187 3960 261 4020 test.
297 3956 408 4032 Quare
434 3931 461 4023 si
488 3935 737 4044 duo-litigantes
770 3977 866 4042 pares
901 3957 1108 4041 probationes
1145 3977 1204 4043 pro
1240 3977 1368 4043 posses-

185 4063 274 4144 sorio
298 4081 377 4146 hinc
400 4080 474 4147 inde
497 4080 658 4146 adducant
681 4079 748 4166 (qui
778 4101 873 4145 casus
896 4080 992 4165 plane
1018 4085 1068 4146 est
1089 4081 1183 4146 valde
1207 4079 1381 4166 difficilis),-

185 4208 306 4268 neuter
327 4201 492 4282 obtinebit,
505 4201 562 4267 sed
585 4204 624 4267 iis
646 4202 771 4267 auferri
796 4200 891 4266 debet
914 4199 1114 4274 beneficium,
1132 4203 1216 4288 apud
1237 4204 1366 4270 tertium

184 4327 352 4394 custodiae
377 4334 410 4393 et
431 4327 717 4394 administrationis
733 4348 830 4393 causa
846 4327 1079 4412 deponendum,
1097 4327 1199 4393 donec
1214 4329 1254 4394 lis
1269 4349 1367 4414 super

185 4452 340 4538 petitorio
363 4457 419 4518 aut
445 4455 643 4538 possessorio
666 4451 837 4520 definiatur
860 4453 912 4518 rel
944 4453 984 4518 ad
1014 4473 1130 4517 novam
1163 4455 1366 4520 collationem
