3350 5117
537 335 581 384 nn
612 335 751 386 inmens
781 337 1046 389 accuesmsrrms
1313 319 1375 389 311

201 457 324 524 clarari
347 476 411 520 non
436 457 543 541 possit,
568 458 732 544 professus
760 461 898 546 cogitur,
919 461 1032 526 saltem
1063 463 1154 526 iuxta
1181 460 1377 546 probabilem

200 581 404 660 seutentiam,
425 581 520 645 etiam
549 601 609 667 pro
640 582 712 647 loro
743 583 883 664 interno,
902 583 961 649 sub
987 586 1082 670 gravi
1112 585 1207 671 culpa
1237 587 1271 650 iu
1301 585 1378 656 reli·

200 704 297 789 gione
321 722 464 776 manere,
489 712 525 770 ut
547 704 662 790 probat
686 706 860 792 Fagneuus
888 708 921 771 in
951 727 1020 793 cap.
1046 707 1084 774 Si
1106 707 1183 792 quis
1205 707 1248 773 de
1269 709 1377 794 regul.

199 831 233 890 et
255 824 327 889 fuse
350 827 485 912 exponit
508 827 548 892 cl.
573 827 677 893 Bouix
694 829 727 892 in
743 847 842 913 opere
858 829 908 895 De
922 829 998 894 iure
1013 831 1236 916 regularium,
1257 836 1334 897 tom.
1349 832 1376 902 1,

194 971 232 1034 ρ.
251 951 332 1035 631,-
348 959 381 1016 et
396 951 459 1018 hoc
482 973 580 1018 sensu
602 954 642 1018 cl.
668 951 879 1036 D'Annibale,
900 955 928 1028 1,
952 977 986 1020 n.
1010 954 1079 1021 104
1101 955 1258 1022 advertit:
1284 957 1380 1022 «Oe

199 1085 306 1144 terum
332 1080 603 1165 Reguleribus....
629 1079 723 1147 datur
747 1083 833 1146 intra
861 1082 1112 1165 quinquennium
1134 1103 1155 1146 a
1177 1082 1378 1168 professione

198 1203 335 1268 solemni
358 1205 391 1267 in
422 1204 583 1290 integrum
608 1207 821 1271 restitutio».
847 1205 976 1270 Revera
999 1205 1060 1271 ista
1083 1203 1258 1270 declaratio
1282 1204 1376 1270 nulli-

198 1330 272 1394 tatis
297 1329 378 1394 alies
402 1334 434 1394 et
457 1350 534 1394 sane
558 1350 676 1416 graves
700 1333 733 1396 in
757 1331 904 1415 professo
928 1331 1062 1396 resolvit
1084 1331 1305 1414 obligationes.

287 1453 364 1518 280.
392 1455 428 1518 ln
452 1475 574 1540 genere
597 1454 753 1521 adversus
772 1462 864 1521 actus
888 1455 960 1520 dolo
983 1457 1180 1523 commissos
1202 1474 1267 1520 non
1283 1455 1377 1520 datur

199 1579 360 1643 restitutio
384 1582 417 1644 iu
433 1580 605 1666 integrum,
622 1582 696 1665 quia
712 1600 753 1645 ex
778 1581 797 1644 t.
814 1583 839 1650 1,
861 1578 941 1646 Cori.
959 1579 996 1645 Si
1019 1581 1184 1646 odorrem
1199 1581 1374 1652 delictum,

200 1725 219 1767 c
243 1707 417 1772 malornm
440 1725 554 1772 mores
577 1706 759 1792 infirmitas
782 1707 892 1772 aniani
913 1723 984 1771 non
1006 1711 1146 1772 excreat
1171 1727 1200 1770 ».
1225 1705 1258 1770 Si
1281 1711 1376 1771 actus

196 1831 303 1914 legem
328 1829 587 1916 transgrediatur
615 1829 796 1897 omissione
827 1829 953 1894 debitae
976 1827 1162 1915 diligentiae
1185 1850 1243 1894 seu
1266 1829 1370 1914 culpa,

195 1957 275 2017 tunc
298 1952 336 2016 in
358 1951 491 2019 minore
514 1955 597 2017 ratio
620 1950 847 2016 concedendae
870 1952 1082 2018 restitutionis
1105 1956 1154 2015 est
1176 1950 1290 2015 aetatis
1311 1970 1375 2014 non

197 2077 361 2139 maturum
394 2073 571 2140 consilium.
597 2073 644 2141 of.
674 2075 726 2139 cit.
751 2073 772 2139 t.
798 2074 813 2136 1
841 2071 933 2148 Ceut,
958 2069 996 2138 Si
1018 2073 1183 2139 adverae
1205 2073 1373 2140 delictum.

288 2199 390 2263 Datur
412 2218 491 2264 vero
514 2199 670 2264 adversus
693 2203 784 2264 actus
808 2196 974 2263 iudiciales
996 2203 1030 2263 et
1051 2197 1313 2263 extraiudiciales
1343 2203 1377 2262 et

196 2317 332 2402 proinde
355 2319 515 2385 restitutio
531 2321 563 2384 iu
587 2321 749 2406 integrum
764 2325 814 2385 est
829 2339 912 2383 unus
927 2338 970 2384 ex
984 2317 1086 2382 modis
1105 2316 1314 2404 impugnandi
1330 2319 1375 2382 iu-

196 2443 275 2508 dicis
302 2447 503 2511 sententiam.
525 2445 616 2528 Quia,
634 2453 669 2512 ut
690 2447 752 2510 iam
779 2447 949 2526 innuimus,
973 2447 1023 2510 vis
1046 2445 1141 2510 huius
1163 2447 1299 2510 actionis
1323 2449 1372 2510 est

196 2575 263 2634 tota
286 2573 320 2635 in
346 2571 538 2638 auctoritate
562 2571 674 2637 iudicis
697 2577 803 2637 actum
829 2567 1043 2635 rescindentis
1065 2576 1098 2636 et
1122 2591 1191 2636 rem
1214 2573 1247 2635 iu
1271 2571 1374 2656 pristi-

196 2715 273 2758 num
298 2699 415 2760 statum
440 2698 636 2781 reponente,
661 2695 756 2762 huius
786 2703 835 2761 est
866 2697 951 2760 lianc
977 2695 1157 2760 concedere
1181 2716 1224 2761 ex
1246 2694 1374 2782 publica

195 2818 391 2882 auctoritate
415 2838 476 2902 qua
500 2819 608 2903 pollet.
626 2855 669 2868 —
687 2820 753 2883 Pro
777 2838 988 2903 personarum
1011 2838 1091 2882 vero
1115 2824 1147 2882 et
1170 2836 1301 2882 casuum
1326 2817 1373 2883 di-

195 2944 361 3024 versitate,
379 2941 549 3027 aliquando
573 2962 619 3008 am
643 2943 761 3028 officio,
786 2943 957 3028 aliquando
981 2944 1028 3008 od
1050 2943 1248 3010 tractantiam
1271 2943 1373 3029 partis

194 3065 303 3131 laesae
339 3068 574 3132 restitutionem
611 3065 766 3140 concedit,
803 3070 894 3134 iuxta
922 3068 1082 3153 principia
1111 3068 1174 3130 iam
1209 3067 1372 3152 exposita;

196 3187 239 3252 ci.
264 3188 557 3275 Schmalzgrueber
580 3188 611 3253 h.
638 3195 658 3254 t.
682 3211 715 3256 n.
740 3188 788 3256 34
812 3196 934 3276 etseq.

285 3312 362 3378 281.
396 3311 456 3377 llle
486 3311 583 3378 iudex
615 3311 655 3378 de
682 3332 779 3379 causa
801 3314 1020 3380 restitutionis
1050 3313 1162 3379 videre
1193 3311 1288 3407 debet
1318 3312 1372 3397 qui

194 3439 335 3515 aliunde,
354 3441 444 3540 iusta
460 3439 629 3526 generales
646 3441 776 3525 regulas
791 3441 1035 3526 competentiae,
1055 3440 1095 3505 de
1110 3441 1166 3506 illo
1184 3447 1269 3522 actu,
1282 3442 1372 3506 cuius

193 3563 344 3626 rescissio
377 3561 575 3647 imploratur,
601 3567 784 3648 competens
807 3568 857 3628 est
887 3563 1068 3628 iudicialem
1093 3561 1215 3628 habere
1238 3563 1371 3647 inquisi-

194 3689 325 3753 tionem.
339 3721 383 3738 -
399 3687 482 3762 Quia
504 3707 547 3752 ex
570 3707 724 3754 concesso
747 3687 904 3753 beneficio
928 3689 1139 3755 restitutionis
1162 3689 1280 3753 iurium
1303 3709 1370 3752 mu-

193 3820 283 3880 tatur
306 3819 419 3896 status,
436 3815 554 3880 citandi
578 3821 652 3881 sunt
675 3817 721 3881 illi
737 3835 1015 3900 omnes-quorum
1039 3817 1175 3883 interest
1198 3823 1232 3880 ut
1255 3815 1371 3881 iudicio

194 3943 356 4008 assistant.
381 3941 429 4009 Cf.
456 3940 666 4009 Reiffenstuel
690 3945 711 4009 t.
736 3943 768 4018 8,
785 3964 820 4008 n.
836 3943 900 4010 20.
