3350 5117
523 320 566 367 nn
592 320 730 369 runicus
754 322 1021 371 rccnnsmsrrcrs
1298 306 1366 373 435

175 436 394 524 obtemperat;
411 459 487 504 reus
511 446 543 505 et
558 446 650 505 actor
667 439 747 505 flunt
763 448 981 515 contumaees.
996 445 1022 508 si
1039 443 1191 510 indicium
1207 446 1362 531 prosequi

175 558 370 643 detractant,
387 563 438 627 vel
463 563 612 629 iudicium
636 571 831 651 susceptum,
848 568 920 631 sine
936 566 1047 632 iudicis
1067 568 1172 649 venia,
1189 567 1361 649 deserunt,

177 683 228 748 vel
254 682 348 749 iudici
371 686 509 769 aliquem
525 692 632 751 actum
656 688 837 753 iudicialem
862 690 1037 774 imperanti
1060 710 1126 753 non
1150 690 1324 758 obediant.

266 804 299 891 3)
325 807 492 893 Negotium
517 807 665 873 iudiciale
689 811 751 873 iam
775 816 823 875 est
848 812 1042 896 incoeptum,
1063 830 1121 876 seu
1145 832 1199 877 res
1222 812 1361 897 amplius

175 928 305 1015 integra
321 950 384 995 non
401 936 450 998 est
465 930 551 995 edita
566 934 731 998 citatione:
748 953 823 1019 erp.
838 954 866 1000 c.
881 952 907 999 c.
921 936 974 1007 19,
986 935 1039 1000 20
1050 935 1100 1001 De
1111 936 1229 1002 o.d.X
1239 937 1359 1025 (1,29);

266 1056 300 1141 4)
323 1056 438 1122 citatio
454 1056 576 1124 inducit
588 1058 869 1139 praeventionem
887 1059 974 1124 inter
989 1059 1099 1143 plures
1115 1060 1237 1125 iudices
1257 1080 1361 1146 aeque

174 1184 415 1265 competentes;

265 1304 299 1387 5)
323 1313 355 1371 et
378 1308 410 1371 in
428 1307 531 1371 iudice
547 1305 697 1393 delegato
714 1305 821 1372 firmat
846 1312 879 1372 et
902 1313 1075 1393 perpetuat
1094 1307 1361 1385 iurisdictionem,

173 1448 257 1513 quae
281 1450 346 1495 non
377 1433 514 1515 expirat,
539 1433 598 1497 etsi
623 1432 736 1497 iudicis
760 1431 941 1517 delegantis
969 1439 1074 1497 cesset
1102 1432 1291 1507 iurisdictio,
1317 1454 1361 1501 ex

173 1574 250 1639 cap.
267 1554 327 1627 30,
345 1556 398 1621 De
413 1559 467 1641 off.
485 1556 591 1642 delep.
610 1558 649 1621 X.

264 1678 393 1760 etpost
415 1680 598 1746 citationem
625 1680 768 1765 legitime
798 1688 979 1752 executam,
1002 1686 1058 1745 aut
1081 1682 1108 1745 si
1136 1701 1198 1766 per
1227 1682 1359 1745 citatum

171 1800 381 1883 steteritque
404 1800 508 1865 minus
520 1803 628 1866 citatio
643 1800 684 1865 ad
701 1822 773 1865 eum
790 1803 988 1885 pervenerit,
1007 1800 1173 1867 inducitur
1193 1802 1259 1867 litis
1282 1821 1360 1887 pen·

171 1926 282 1993 dentia
305 1932 338 1992 et
367 1926 444 1993 hinc
472 1926 659 1993 verificatur
692 1928 771 1992 iuris
795 1929 1002 2013 principium:
1039 1928 1078 1993 Ut
1106 1930 1162 1993 lite
1187 1928 1361 2011 pendente

171 2052 257 2117 cibit
281 2050 470 2117 innovetur.
497 2050 647 2131 Proinde,
678 2072 730 2116 res
754 2072 816 2135 qua
840 2050 881 2115 de
904 2052 1022 2136 agitur,
1047 2053 1080 2115 in
1103 2049 1213 2115 libello
1237 2051 1358 2115 actoris

173 2179 221 2239 est
237 2174 301 2237 iam
318 2172 375 2238 sub
399 2172 513 2237 iudicis
529 2176 684 2256 potestate
700 2192 756 2237 seu
773 2170 809 2239 tit
825 2172 996 2258 litipiose5
1013 2172 1097 2237 unde
1114 2174 1183 2237 eius
1204 2172 1358 2237 alienatio

171 2298 225 2362 rel
249 2316 469 2381 quaecumque
491 2296 555 2361 alia
579 2297 759 2359 immutatio
784 2296 1000 2361 interdicitur.

263 2422 297 2503 i)
326 2420 410 2485 Hine
433 2422 681 2504 interrumpitur
705 2421 931 2505 praescriptio,
955 2439 1028 2485 cum
1055 2420 1184 2485 interim
1208 2439 1263 2485 res
1285 2440 1357 2505 pos·

170 2548 308 2611 sessoris
338 2546 462 2611 liberae
493 2546 691 2633 dispositioni
726 2546 949 2628 subtrahatur,
969 2548 1022 2630 qui
1054 2545 1192 2631 proinde
1218 2547 1356 2631 amplius

169 2676 278 2739 animo
302 2672 494 2739 dominantis
518 2673 683 2759 possidere
708 2692 773 2739 uon
798 2673 896 2739 valet.

261 2796 336 2863 410.
351 2797 461 2882 Magni
474 2796 634 2881 ponderis.
653 2798 699 2861 uti
712 2802 813 2879 paret,
828 2800 903 2859 sunt
915 2790 1049 2860 effectus
1065 2794 1234 2859 citationis.
1252 2792 1359 2859 Valor

169 2928 277 2987 autem
302 2929 393 2985 actus
405 2922 573 2993 citationis,
590 2922 681 2985 cuius
697 2922 918 2985 solemnitates
935 2921 967 2984 in
982 2919 1099 2984 bonum
1126 2919 1266 3003 partium
1283 2938 1359 2981 con·

167 3067 281 3113 cessae
298 3054 381 3128 sunt,
398 3046 516 3132 pendet
531 3048 703 3132 praecipue
721 3048 895 3132 apartium
912 3046 1089 3111 voluntate.
1108 3044 1218 3121 Qua're
1235 3048 1261 3111 si
1277 3066 1355 3130 pars

170 3174 261 3238 cuius
276 3174 418 3243 interest.
433 3181 605 3258 cognoscat
621 3174 782 3237 citationis
795 3172 940 3237 delectus
956 3190 1074 3255 eosque
1087 3192 1151 3236 non
1165 3172 1352 3247 denunciet,

168 3294 361 3380 intelligitur
376 3295 438 3359 iuri
455 3316 512 3360 suo
529 3298 746 3365 renunciasse,
759 3294 839 3359 adeo
856 3299 890 3358 ut
902 3294 1010 3359 citatio
1026 3293 1120 3378 plene
1137 3295 1349 3360 sustineatur.

246 3507 269 3588 ἓ
295 3508 323 3571 1.
350 3506 397 3571 De
420 3506 669 3589 eecepeonioes
691 3505 953 3588 impedientibus
977 3504 1043 3571 tite
1065 3505 1269 3607 inpressum.

166 3698 384 3755 summarium.
405 3728 438 3740 -
458 3700 518 3753 411.
541 3700 614 3753 lleus
633 3716 794 3768 comparens
819 3698 847 3751 in
870 3698 972 3751 iudicio
991 3698 1074 3752 debet
1094 3699 1189 3752 statim
1209 3714 1352 3769 opponere

258 3803 391 3875 quasdam
410 3805 601 3873 exceptiones,
617 3822 649 3857 ne
669 3804 721 3857 iuri
742 3820 791 3857 suo
811 3804 989 3858 renunciasse
1008 3801 1141 3856 videatur.
1155 3832 1193 3843 -
1206 3803 1267 3857 412.
1281 3802 1354 3856 Hinc

257 3912 443 3965 instrumenta
462 3912 496 3963 ab
510 3916 604 3965 actore
624 3910 757 3979 producta
774 3925 821 3964 reo
834 3907 1065 3963 communicanda
1082 3914 1155 3963 sunt.
1173 3938 1207 3950 -
1220 3910 1282 3964 413.
1296 3910 1354 3963 Ex·

257 4020 505 4107 plicantur-sontes
524 4018 717 4088 exceptionum
737 4018 938 4071 dilatoriarum.
958 4046 995 4058 -
1012 4018 1072 4072 414.
1093 4016 1207 4078 Quando
1235 4018 1351 4087 proponi

257 4124 376 4178 debeant
394 4124 571 4194 exceptiones
591 4124 801 4194 peremptoriae.

257 4286 331 4350 411.
358 4286 420 4351 Hic
442 4288 532 4353 iuvat
558 4286 743 4360 advertere,
768 4306 939 4371 processus
962 4284 1109 4350 ordinem
1133 4286 1347 4370 expostulare

164 4414 199 4475 ut
221 4410 395 4475 nonnullae
419 4412 620 4494 quaestiones
644 4431 664 4475 a
694 4430 752 4475 reo
784 4415 946 4476 convento
970 4415 1192 4495 proponantur
1217 4411 1344 4494 inipso
