3350 5117
305 366 373 433 566
832 385 918 435 eins
942 386 965 432 1.

304 511 468 575 sententia
480 510 557 597 ipsis
569 508 811 574 contumacibus
826 509 963 595 prolata,
980 514 1013 575 et
1030 510 1112 575 ratio
1129 508 1161 573 in
1177 514 1291 595 aperto
1303 514 1361 575 est.
1379 508 1493 585 Quare

305 636 339 699 in
363 634 495 701 decreto
518 635 603 701 edito
633 655 655 700 a
683 632 718 701 S.
746 632 780 701 0.
805 636 875 701 ΕΕ.
899 640 932 701 et
962 632 1037 699 ΗΕ.
1062 632 1102 699 de
1134 634 1285 699 mandato
1316 635 1495 701 Clementis

306 757 416 843 Papae
438 758 685 823 v111a.1600
707 780 726 820 ι
749 758 839 823 circa
862 756 1093 843 appellationes
1117 762 1150 823 et
1171 758 1379 824 inhibitiones
1401 780 1432 839 »,
1456 760 1491 823 in

305 888 371 951 art.
388 884 447 949 ult.
473 882 676 948 decernitur:
703 904 722 944 ι
746 886 775 947 Α
799 885 962 949 sententia
986 884 1082 949 etiam
1107 880 1271 949 definitiva
1294 890 1409 949 contra
1432 904 1490 951 ve·

306 1030 378 1075 rum
402 1015 624 1075 contumacem
655 1009 794 1094 prolata,
818 1009 992 1095 appellatio
1016 1028 1081 1073 non
1110 1010 1296 1095 recipiatur,
1321 1028 1383 1074 nec
1404 1009 1495 1075 inhi-

306 1132 383 1198 bitio
406 1137 462 1196 aut
476 1131 541 1196 alia
564 1133 697 1215 quaevis
721 1132 873 1217 provisio,
892 1132 1042 1216 quamdiu
1065 1131 1233 1216 appellans
1255 1133 1287 1195 in
1309 1128 1492 1195 huiusmodi

306 1275 388 1321 vera
411 1256 614 1321 contumacia
636 1256 824 1339 perstiterit.
852 1254 1050 1319 concedatur
1072 1277 1104 1317 ›.

397 1379 473 1446 576.
498 1380 551 1445 Ex
574 1379 669 1445 dictis
685 1384 773 1464 patet
788 1378 924 1464 duplicis
940 1380 1061 1465 speciei
1078 1398 1149 1445 esse
1165 1378 1309 1443 remedia
1332 1379 1365 1443 in
1381 1384 1496 1444 coutu-

307 1524 432 1577 maces;
456 1504 521 1569 alia
536 1524 652 1590 nempe
665 1504 834 1587 punitiva,
852 1504 917 1569 alia
933 1506 1122 1589 simpliciter
1141 1505 1318 1571 iudicialio
1332 1525 1391 1589 seu
1406 1525 1492 1570 corn·

307 1634 421 1717 parata
444 1630 645 1715 litigantibus
668 1634 704 1696 ut
726 1630 815 1695 litem
844 1628 1009 1701 definiant,
1035 1630 1088 1695 vel
1112 1630 1296 1696 instantiam
1323 1630 1496 1695 absolvant

307 1753 465 1819 adversus
488 1760 720 1819 contumacem.
738 1754 830 1829 Quod
856 1756 888 1818 in
913 1760 1069 1841 systema,
1086 1761 1250 1841 postremo
1272 1754 1354 1827 loco,
1371 1754 1494 1821 adver-

306 1882 395 1945 tatur
422 1878 463 1943 0b
493 1878 696 1944 conditiones
725 1877 934 1943 tribunalium
967 1880 1269 1961 ecclesiasticorum,
1301 1900 1388 1945 nunc
1418 1880 1494 1945 sere

307 2002 424 2087 ubique
446 2003 530 2067 haud
547 2023 642 2089 posse
658 2003 791 2069 concedi
815 1989 1047 2069 immissionem
1062 2006 1095 2068 in
1120 2004 1205 2071 hona
1226 2007 1274 2070 rei
1291 2008 1495 2071 contumacis

300 2128 376 2210 sive
399 2126 563 2192 custodiae
586 2128 654 2192 sive
678 2128 887 2212 possessionis
910 2147 1017 2197 causa.
1041 2148 1145 2213 neque
1170 2128 1325 2215 expedire
1348 2129 1386 2193 in
1408 2129 1490 2194 ciui-

307 2248 396 2315 libus
418 2250 557 2336 partium
574 2250 807 2315 contumaciam
827 2250 949 2333 poenis
965 2223 1128 2315 cohibere.
1147 2251 1289 2316 Proinde
1310 2252 1414 2337 potius
1437 2252 1495 2316 ad-

305 2371 506 2437 haerendum
523 2379 573 2437 est
587 2374 682 2458 praxi
699 2373 752 2439 cit.
770 2372 844 2439 cod.
865 2372 966 2457 Greq.
983 2372 1017 2436 X
1025 2372 1070 2436 Vl
1085 2372 1122 2437 in
1139 2392 1170 2436 a.
1187 2374 1261 2438 556
1276 2378 1310 2439 et
1325 2392 1393 2457 seq.
1409 2373 1494 2438 alio-

308 2516 443 2581 rumque
466 2494 621 2568 codicum‚
643 2495 758 2587 quihus
780 2498 971 2581 supponitur
995 2500 1168 2560 contumax
1192 2498 1401 2563 renunciasse
1425 2500 1491 2563 iuri

307 2642 385 2689 suae
399 2622 595 2688 delensioriis
611 2623 724 2689 saltem
737 2623 771 2687 in
787 2623 844 2688 illa
860 2622 1031 2697 instantia;
1047 2622 1093 2686 ita
1111 2626 1154 2704 ut,
1172 2642 1210 2686 eo
1227 2642 1290 2685 non
1305 2628 1489 2706 praesente,

308 2742 481 2811 definiatur
502 2764 608 2818 causa,
622 2744 675 2809 vel
699 2745 851 2811 instantia
874 2744 1066 2829 expediatur
1081 2764 1120 2809 ac
1135 2745 1162 2809 si
1184 2764 1340 2831 praesens
1364 2745 1491 2812 fuisset.

398 2869 523 2937 Sensim
538 2870 593 2935 hic
605 2890 673 2934 mos
696 2869 736 2934 ob
753 2871 879 2955 praxim
897 2869 960 2933 sori
976 2868 1102 2934 laicalis
1125 2874 1158 2935 et
1181 2868 1220 2933 ob
1236 2876 1416 2953 temporum
1434 2890 1491 2935 no-

308 2997 452 3058 strorum
482 2991 622 3058 indolem
652 2992 793 3057 libertati
824 2994 927 3079 magis
959 2992 1195 3077 indulgentem,
1225 2994 1320 3056 etiam
1352 2992 1383 3056 in
1416 2991 1491 3056 soro

308 3113 528 3180 ecclesiastico
559 3113 701 3185 inclevit
725 3113 915 3199 posthabitis
944 3113 1095 3178 nimirum
1127 3111 1239 3178 mediis
1266 3110 1486 3196 poenalibus,

306 3240 340 3301 et
374 3240 498 3301 tantum
529 3234 679 3301 adhibitis
706 3236 827 3302 mediis
859 3234 1083 3308 iudicialibus,
1107 3254 1189 3320 quae
1216 3236 1326 3299 sinunt
1355 3252 1491 3299 causam

305 3358 451 3446 praecidi
474 3365 531 3424 aut
553 3357 681 3424 definiri
704 3359 860 3424 adversus
884 3366 1117 3427 contumacem.

396 3486 467 3549 Hoc
497 3483 690 3549 observatur
721 3502 847 3567 quoque
872 3483 904 3547 in
929 3482 1034 3548 causis
1058 3480 1277 3567 spiritualibus
1300 3482 1400 3548 veluti
1426 3504 1496 3547 ma-

304 3605 550 3673 trimonialibus.
577 3608 615 3671 ln
638 3606 858 3673 criminalibus
873 3626 954 3671 vero
973 3626 1050 3671 reus
1073 3614 1249 3673 contumax
1272 3606 1411 3672 habetur
1426 3626 1492 3693 pro

305 3732 470 3810 confess0;
493 3734 555 3798 nisi
578 3733 633 3798 hic
656 3736 774 3818 purget
797 3752 854 3797 seu
878 3738 1013 3797 excuset
1043 3752 1133 3797 suam
1161 3732 1406 3807 contumaciam,
1431 3740 1494 3799 aut

304 3858 526 3923 contumaciae
548 3856 692 3942 legitima
715 3874 814 3920 causa
828 3855 999 3941 detegatur
1015 3874 1059 3919 ex
1083 3854 1287 3938 inquisitione
1307 3852 1429 3920 iudicis.
1451 3856 1492 3919 ln

303 4001 398 4047 reum
414 3988 520 4047 autem
544 3981 726 4047 contessum
749 3999 873 4067 poenae
896 3980 1108 4067 applicandae
1131 3984 1216 4046 sunt.
