<?xml version="1.0" encoding="UTF-8"?>
<!DOCTYPE html PUBLIC "-//W3C//DTD XHTML 1.0 Transitional//EN"
    "http://www.w3.org/TR/xhtml1/DTD/xhtml1-transitional.dtd">
<html xmlns="http://www.w3.org/1999/xhtml" xml:lang="en" lang="en">
 <head>
  <title>
</title>
<meta http-equiv="Content-Type" content="text/html;charset=utf-8" />
  <meta name='ocr-system' content='tesseract 3.04.00' />
  <meta name='ocr-capabilities' content='ocr_page ocr_carea ocr_par ocr_line ocrx_word'/>
</head>
<body>
  <div class='ocr_page' id='page_1' title='image "./praelectionesin01legagoog_0460.png"; bbox 0 0 3350 5117; ppageno 0'>
   <div class='ocr_carea' id='block_1_1' title="bbox 743 606 997 675">
    <p class='ocr_par' dir='ltr' id='par_1_1' title="bbox 743 606 997 675">
     <span class='ocr_line' id='line_1_1' title="bbox 743 606 997 675; baseline 0 -4"><span class='ocrx_word' id='word_1_1' title='bbox 743 608 923 675; x_wconf 88' lang='lat' dir='ltr'>TITULUS</span> <span class='ocrx_word' id='word_1_2' title='bbox 955 606 997 673; x_wconf 90' lang='lat' dir='ltr'><strong><em>V.</em></strong></span> 
     </span>
    </p>
   </div>
   <div class='ocr_carea' id='block_1_2' title="bbox 641 805 1096 981">
    <p class='ocr_par' dir='ltr' id='par_1_2' title="bbox 641 805 1096 981">
     <span class='ocr_line' id='line_1_2' title="bbox 641 805 1096 853; baseline 0 -4"><span class='ocrx_word' id='word_1_3' title='bbox 641 805 692 850; x_wconf 87' lang='lat' dir='ltr'><strong><em>DE</em></strong></span> <span class='ocrx_word' id='word_1_4' title='bbox 727 805 1096 853; x_wconf 74' lang='lat' dir='ltr'><strong><em>Pnottnrtortletts.</em></strong></span> 
     </span>
     <span class='ocr_line' id='line_1_3' title="bbox 682 926 1064 981; baseline 0.003 -12"><span class='ocrx_word' id='word_1_5' title='bbox 682 928 733 969; x_wconf 83' lang='lat' dir='ltr'><strong><em>Huc</em></strong></span> <span class='ocrx_word' id='word_1_6' title='bbox 748 926 842 971; x_wconf 80' lang='lat' dir='ltr'><strong><em>reserat.</em></strong></span> <span class='ocrx_word' id='word_1_7' title='bbox 856 928 892 970; x_wconf 80' lang='lat' dir='ltr'><strong><em>tir.</em></strong></span> <span class='ocrx_word' id='word_1_8' title='bbox 910 927 934 970; x_wconf 81' lang='lat' dir='ltr'><strong><em>te</em></strong></span> <span class='ocrx_word' id='word_1_9' title='bbox 948 928 971 969; x_wconf 84' lang='lat' dir='ltr'><strong><em>h.</em></strong></span> <span class='ocrx_word' id='word_1_10' title='bbox 986 928 1018 981; x_wconf 84' lang='lat' dir='ltr'><strong><em>tt,</em></strong></span> <span class='ocrx_word' id='word_1_11' title='bbox 1033 928 1064 971; x_wconf 80' lang='lat' dir='ltr'><strong><em>X.</em></strong></span> 
     </span>
    </p>
   </div>
   <div class='ocr_carea' id='block_1_3' title="bbox 282 1084 1461 1368">
    <p class='ocr_par' dir='ltr' id='par_1_3' title="bbox 282 1084 1461 1368">
     <span class='ocr_line' id='line_1_4' title="bbox 282 1084 1461 1157; baseline 0 -18"><span class='ocrx_word' id='word_1_12' title='bbox 282 1084 498 1142; x_wconf 76' lang='lat' dir='ltr'><strong><em>summarium.</em></strong></span> <span class='ocrx_word' id='word_1_13' title='bbox 517 1116 550 1129; x_wconf 90' lang='lat'>-</span> <span class='ocrx_word' id='word_1_14' title='bbox 570 1088 630 1141; x_wconf 82' lang='grc'><strong>434.</strong></span> <span class='ocrx_word' id='word_1_15' title='bbox 650 1088 781 1142; x_wconf 81' lang='lat' dir='ltr'><strong><em>Truditur</em></strong></span> <span class='ocrx_word' id='word_1_16' title='bbox 799 1088 878 1141; x_wconf 90' lang='lat' dir='ltr'><strong><em>notio</em></strong></span> <span class='ocrx_word' id='word_1_17' title='bbox 896 1086 1076 1157; x_wconf 83' lang='lat' dir='ltr'><strong><em>probationis.</em></strong></span> <span class='ocrx_word' id='word_1_18' title='bbox 1094 1116 1133 1129; x_wconf 88' lang='lat'>-</span> <span class='ocrx_word' id='word_1_19' title='bbox 1150 1088 1211 1141; x_wconf 88' lang='grc'><strong>435.</strong></span> <span class='ocrx_word' id='word_1_20' title='bbox 1230 1086 1372 1148; x_wconf 84' lang='lat' dir='ltr'><strong>Quomodo</strong></span> <span class='ocrx_word' id='word_1_21' title='bbox 1390 1103 1461 1140; x_wconf 85' lang='lat' dir='ltr'><strong><em>eon·</em></strong></span> 
     </span>
     <span class='ocr_line' id='line_1_5' title="bbox 368 1193 1457 1267; baseline 0 -21"><span class='ocrx_word' id='word_1_22' title='bbox 368 1194 521 1248; x_wconf 85' lang='lat' dir='ltr'><strong><em>stituantur</em></strong></span> <span class='ocrx_word' id='word_1_23' title='bbox 539 1196 717 1264; x_wconf 78' lang='lat' dir='ltr'><strong>probationes</strong></span> <span class='ocrx_word' id='word_1_24' title='bbox 736 1196 853 1265; x_wconf 71' lang='lat' dir='ltr'><strong><em>legates,</em></strong></span> <span class='ocrx_word' id='word_1_25' title='bbox 874 1211 943 1267; x_wconf 90' lang='lat' dir='ltr'><strong><em>quos</em></strong></span> <span class='ocrx_word' id='word_1_26' title='bbox 961 1195 1036 1249; x_wconf 87' lang='lat' dir='ltr'><strong><em>iuter</em></strong></span> <span class='ocrx_word' id='word_1_27' title='bbox 1053 1195 1158 1249; x_wconf 89' lang='lat' dir='ltr'><strong><em>eminet</em></strong></span> <span class='ocrx_word' id='word_1_28' title='bbox 1171 1195 1366 1265; x_wconf 71' lang='lat' dir='ltr'><strong><em>praesumptio</em></strong></span> <span class='ocrx_word' id='word_1_29' title='bbox 1379 1193 1457 1247; x_wconf 73' lang='lat' dir='ltr'><strong><em>iuris</em></strong></span> 
     </span>
     <span class='ocr_line' id='line_1_6' title="bbox 369 1297 1461 1368; baseline 0.001 -17"><span class='ocrx_word' id='word_1_30' title='bbox 369 1326 403 1338; x_wconf 98' lang='lat'>-</span> <span class='ocrx_word' id='word_1_31' title='bbox 422 1297 482 1352; x_wconf 88' lang='grc'><strong>436.</strong></span> <span class='ocrx_word' id='word_1_32' title='bbox 503 1300 685 1354; x_wconf 85' lang='lat' dir='ltr'><strong><em>Probationes</em></strong></span> <span class='ocrx_word' id='word_1_33' title='bbox 704 1301 812 1353; x_wconf 83' lang='lat' dir='ltr'><strong><em>ratione</em></strong></span> <span class='ocrx_word' id='word_1_34' title='bbox 831 1301 915 1365; x_wconf 83' lang='lat' dir='ltr'><strong><em>ntoati,</em></strong></span> <span class='ocrx_word' id='word_1_35' title='bbox 933 1314 989 1368; x_wconf 92' lang='lat' dir='ltr'><strong><em>quo</em></strong></span> <span class='ocrx_word' id='word_1_36' title='bbox 1007 1298 1178 1365; x_wconf 88' lang='lat' dir='ltr'><strong><em>obtinentur,</em></strong></span> <span class='ocrx_word' id='word_1_37' title='bbox 1197 1297 1408 1366; x_wconf 82' lang='lat' dir='ltr'><strong><em>distinguuntur</em></strong></span> <span class='ocrx_word' id='word_1_38' title='bbox 1430 1298 1461 1352; x_wconf 86' lang='lat' dir='ltr'><strong><em>in</em></strong></span> 
     </span>
    </p>
   </div>
   <div class='ocr_carea' id='block_1_4' title="bbox 368 1405 1459 1586">
    <p class='ocr_par' dir='ltr' id='par_1_4' title="bbox 368 1405 1459 1586">
     <span class='ocr_line' id='line_1_7' title="bbox 368 1405 1457 1478; baseline -0.003 -17"><span class='ocrx_word' id='word_1_39' title='bbox 368 1410 499 1473; x_wconf 82' lang='lat' dir='ltr'><strong><em>directos,</em></strong></span> <span class='ocrx_word' id='word_1_40' title='bbox 512 1412 540 1463; x_wconf 86' lang='lat' dir='ltr'><strong><em>et</em></strong></span> <span class='ocrx_word' id='word_1_41' title='bbox 553 1410 710 1463; x_wconf 82' lang='lat' dir='ltr'><strong><em>indirectas.</em></strong></span> <span class='ocrx_word' id='word_1_42' title='bbox 720 1438 757 1450; x_wconf 92' lang='lat'>-</span> <span class='ocrx_word' id='word_1_43' title='bbox 766 1408 827 1461; x_wconf 83' lang='grc'><strong>437.</strong></span> <span class='ocrx_word' id='word_1_44' title='bbox 843 1408 1027 1462; x_wconf 84' lang='lat' dir='ltr'><strong><em>Probationes</em></strong></span> <span class='ocrx_word' id='word_1_45' title='bbox 1037 1409 1146 1461; x_wconf 86' lang='lat' dir='ltr'><strong><em>ratione</em></strong></span> <span class='ocrx_word' id='word_1_46' title='bbox 1155 1408 1269 1478; x_wconf 68' lang='lat' dir='ltr'><strong><em>effectas</em></strong></span> <span class='ocrx_word' id='word_1_47' title='bbox 1281 1405 1457 1475; x_wconf 78' lang='lat' dir='ltr'><strong><em>distinguun-</em></strong></span> 
     </span>
     <span class='ocr_line' id='line_1_8' title="bbox 369 1513 1459 1586; baseline 0 -19"><span class='ocrx_word' id='word_1_48' title='bbox 369 1520 414 1568; x_wconf 92' lang='lat' dir='ltr'><strong><em>tur</em></strong></span> <span class='ocrx_word' id='word_1_49' title='bbox 426 1514 454 1567; x_wconf 92' lang='lat' dir='ltr'><strong><em>in</em></strong></span> <span class='ocrx_word' id='word_1_50' title='bbox 470 1516 572 1585; x_wconf 86' lang='lat' dir='ltr'><strong><em>plenas</em></strong></span> <span class='ocrx_word' id='word_1_51' title='bbox 592 1521 620 1569; x_wconf 92' lang='lat' dir='ltr'><strong><em>et</em></strong></span> <span class='ocrx_word' id='word_1_52' title='bbox 638 1516 816 1584; x_wconf 76' lang='lat' dir='ltr'><strong><em>serrraplenas.</em></strong></span> <span class='ocrx_word' id='word_1_53' title='bbox 835 1543 870 1555; x_wconf 99' lang='lat'>-</span> <span class='ocrx_word' id='word_1_54' title='bbox 889 1515 950 1568; x_wconf 90' lang='grc'><strong>438.</strong></span> <span class='ocrx_word' id='word_1_55' title='bbox 972 1516 1016 1569; x_wconf 78' lang='lat' dir='ltr'><strong><em>An</em></strong></span> <span class='ocrx_word' id='word_1_56' title='bbox 1037 1518 1067 1569; x_wconf 91' lang='lat' dir='ltr'><strong><em>et</em></strong></span> <span class='ocrx_word' id='word_1_57' title='bbox 1091 1514 1227 1586; x_wconf 89' lang='lat' dir='ltr'><strong><em>quomodo</em></strong></span> <span class='ocrx_word' id='word_1_58' title='bbox 1252 1513 1396 1583; x_wconf 83' lang='lat' dir='ltr'><strong><em>probanda</em></strong></span> <span class='ocrx_word' id='word_1_59' title='bbox 1419 1514 1459 1567; x_wconf 84' lang='lat' dir='ltr'><strong><em>sit</em></strong></span> 
     </span>
    </p>
   </div>
   <div class='ocr_carea' id='block_1_5' title="bbox 370 1624 1459 1695">
    <p class='ocr_par' dir='ltr' id='par_1_5' title="bbox 370 1624 1459 1695">
     <span class='ocr_line' id='line_1_9' title="bbox 370 1624 1459 1695; baseline -0.002 -18"><span class='ocrx_word' id='word_1_60' title='bbox 370 1625 437 1679; x_wconf 85' lang='lat' dir='ltr'><strong><em>haee</em></strong></span> <span class='ocrx_word' id='word_1_61' title='bbox 456 1625 605 1679; x_wconf 87' lang='lat' dir='ltr'><strong><em>distinctio.</em></strong></span> <span class='ocrx_word' id='word_1_62' title='bbox 626 1655 659 1667; x_wconf 97' lang='lat'><em>-</em></span> <span class='ocrx_word' id='word_1_63' title='bbox 679 1626 739 1679; x_wconf 89' lang='grc'><strong>439.</strong></span> <span class='ocrx_word' id='word_1_64' title='bbox 760 1625 924 1695; x_wconf 76' lang='lat' dir='ltr'>Explicatur</span> <span class='ocrx_word' id='word_1_65' title='bbox 944 1624 1110 1695; x_wconf 85' lang='lat' dir='ltr'><strong><em>principium</em></strong></span> <span class='ocrx_word' id='word_1_66' title='bbox 1123 1640 1193 1678; x_wconf 82' lang='lat' dir='ltr'><strong><em>onus</em></strong></span> <span class='ocrx_word' id='word_1_67' title='bbox 1209 1624 1350 1693; x_wconf 83' lang='lat' dir='ltr'><strong><em>probandi</em></strong></span> <span class='ocrx_word' id='word_1_68' title='bbox 1367 1624 1459 1676; x_wconf 85' lang='lat' dir='ltr'><strong><em>actori</em></strong></span> 
     </span>
    </p>
   </div>
   <div class='ocr_carea' id='block_1_6' title="bbox 366 1732 1456 1911">
    <p class='ocr_par' dir='ltr' id='par_1_6' title="bbox 366 1732 1456 1911">
     <span class='ocr_line' id='line_1_10' title="bbox 367 1732 1456 1805; baseline -0.001 -19"><span class='ocrx_word' id='word_1_69' title='bbox 367 1736 499 1789; x_wconf 82' lang='lat' dir='ltr'><strong><em>incumbit</em></strong></span> <span class='ocrx_word' id='word_1_70' title='bbox 517 1752 567 1791; x_wconf 88' lang='lat' dir='ltr'><strong><em>sen</em></strong></span> <span class='ocrx_word' id='word_1_71' title='bbox 586 1736 702 1805; x_wconf 77' lang='lat' dir='ltr'><strong><em>aliquod</em></strong></span> <span class='ocrx_word' id='word_1_72' title='bbox 720 1737 826 1805; x_wconf 74' lang='lat' dir='ltr'><strong><em>saetam</em></strong></span> <span class='ocrx_word' id='word_1_73' title='bbox 845 1736 991 1799; x_wconf 75' lang='lat' dir='ltr'><strong><em>asserenti,</em></strong></span> <span class='ocrx_word' id='word_1_74' title='bbox 1004 1732 1154 1788; x_wconf 84' lang='lat' dir='ltr'><strong><em>reiiciendo</em></strong></span> <span class='ocrx_word' id='word_1_75' title='bbox 1173 1732 1365 1801; x_wconf 80' lang='lat' dir='ltr'><strong>exceptionem</strong></span> <span class='ocrx_word' id='word_1_76' title='bbox 1384 1746 1456 1802; x_wconf 85' lang='lat' dir='ltr'><strong><em>quae</em></strong></span> 
     </span>
     <span class='ocr_line' id='line_1_11' title="bbox 366 1839 1383 1911; baseline -0.003 -17"><span class='ocrx_word' id='word_1_77' title='bbox 366 1840 432 1894; x_wconf 85' lang='lat' dir='ltr'><strong><em>huie</em></strong></span> <span class='ocrx_word' id='word_1_78' title='bbox 451 1840 564 1909; x_wconf 84' lang='lat' dir='ltr'><strong><em>regulae</em></strong></span> <span class='ocrx_word' id='word_1_79' title='bbox 583 1841 644 1897; x_wconf 88' lang='lat' dir='ltr'><strong><em>fieri</em></strong></span> <span class='ocrx_word' id='word_1_80' title='bbox 663 1839 743 1906; x_wconf 89' lang='lat' dir='ltr'><strong><em>solet,</em></strong></span> <span class='ocrx_word' id='word_1_81' title='bbox 762 1841 872 1911; x_wconf 85' lang='lat' dir='ltr'><strong><em>quando</em></strong></span> <span class='ocrx_word' id='word_1_82' title='bbox 891 1844 963 1895; x_wconf 82' lang='lat' dir='ltr'><strong><em>iaris</em></strong></span> <span class='ocrx_word' id='word_1_83' title='bbox 977 1841 1172 1911; x_wconf 68' lang='lat' dir='ltr'><strong><em>praesumptio</em></strong></span> <span class='ocrx_word' id='word_1_84' title='bbox 1191 1839 1278 1892; x_wconf 85' lang='lat' dir='ltr'><strong><em>actori</em></strong></span> <span class='ocrx_word' id='word_1_85' title='bbox 1300 1841 1383 1892; x_wconf 83' lang='lat' dir='ltr'><strong><em>taret.</em></strong></span> 
     </span>
    </p>
   </div>
   <div class='ocr_carea' id='block_1_7' title="bbox 275 2072 1457 4015">
    <p class='ocr_par' dir='ltr' id='par_1_7' title="bbox 279 2072 1455 2405">
     <span class='ocr_line' id='line_1_12' title="bbox 369 2072 1455 2160; baseline 0.001 -24"><span class='ocrx_word' id='word_1_86' title='bbox 369 2073 445 2138; x_wconf 72' lang='lat'>4:³4.</span> <span class='ocrx_word' id='word_1_87' title='bbox 461 2074 556 2137; x_wconf 89' lang='lat' dir='ltr'><strong><em>Modo</em></strong></span> <span class='ocrx_word' id='word_1_88' title='bbox 573 2073 770 2158; x_wconf 84' lang='lat' dir='ltr'><strong><em>probationis</em></strong></span> <span class='ocrx_word' id='word_1_89' title='bbox 787 2077 959 2160; x_wconf 88' lang='lat' dir='ltr'><strong><em>generious</em></strong></span> <span class='ocrx_word' id='word_1_90' title='bbox 975 2080 1150 2159; x_wconf 83' lang='lat' dir='ltr'><strong><em>corroeptus</em></strong></span> <span class='ocrx_word' id='word_1_91' title='bbox 1170 2072 1380 2158; x_wconf 79' lang='lat' dir='ltr'><strong><em>explicandus</em></strong></span> <span class='ocrx_word' id='word_1_92' title='bbox 1395 2077 1455 2139; x_wconf 89' lang='lat' dir='ltr'><strong><em>est.</em></strong></span> 
     </span>
     <span class='ocr_line' id='line_1_13' title="bbox 279 2194 1454 2280; baseline 0.002 -22"><span class='ocrx_word' id='word_1_93' title='bbox 279 2195 431 2261; x_wconf 87' lang='lat' dir='ltr'><strong><em>Probatio</em></strong></span> <span class='ocrx_word' id='word_1_94' title='bbox 455 2198 499 2260; x_wconf 87' lang='lat' dir='ltr'><strong><em>ita</em></strong></span> <span class='ocrx_word' id='word_1_95' title='bbox 522 2194 692 2261; x_wconf 86' lang='lat' dir='ltr'><strong><em>definitur:</em></strong></span> <span class='ocrx_word' id='word_1_96' title='bbox 716 2194 780 2261; x_wconf 82' lang='lat' dir='ltr'><strong><em>Rei</em></strong></span> <span class='ocrx_word' id='word_1_97' title='bbox 803 2196 927 2263; x_wconf 83' lang='lat' dir='ltr'><strong><em>dubiae</em></strong></span> <span class='ocrx_word' id='word_1_98' title='bbox 955 2202 986 2261; x_wconf 92' lang='lat' dir='ltr'><strong><em>et</em></strong></span> <span class='ocrx_word' id='word_1_99' title='bbox 1009 2202 1246 2263; x_wconf 72' lang='lat' dir='ltr'><strong><em>controversae</em></strong></span> <span class='ocrx_word' id='word_1_100' title='bbox 1274 2214 1341 2279; x_wconf 87' lang='lat' dir='ltr'><strong><em>per</em></strong></span> <span class='ocrx_word' id='word_1_101' title='bbox 1371 2195 1454 2280; x_wconf 81' lang='lat' dir='ltr'><strong><em>tepi-</em></strong></span> 
     </span>
     <span class='ocr_line' id='line_1_14' title="bbox 279 2318 1178 2405; baseline 0.004 -24"><span class='ocrx_word' id='word_1_102' title='bbox 279 2318 360 2383; x_wconf 81' lang='lat' dir='ltr'><strong><em>tima</em></strong></span> <span class='ocrx_word' id='word_1_103' title='bbox 384 2323 588 2405; x_wconf 78' lang='lat' dir='ltr'><strong><em>argtamento</em></strong></span> <span class='ocrx_word' id='word_1_104' title='bbox 611 2319 717 2384; x_wconf 77' lang='lat' dir='ltr'><strong><em>indici</em></strong></span> <span class='ocrx_word' id='word_1_105' title='bbox 737 2318 832 2401; x_wconf 77' lang='lat' dir='ltr'><strong><em>sueto</em></strong></span> <span class='ocrx_word' id='word_1_106' title='bbox 856 2320 1010 2385; x_wconf 79' lang='lat' dir='ltr'><strong><em>ostentio.</em></strong></span> <span class='ocrx_word' id='word_1_107' title='bbox 1038 2320 1178 2385; x_wconf 88' lang='lat' dir='ltr'><strong><em>Dicitur:</em></strong></span> 
     </span>
    </p>

    <p class='ocr_par' dir='ltr' id='par_1_8' title="bbox 278 2442 1457 2654">
     <span class='ocr_line' id='line_1_15' title="bbox 369 2442 1457 2529; baseline 0.001 -21"><span class='ocrx_word' id='word_1_108' title='bbox 369 2442 400 2529; x_wconf 88' lang='lat'><strong><em>1)</em></strong></span> <span class='ocrx_word' id='word_1_109' title='bbox 424 2444 476 2509; x_wconf 87' lang='lat' dir='ltr'><strong><em>rei</em></strong></span> <span class='ocrx_word' id='word_1_110' title='bbox 505 2444 629 2510; x_wconf 83' lang='lat' dir='ltr'><strong><em>dubiae</em></strong></span> <span class='ocrx_word' id='word_1_111' title='bbox 658 2449 689 2509; x_wconf 91' lang='lat' dir='ltr'><strong><em>et</em></strong></span> <span class='ocrx_word' id='word_1_112' title='bbox 720 2450 967 2519; x_wconf 75' lang='lat' dir='ltr'><strong><em>controversae,</em></strong></span> <span class='ocrx_word' id='word_1_113' title='bbox 999 2444 1156 2527; x_wconf 86' lang='lat' dir='ltr'><strong>siquidem</strong></span> <span class='ocrx_word' id='word_1_114' title='bbox 1187 2448 1296 2529; x_wconf 86' lang='lat' dir='ltr'><strong><em>partes</em></strong></span> <span class='ocrx_word' id='word_1_115' title='bbox 1324 2443 1457 2527; x_wconf 83' lang='lat' dir='ltr'><strong><em>saetam</em></strong></span> 
     </span>
     <span class='ocr_line' id='line_1_16' title="bbox 278 2567 1402 2654; baseline 0 -23"><span class='ocrx_word' id='word_1_116' title='bbox 278 2568 416 2651; x_wconf 90' lang='lat' dir='ltr'><strong><em>probare</em></strong></span> <span class='ocrx_word' id='word_1_117' title='bbox 439 2570 557 2635; x_wconf 89' lang='lat' dir='ltr'><strong><em>debent</em></strong></span> <span class='ocrx_word' id='word_1_118' title='bbox 580 2590 644 2634; x_wconf 90' lang='lat' dir='ltr'><strong><em>nou</em></strong></span> <span class='ocrx_word' id='word_1_119' title='bbox 668 2570 731 2652; x_wconf 83' lang='lat' dir='ltr'><strong><em>ius,</em></strong></span> <span class='ocrx_word' id='word_1_120' title='bbox 745 2570 829 2654; x_wconf 89' lang='lat' dir='ltr'><strong><em>quod</em></strong></span> <span class='ocrx_word' id='word_1_121' title='bbox 853 2567 950 2635; x_wconf 87' lang='lat' dir='ltr'><strong><em>iudici</em></strong></span> <span class='ocrx_word' id='word_1_122' title='bbox 974 2571 1165 2653; x_wconf 81' lang='lat' dir='ltr'><strong><em>supponitur</em></strong></span> <span class='ocrx_word' id='word_1_123' title='bbox 1189 2570 1402 2654; x_wconf 83' lang='lat' dir='ltr'><strong><em>exploratum.</em></strong></span> 
     </span>
    </p>

    <p class='ocr_par' dir='ltr' id='par_1_9' title="bbox 278 2690 1455 3145">
     <span class='ocr_line' id='line_1_17' title="bbox 367 2690 1453 2777; baseline 0.002 -24"><span class='ocrx_word' id='word_1_124' title='bbox 367 2690 399 2770; x_wconf 84' lang='lat'><strong><em>2)</em></strong></span> <span class='ocrx_word' id='word_1_125' title='bbox 425 2692 536 2757; x_wconf 84' lang='lat' dir='ltr'><strong><em>iuttiei</em></strong></span> <span class='ocrx_word' id='word_1_126' title='bbox 559 2691 764 2776; x_wconf 84' lang='lat' dir='ltr'><strong><em>probationes</em></strong></span> <span class='ocrx_word' id='word_1_127' title='bbox 788 2690 876 2762; x_wconf 85' lang='lat' dir='ltr'><strong><em>fiunt,</em></strong></span> <span class='ocrx_word' id='word_1_128' title='bbox 903 2712 967 2755; x_wconf 93' lang='lat' dir='ltr'><strong><em>non</em></strong></span> <span class='ocrx_word' id='word_1_129' title='bbox 993 2692 1090 2757; x_wconf 88' lang='lat' dir='ltr'><strong><em>alteri</em></strong></span> <span class='ocrx_word' id='word_1_130' title='bbox 1118 2694 1218 2777; x_wconf 82' lang='lat' dir='ltr'><strong><em>parti;</em></strong></span> <span class='ocrx_word' id='word_1_131' title='bbox 1244 2690 1340 2755; x_wconf 83' lang='lat' dir='ltr'><strong><em>iudici</em></strong></span> <span class='ocrx_word' id='word_1_132' title='bbox 1368 2692 1453 2755; x_wconf 89' lang='lat' dir='ltr'><strong><em>enim</em></strong></span> 
     </span>
     <span class='ocr_line' id='line_1_18' title="bbox 278 2814 1451 2900; baseline 0 -21"><span class='ocrx_word' id='word_1_133' title='bbox 278 2814 473 2879; x_wconf 84' lang='lat' dir='ltr'><strong><em>ostendenda</em></strong></span> <span class='ocrx_word' id='word_1_134' title='bbox 496 2824 570 2881; x_wconf 92' lang='lat' dir='ltr'><strong><em>sunt</em></strong></span> <span class='ocrx_word' id='word_1_135' title='bbox 592 2818 670 2881; x_wconf 84' lang='lat' dir='ltr'><strong><em>iacti</em></strong></span> <span class='ocrx_word' id='word_1_136' title='bbox 693 2818 853 2896; x_wconf 84' lang='lat' dir='ltr'><strong><em>adiuncta,</em></strong></span> <span class='ocrx_word' id='word_1_137' title='bbox 868 2824 902 2881; x_wconf 89' lang='lat' dir='ltr'><strong><em>ut</em></strong></span> <span class='ocrx_word' id='word_1_138' title='bbox 925 2817 982 2881; x_wconf 89' lang='lat' dir='ltr'><strong><em>sibi</em></strong></span> <span class='ocrx_word' id='word_1_139' title='bbox 1008 2816 1163 2880; x_wconf 85' lang='lat' dir='ltr'><strong><em>moralem</em></strong></span> <span class='ocrx_word' id='word_1_140' title='bbox 1191 2814 1231 2880; x_wconf 92' lang='lat' dir='ltr'><strong><em>de</em></strong></span> <span class='ocrx_word' id='word_1_141' title='bbox 1260 2836 1296 2880; x_wconf 95' lang='lat' dir='ltr'><strong><em>re</em></strong></span> <span class='ocrx_word' id='word_1_142' title='bbox 1319 2834 1451 2900; x_wconf 74' lang='lat' dir='ltr'><strong><em>persua·</em></strong></span> 
     </span>
     <span class='ocr_line' id='line_1_19' title="bbox 278 2941 1455 3029; baseline 0.001 -25"><span class='ocrx_word' id='word_1_143' title='bbox 278 2942 399 3004; x_wconf 92' lang='lat' dir='ltr'><strong><em>sionem</em></strong></span> <span class='ocrx_word' id='word_1_144' title='bbox 423 2950 597 3027; x_wconf 86' lang='lat' dir='ltr'><strong><em>comparet.</em></strong></span> <span class='ocrx_word' id='word_1_145' title='bbox 624 2944 731 3009; x_wconf 83' lang='lat' dir='ltr'><strong><em>Alteri</em></strong></span> <span class='ocrx_word' id='word_1_146' title='bbox 753 2964 832 3007; x_wconf 84' lang='lat' dir='ltr'><strong><em>vero</em></strong></span> <span class='ocrx_word' id='word_1_147' title='bbox 861 2945 957 3026; x_wconf 85' lang='lat' dir='ltr'><strong><em>parti</em></strong></span> <span class='ocrx_word' id='word_1_148' title='bbox 988 2943 1195 3029; x_wconf 86' lang='lat' dir='ltr'><strong><em>probationes</em></strong></span> <span class='ocrx_word' id='word_1_149' title='bbox 1224 2941 1341 3007; x_wconf 88' lang='lat' dir='ltr'><strong><em>debent</em></strong></span> <span class='ocrx_word' id='word_1_150' title='bbox 1365 2946 1455 3025; x_wconf 87' lang='lat' dir='ltr'><strong><em>pate-</em></strong></span> 
     </span>
     <span class='ocr_line' id='line_1_20' title="bbox 279 3062 763 3145; baseline 0.012 -18"><span class='ocrx_word' id='word_1_151' title='bbox 279 3062 358 3145; x_wconf 87' lang='lat' dir='ltr'><strong><em>fieri,</em></strong></span> <span class='ocrx_word' id='word_1_152' title='bbox 384 3071 419 3130; x_wconf 90' lang='lat' dir='ltr'><strong><em>ut</em></strong></span> <span class='ocrx_word' id='word_1_153' title='bbox 440 3086 475 3129; x_wconf 93' lang='lat' dir='ltr'><strong><em>se</em></strong></span> <span class='ocrx_word' id='word_1_154' title='bbox 499 3066 661 3132; x_wconf 86' lang='lat' dir='ltr'><strong><em>defendat.</em></strong></span> <span class='ocrx_word' id='word_1_155' title='bbox 761 3082 763 3087; x_wconf 87' lang='grc'><strong>’</strong></span> 
     </span>
    </p>

    <p class='ocr_par' dir='ltr' id='par_1_10' title="bbox 277 3188 1453 3525">
     <span class='ocr_line' id='line_1_21' title="bbox 366 3188 1453 3277; baseline -0.002 -24"><span class='ocrx_word' id='word_1_156' title='bbox 366 3190 400 3273; x_wconf 89' lang='grc'><strong><em>3)</em></strong></span> <span class='ocrx_word' id='word_1_157' title='bbox 424 3188 486 3254; x_wconf 89' lang='lat' dir='ltr'><strong><em>Sed</em></strong></span> <span class='ocrx_word' id='word_1_158' title='bbox 503 3190 648 3273; x_wconf 91' lang='lat' dir='ltr'><strong><em>probatio</em></strong></span> <span class='ocrx_word' id='word_1_159' title='bbox 665 3188 699 3254; x_wconf 83' lang='lat' dir='ltr'><strong><em>fit</em></strong></span> <span class='ocrx_word' id='word_1_160' title='bbox 712 3210 778 3272; x_wconf 89' lang='lat' dir='ltr'><strong><em>per</em></strong></span> <span class='ocrx_word' id='word_1_161' title='bbox 794 3192 944 3277; x_wconf 74' lang='lat' dir='ltr'><strong><em>legitima</em></strong></span> <span class='ocrx_word' id='word_1_162' title='bbox 959 3194 1174 3275; x_wconf 80' lang='lat' dir='ltr'><strong><em>orpnrnenta.</em></strong></span> <span class='ocrx_word' id='word_1_163' title='bbox 1189 3190 1342 3255; x_wconf 90' lang='lat' dir='ltr'><strong><em>Probatio</em></strong></span> <span class='ocrx_word' id='word_1_164' title='bbox 1355 3188 1453 3269; x_wconf 88' lang='lat' dir='ltr'><strong><em>enim,</em></strong></span> 
     </span>
     <span class='ocr_line' id='line_1_22' title="bbox 277 3311 1453 3398; baseline 0 -23"><span class='ocrx_word' id='word_1_165' title='bbox 277 3316 373 3395; x_wconf 89' lang='lat' dir='ltr'><strong><em>prout</em></strong></span> <span class='ocrx_word' id='word_1_166' title='bbox 396 3318 444 3377; x_wconf 90' lang='lat' dir='ltr'><strong><em>est</em></strong></span> <span class='ocrx_word' id='word_1_167' title='bbox 467 3317 557 3376; x_wconf 84' lang='lat' dir='ltr'><strong><em>aetus</em></strong></span> <span class='ocrx_word' id='word_1_168' title='bbox 581 3313 747 3394; x_wconf 85' lang='lat' dir='ltr'><strong><em>iudicialis,</em></strong></span> <span class='ocrx_word' id='word_1_169' title='bbox 761 3312 856 3377; x_wconf 88' lang='lat' dir='ltr'><strong><em>debet</em></strong></span> <span class='ocrx_word' id='word_1_170' title='bbox 878 3313 1008 3377; x_wconf 87' lang='lat' dir='ltr'><strong><em>subesse</em></strong></span> <span class='ocrx_word' id='word_1_171' title='bbox 1037 3314 1097 3398; x_wconf 89' lang='lat' dir='ltr'><strong><em>ipsi</em></strong></span> <span class='ocrx_word' id='word_1_172' title='bbox 1121 3313 1314 3379; x_wconf 86' lang='lat' dir='ltr'><strong><em>ordinationi</em></strong></span> <span class='ocrx_word' id='word_1_173' title='bbox 1343 3311 1453 3377; x_wconf 87' lang='lat' dir='ltr'><strong><em>iudicii</em></strong></span> 
     </span>
     <span class='ocr_line' id='line_1_23' title="bbox 278 3437 1346 3525; baseline 0.003 -24"><span class='ocrx_word' id='word_1_174' title='bbox 278 3442 310 3501; x_wconf 90' lang='lat' dir='ltr'><strong><em>et</em></strong></span> <span class='ocrx_word' id='word_1_175' title='bbox 333 3438 377 3503; x_wconf 87' lang='lat' dir='ltr'><strong><em>ita</em></strong></span> <span class='ocrx_word' id='word_1_176' title='bbox 400 3437 606 3523; x_wconf 84' lang='lat' dir='ltr'><strong><em>distinguitur</em></strong></span> <span class='ocrx_word' id='word_1_177' title='bbox 628 3459 649 3503; x_wconf 86' lang='lat' dir='ltr'><strong><em>a</em></strong></span> <span class='ocrx_word' id='word_1_178' title='bbox 672 3439 808 3524; x_wconf 84' lang='lat' dir='ltr'><strong><em>simplici</em></strong></span> <span class='ocrx_word' id='word_1_179' title='bbox 833 3440 937 3505; x_wconf 91' lang='lat' dir='ltr'><strong><em>medio</em></strong></span> <span class='ocrx_word' id='word_1_180' title='bbox 961 3441 1118 3506; x_wconf 86' lang='lat' dir='ltr'><strong><em>naturalis</em></strong></span> <span class='ocrx_word' id='word_1_181' title='bbox 1141 3441 1346 3525; x_wconf 81' lang='lat' dir='ltr'><strong><em>cognitionis.</em></strong></span> 
     </span>
    </p>

    <p class='ocr_par' dir='ltr' id='par_1_11' title="bbox 275 3559 1455 4015">
     <span class='ocr_line' id='line_1_24' title="bbox 367 3559 1454 3647; baseline 0.003 -24"><span class='ocrx_word' id='word_1_182' title='bbox 367 3559 497 3623; x_wconf 83' lang='lat' dir='ltr'><strong><em>Revera</em></strong></span> <span class='ocrx_word' id='word_1_183' title='bbox 508 3560 556 3623; x_wconf 91' lang='lat' dir='ltr'><strong><em>ius</em></strong></span> <span class='ocrx_word' id='word_1_184' title='bbox 569 3561 726 3633; x_wconf 85' lang='lat' dir='ltr'><strong><em>naturale,</em></strong></span> <span class='ocrx_word' id='word_1_185' title='bbox 741 3562 772 3623; x_wconf 94' lang='lat' dir='ltr'><strong><em>in</em></strong></span> <span class='ocrx_word' id='word_1_186' title='bbox 786 3562 992 3645; x_wconf 87' lang='lat' dir='ltr'><strong><em>propositum,</em></strong></span> <span class='ocrx_word' id='word_1_187' title='bbox 1006 3564 1208 3646; x_wconf 87' lang='lat' dir='ltr'><strong><em>praeciperet</em></strong></span> <span class='ocrx_word' id='word_1_188' title='bbox 1220 3581 1454 3647; x_wconf 86' lang='lat' dir='ltr'><strong><em>quamcumque</em></strong></span> 
     </span>
     <span class='ocr_line' id='line_1_25' title="bbox 277 3680 1455 3770; baseline 0.003 -25"><span class='ocrx_word' id='word_1_189' title='bbox 277 3680 507 3765; x_wconf 88' lang='lat' dir='ltr'><strong><em>probationem,</em></strong></span> <span class='ocrx_word' id='word_1_190' title='bbox 527 3687 738 3767; x_wconf 87' lang='lat' dir='ltr'><strong><em>opportunam</em></strong></span> <span class='ocrx_word' id='word_1_191' title='bbox 763 3685 939 3768; x_wconf 83' lang='lat' dir='ltr'><strong><em>cognitioni</em></strong></span> <span class='ocrx_word' id='word_1_192' title='bbox 963 3704 1088 3757; x_wconf 81' lang='lat' dir='ltr'><strong><em>causae.</em></strong></span> <span class='ocrx_word' id='word_1_193' title='bbox 1114 3685 1302 3770; x_wconf 72' lang='lat' dir='ltr'><strong><em>legitimam</em></strong></span> <span class='ocrx_word' id='word_1_194' title='bbox 1326 3704 1397 3749; x_wconf 87' lang='lat' dir='ltr'><strong><em>esse</em></strong></span> <span class='ocrx_word' id='word_1_195' title='bbox 1421 3689 1455 3749; x_wconf 93' lang='lat' dir='ltr'><strong><em>et</em></strong></span> 
     </span>
     <span class='ocr_line' id='line_1_26' title="bbox 277 3808 1453 3892; baseline 0.004 -22"><span class='ocrx_word' id='word_1_196' title='bbox 277 3826 336 3892; x_wconf 88' lang='lat' dir='ltr'><strong><em>per</em></strong></span> <span class='ocrx_word' id='word_1_197' title='bbox 360 3826 558 3891; x_wconf 85' lang='lat' dir='ltr'><strong><em>consequens</em></strong></span> <span class='ocrx_word' id='word_1_198' title='bbox 582 3808 615 3871; x_wconf 93' lang='lat' dir='ltr'><strong><em>in</em></strong></span> <span class='ocrx_word' id='word_1_199' title='bbox 639 3808 777 3872; x_wconf 84' lang='lat' dir='ltr'><strong><em>iudiciali</em></strong></span> <span class='ocrx_word' id='word_1_200' title='bbox 795 3829 893 3873; x_wconf 86' lang='lat' dir='ltr'><strong><em>causa</em></strong></span> <span class='ocrx_word' id='word_1_201' title='bbox 916 3810 1037 3874; x_wconf 88' lang='lat' dir='ltr'><strong><em>admitti</em></strong></span> <span class='ocrx_word' id='word_1_202' title='bbox 1058 3809 1191 3884; x_wconf 91' lang='lat' dir='ltr'><strong><em>debere;</em></strong></span> <span class='ocrx_word' id='word_1_203' title='bbox 1216 3808 1272 3875; x_wconf 91' lang='lat' dir='ltr'><strong><em>sed</em></strong></span> <span class='ocrx_word' id='word_1_204' title='bbox 1296 3830 1314 3875; x_wconf 93' lang='lat' dir='ltr'><strong><em>e</em></strong></span> <span class='ocrx_word' id='word_1_205' title='bbox 1338 3814 1453 3875; x_wconf 86' lang='lat' dir='ltr'><strong><em>eontra</em></strong></span> 
     </span>
     <span class='ocr_line' id='line_1_27' title="bbox 275 3930 1455 4015; baseline 0.003 -19"><span class='ocrx_word' id='word_1_206' title='bbox 275 3933 325 3996; x_wconf 88' lang='lat' dir='ltr'><strong><em>ius</em></strong></span> <span class='ocrx_word' id='word_1_207' title='bbox 348 3932 527 4014; x_wconf 90' lang='lat' dir='ltr'><strong><em>positivum,</em></strong></span> <span class='ocrx_word' id='word_1_208' title='bbox 553 3951 593 3994; x_wconf 93' lang='lat' dir='ltr'><strong><em>ne</em></strong></span> <span class='ocrx_word' id='word_1_209' title='bbox 617 3931 839 4015; x_wconf 86' lang='lat' dir='ltr'><strong><em>probationum</em></strong></span> <span class='ocrx_word' id='word_1_210' title='bbox 864 3930 920 3995; x_wconf 84' lang='lat' dir='ltr'><strong><em>fiat</em></strong></span> <span class='ocrx_word' id='word_1_211' title='bbox 948 3931 1088 4013; x_wconf 48' lang='lat' dir='ltr'><strong><em>abusus?</em></strong></span> <span class='ocrx_word' id='word_1_212' title='bbox 1099 3932 1246 3998; x_wconf 84' lang='lat' dir='ltr'><strong><em>limitavit</em></strong></span> <span class='ocrx_word' id='word_1_213' title='bbox 1268 3933 1397 3999; x_wconf 91' lang='lat' dir='ltr'><strong><em>modum</em></strong></span> <span class='ocrx_word' id='word_1_214' title='bbox 1420 3940 1455 3999; x_wconf 90' lang='lat' dir='ltr'><strong><em>et</em></strong></span> 
     </span>
    </p>
   </div>
   <div class='ocr_carea' id='block_1_8' title="bbox 275 4056 1453 4266">
    <p class='ocr_par' dir='ltr' id='par_1_12' title="bbox 275 4056 1453 4266">
     <span class='ocr_line' id='line_1_28' title="bbox 277 4056 1453 4146; baseline 0.003 -22"><span class='ocrx_word' id='word_1_215' title='bbox 277 4080 367 4124; x_wconf 93' lang='lat' dir='ltr'><strong><em>usum</em></strong></span> <span class='ocrx_word' id='word_1_216' title='bbox 392 4057 632 4142; x_wconf 90' lang='lat' dir='ltr'><strong><em>probationum;</em></strong></span> <span class='ocrx_word' id='word_1_217' title='bbox 658 4062 691 4123; x_wconf 90' lang='lat' dir='ltr'><strong><em>et</em></strong></span> <span class='ocrx_word' id='word_1_218' title='bbox 713 4080 754 4122; x_wconf 93' lang='lat' dir='ltr'><strong><em>ne</em></strong></span> <span class='ocrx_word' id='word_1_219' title='bbox 777 4060 851 4124; x_wconf 87' lang='lat' dir='ltr'><strong><em>lites</em></strong></span> <span class='ocrx_word' id='word_1_220' title='bbox 870 4056 948 4123; x_wconf 86' lang='lat' dir='ltr'><strong><em>fiant</em></strong></span> <span class='ocrx_word' id='word_1_221' title='bbox 964 4064 1149 4145; x_wconf 82' lang='lat' dir='ltr'><strong><em>perpetuae,</em></strong></span> <span class='ocrx_word' id='word_1_222' title='bbox 1166 4060 1318 4144; x_wconf 82' lang='lat' dir='ltr'><strong><em>quasdam</em></strong></span> <span class='ocrx_word' id='word_1_223' title='bbox 1334 4062 1453 4146; x_wconf 91' lang='lat' dir='ltr'><strong><em>proba-</em></strong></span> 
     </span>
     <span class='ocr_line' id='line_1_29' title="bbox 275 4181 724 4266; baseline 0.007 -22"><span class='ocrx_word' id='word_1_224' title='bbox 275 4181 380 4244; x_wconf 88' lang='lat' dir='ltr'><strong><em>tiones</em></strong></span> <span class='ocrx_word' id='word_1_225' title='bbox 402 4181 586 4266; x_wconf 89' lang='lat' dir='ltr'><strong><em>impugnari</em></strong></span> <span class='ocrx_word' id='word_1_226' title='bbox 609 4184 724 4247; x_wconf 86' lang='lat' dir='ltr'><strong><em>vetuit.</em></strong></span> 
     </span>
    </p>
   </div>
   <div class='ocr_carea' id='block_1_9' title="bbox 276 4302 1453 4517">
    <p class='ocr_par' dir='ltr' id='par_1_13' title="bbox 276 4302 1453 4517">
     <span class='ocr_line' id='line_1_30' title="bbox 366 4302 1453 4393; baseline 0.008 -28"><span class='ocrx_word' id='word_1_227' title='bbox 366 4302 440 4367; x_wconf 76' lang='lat'>435.</span> <span class='ocrx_word' id='word_1_228' title='bbox 467 4302 593 4371; x_wconf 78' lang='lat' dir='ltr'><strong><em>Exinde</em></strong></span> <span class='ocrx_word' id='word_1_229' title='bbox 610 4309 807 4370; x_wconf 87' lang='lat' dir='ltr'><strong><em>enascuntur</em></strong></span> <span class='ocrx_word' id='word_1_230' title='bbox 821 4304 1044 4387; x_wconf 87' lang='lat' dir='ltr'><strong><em>probationes</em></strong></span> <span class='ocrx_word' id='word_1_231' title='bbox 1067 4306 1192 4391; x_wconf 81' lang='lat' dir='ltr'><strong><em>tapetes</em></strong></span> <span class='ocrx_word' id='word_1_232' title='bbox 1221 4325 1279 4371; x_wconf 91' lang='lat' dir='ltr'><strong><em>seu</em></strong></span> <span class='ocrx_word' id='word_1_233' title='bbox 1302 4309 1453 4393; x_wconf 78' lang='lat' dir='ltr'><strong><em>tepitirna</em></strong></span> 
     </span>
     <span class='ocr_line' id='line_1_31' title="bbox 276 4426 1453 4517; baseline 0.007 -28"><span class='ocrx_word' id='word_1_234' title='bbox 276 4431 488 4510; x_wconf 81' lang='lat' dir='ltr'><strong><em>arpnrnenttt.</em></strong></span> <span class='ocrx_word' id='word_1_235' title='bbox 507 4426 651 4510; x_wconf 88' lang='lat' dir='ltr'><strong><em>Namque</em></strong></span> <span class='ocrx_word' id='word_1_236' title='bbox 675 4427 868 4512; x_wconf 87' lang='lat' dir='ltr'><strong><em>praescribit</em></strong></span> <span class='ocrx_word' id='word_1_237' title='bbox 889 4428 946 4493; x_wconf 83' lang='lat' dir='ltr'><strong><em>lex</em></strong></span> <span class='ocrx_word' id='word_1_238' title='bbox 968 4430 1115 4515; x_wconf 86' lang='lat' dir='ltr'><strong><em>positiva,</em></strong></span> <span class='ocrx_word' id='word_1_239' title='bbox 1132 4451 1185 4495; x_wconf 83' lang='lat' dir='ltr'><strong><em>ex.</em></strong></span> <span class='ocrx_word' id='word_1_240' title='bbox 1202 4451 1241 4513; x_wconf 82' lang='lat' dir='ltr'><strong><em>o,</em></strong></span> <span class='ocrx_word' id='word_1_241' title='bbox 1254 4436 1362 4497; x_wconf 80' lang='lat' dir='ltr'><strong><em>certas</em></strong></span> <span class='ocrx_word' id='word_1_242' title='bbox 1377 4451 1453 4517; x_wconf 91' lang='lat' dir='ltr'><strong><em>per·</em></strong></span> 
     </span>
    </p>
   </div>
   <div class='ocr_carea' id='block_1_10' title="bbox 0 0 1680 5117">
    <p class='ocr_par' dir='ltr' id='par_1_14' title="bbox 0 0 1680 5117">
     <span class='ocr_line' id='line_1_32' title="bbox 0 0 1680 5117; baseline 0 2"><span class='ocrx_word' id='word_1_243' title='bbox 0 0 1680 5117; x_wconf 95' lang='lat' dir='ltr'><strong><em> </em></strong></span> 
     </span>
    </p>
   </div>
  </div>
 </body>
</html>
