3350 5117
360 272 427 338 542
887 290 970 337 raas
995 290 1017 335 1.

452 416 483 497 Ι)
508 414 561 479 vel
577 414 746 479 utilitatem
762 412 876 479 iudicis
888 413 1100 497 patrimonio
1115 412 1328 479 derivantem
1344 412 1466 479 directe
1487 420 1539 477 ant

361 538 517 605 indirecte
541 558 583 604 ex
606 540 672 604 litis
695 538 838 615 obiecto;

448 664 482 751 2)
512 664 563 731 vel
594 664 708 730 iudicis
737 660 941 731 allectionem
972 666 1030 729 aut
1060 664 1167 729 odium
1204 665 1239 729 in
1266 664 1463 729 alterutram
1494 663 1543 726 vel

360 796 529 875 utramque
552 788 744 873 litigantium
765 806 977 871 personam

450 912 483 998 3)
507 912 559 977 vel
582 915 651 977 eius
674 906 876 977 affectionem
894 912 925 975 in
949 930 1099 991 causam,
1116 912 1150 975 in
1174 930 1240 994 qua
1254 910 1463 981 advocatum
1480 928 1544 994 pro

361 1044 544 1104 curatorem
568 1044 623 1102 aut
645 1036 741 1103 aliam
759 1042 884 1122 partem
907 1038 1021 1122 egerit.

450 1161 533 1236 Quia
548 1162 627 1225 istae
644 1158 831 1244 suspicionis
848 1160 1056 1244 exceptiones
1066 1158 1280 1223 attenduntur
1292 1161 1326 1223 in
1339 1158 1462 1224 bonum
1475 1180 1541 1245 par·

362 1284 450 1355 tium,
474 1285 501 1349 si
523 1282 586 1346 hae
615 1285 795 1367 opportuno
824 1286 971 1366 tempore
994 1302 1059 1345 nou
1084 1286 1299 1367 promoveant
1322 1284 1540 1365 quaestionem

361 1408 560 1493 suspicionis,
585 1412 759 1473 censentur
782 1409 968 1475 consentire
983 1410 1017 1472 in
1040 1406 1188 1489 iudicem,
1212 1426 1316 1491 quare
1339 1414 1457 1493 postea
1479 1426 1542 1472 aru·

363 1537 445 1621 plius
469 1556 532 1600 non
556 1534 729 1599 audientur
751 1534 807 1621 (l).

452 1658 527 1723 547.
552 1660 627 1724 Iure
652 1678 722 1723 can.
748 1678 790 1723 ex
814 1679 841 1723 c.
859 1679 887 1723 c.
905 1658 945 1723 61
962 1657 993 1723 lt.
1006 1663 1028 1723 t.
1045 1658 1080 1721 X
1093 1663 1124 1723 et
1146 1658 1201 1738 10,
1217 1657 1268 1723 Dc
1288 1658 1372 1739 foro
1390 1658 1543 1742 compl*

363 1782 420 1891 (ll,
445 1782 479 1864 2)
502 1786 590 1867 patet
614 1801 707 1866 posse
731 1784 876 1846 recusari
899 1781 1035 1846 iudicem
1052 1788 1120 1846 tum
1143 1781 1346 1847 ordinarium
1371 1788 1443 1847 tum
1466 1784 1543 1847 dele

363 1913 471 1994 gotum
496 1914 528 1973 et
551 1910 646 1972 etiam
662 1912 762 1973 totum
787 1907 957 1993 collegium
982 1908 1038 1993 (cf.
1063 1907 1372 1994 Schmalzgrueber,
1390 1909 1443 1974 De
1459 1928 1543 1992 app„

364 2056 398 2101 a.
422 2034 501 2118 135)
525 2036 599 2117 quia
615 2035 659 2101 uti
675 2033 813 2099 liabetur
841 2036 874 2098 in
890 2053 965 2117 cap.
982 2034 1032 2114 41,
1047 2036 1070 2117 5
1095 2035 1121 2114 1,
1138 2034 1189 2100 De
1211 2037 1339 2117 appell.
1356 2035 1411 2099 X.-
1430 2057 1449 2095 ε
1468 2036 1541 2117 Ipso

363 2177 512 2243 moroque
527 2158 615 2223 ratio
632 2158 734 2223 dictat
750 2158 843 2242 quod
865 2158 1010 2240 suspecti
1032 2162 1064 2223 ct
1078 2157 1218 2238 inimici,
1234 2158 1368 2224 iudices
1392 2178 1467 2225 esse
1481 2180 1541 2224 non

360 2286 504 2365 poemat
527 2302 558 2343 ».
576 2282 701 2345 Verum
726 2301 768 2345 ex
792 2281 937 2346 consulto
961 2281 993 2346 S.
1019 2282 1054 2345 Ο.
1072 2281 1180 2362 Cone,
1201 2282 1258 2347 die
1280 2282 1328 2347 12
1350 2282 1444 2347 ettad
1458 2282 1544 2347 1603
1623 2337 1624 2340 ,

365 2408 513 2473 Clemens
537 2406 620 2471 Vlll
645 2406 831 2480 declaravit,
850 2408 1044 2492 Episcopum
1067 2406 1100 2469 in
1122 2412 1199 2471 actu
1222 2408 1425 2473 visitationis
1440 2409 1543 2474 decer·

366 2538 494 2598 nentem
520 2554 558 2597 ea
586 2554 667 2617 quae
695 2532 949 2599 emendationem
979 2553 1104 2597 morum
1132 2538 1165 2597 et
1191 2534 1368 2600 criminum
1403 2534 1542 2599 animad-
1623 2515 1624 2530 ¹

283 2718 287 2727 .
365 2662 547 2726 versionem
575 2663 738 2744 spectant,
763 2659 807 2722 uti
841 2666 1022 2744 suspectum
1048 2658 1193 2723 recusari
1217 2678 1283 2722 uon
1308 2680 1409 2744 posse
1431 2679 1453 2723 a
1475 2680 1541 2744 qna

364 2802 501 2865 cumque
517 2802 654 2867 persona
670 2782 738 2845 sive
754 2780 973 2845 ecclesiastica
989 2782 1057 2845 sive
1072 2781 1242 2854 saeculari,
1260 2783 1321 2846 etsi
1339 2784 1373 2847 in
1391 2783 1540 2869 dignitate
1622 2763 1623 2784 ³

365 2909 538 2973 constituta
560 2906 619 2989 (Cf.
648 2906 771 2973 Concil.
798 2906 948 2972 Trident.
973 2907 1049 2973 edil.
1075 2906 1214 2972 Richter
1236 2942 1255 2956 -
1281 2908 1424 2992 Lipmae
1444 2907 1539 2975 1853.

361 3050 445 3117 pop.
470 3030 539 3111 72).

454 3157 529 3223 548.
554 3154 771 3241 Repelloritcr
795 3154 1028 3221 recurrendum
1059 3161 1107 3220 est
1138 3154 1179 3220 ad
1201 3155 1347 3222 arbitros
1376 3178 1438 3243 pro
1462 3157 1540 3223 deci·
1621 3213 1622 3216 ,

365 3282 455 3345 sione
478 3279 729 3345 controversiae.
747 3278 921 3343 Recusatio
939 3284 971 3343 et
994 3298 1092 3344 causa
1115 3281 1331 3346 recusationis
1353 3282 1488 3368 scriptis
1502 3282 1542 3345 ol·

366 3406 448 3469 ferri
471 3404 573 3469 ‹isbet

456 3526 580 3591 Arbitri
605 3527 768 3611 eliguntur
791 3527 836 3590 uti
861 3525 1008 3593 decernit
1029 3532 1132 3609 caput
1155 3528 1198 3593 61
1220 3529 1252 3593 lr.
1278 3535 1311 3603 1.,
1337 3550 1457 3617 nempe
1482 3536 1541 3596 ‹et

368 3652 437 3737 ipre
452 3650 645 3735 (recusatur)
663 3670 739 3716 euru
755 3650 964 3724 adversario,
988 3652 1039 3717 vet
1062 3650 1198 3734 risorie
1221 3653 1468 3722 aduersarium
1481 3676 1541 3722 nce

368 3772 466 3837 liolret
482 3771 549 3857 (seu
566 3774 593 3837 si
617 3780 648 3835 et
671 3771 735 3835 alia
756 3790 832 3855 pars
856 3772 1027 3837 conveniat
1056 3773 1089 3837 in
1114 3776 1370 3859 recusationem)
1386 3798 1469 3845 crem
1489 3780 1538 3843 ia·
1620 3774 1621 3834 l

367 3897 442 3962 (lice
465 3896 611 3961 arbitros
634 3896 858 3961 corrrimmiter
887 3896 1007 3983 ctipat,
1031 3903 1092 3961 aut
1112 3898 1144 3963 si
1168 3902 1402 3968 communiter·
1431 3923 1543 3971 conre-

368 4020 443 4085 πῖνε
473 4040 543 4084 oon
569 4019 711 4101 possint,
743 4018 869 4103 absque
899 4019 1031 4084 molitio
1055 4018 1127 4102 ipse
1158 4042 1272 4089 enirm
1303 4031 1337 4091 et
1359 4026 1420 4093 ille
1445 4030 1541 4093 utiam

457 4300 496 4369 (l)
517 4300 607 4354 Etiam
627 4302 655 4354 in
674 4303 733 4355 cod.
754 4303 796 4355 cit.
818 4302 902 4371 Grep.
922 4302 1001 4357 modo
1020 4308 1147 4359 taxatioo
1167 4308 1230 4363 lere
1250 4310 1366 4368 eaedem
1387 4330 1485 4368 censu
1500 4332 1540 4365 sc-

368 4411 500 4479 epicionis
520 4412 705 4479 assignantur.
726 4410 766 4466 Cf.
786 4416 822 4477 ἓξ
844 4413 933 4478 1053,
954 4414 1030 4466 1131.
