<?xml version="1.0" encoding="UTF-8"?>
<!DOCTYPE html PUBLIC "-//W3C//DTD XHTML 1.0 Transitional//EN"
    "http://www.w3.org/TR/xhtml1/DTD/xhtml1-transitional.dtd">
<html xmlns="http://www.w3.org/1999/xhtml" xml:lang="en" lang="en">
 <head>
  <title>
</title>
<meta http-equiv="Content-Type" content="text/html;charset=utf-8" />
  <meta name='ocr-system' content='tesseract 3.04.00' />
  <meta name='ocr-capabilities' content='ocr_page ocr_carea ocr_par ocr_line ocrx_word'/>
</head>
<body>
  <div class='ocr_page' id='page_1' title='image "./praelectionesin01legagoog_0530.png"; bbox 0 0 3350 5117; ppageno 0'>
   <div class='ocr_carea' id='block_1_1' title="bbox 356 285 1009 355">
    <p class='ocr_par' dir='ltr' id='par_1_1' title="bbox 356 285 1009 355">
     <span class='ocr_line' id='line_1_1' title="bbox 356 285 1009 355; baseline 0.006 -7"><span class='ocrx_word' id='word_1_1' title='bbox 356 285 421 350; x_wconf 73' lang='lat'><strong>528</strong></span> <span class='ocrx_word' id='word_1_2' title='bbox 685 292 692 325; x_wconf 64' lang='lat' dir='ltr'><strong>l</strong></span> <span class='ocrx_word' id='word_1_3' title='bbox 880 308 963 355; x_wconf 80' lang='lat' dir='ltr'><strong>raas</strong></span> <span class='ocrx_word' id='word_1_4' title='bbox 986 308 1009 353; x_wconf 86' lang='lat'><strong>1.</strong></span> 
     </span>
    </p>
   </div>
   <div class='ocr_carea' id='block_1_2' title="bbox 265 430 1541 4118">
    <p class='ocr_par' dir='ltr' id='par_1_2' title="bbox 265 430 1537 2357">
     <span class='ocr_line' id='line_1_2' title="bbox 355 430 1527 519; baseline 0.003 -24"><span class='ocrx_word' id='word_1_5' title='bbox 355 437 566 496; x_wconf 80' lang='lat' dir='ltr'><strong>controverso</strong></span> <span class='ocrx_word' id='word_1_6' title='bbox 598 430 766 495; x_wconf 85' lang='lat' dir='ltr'><strong>veritatem</strong></span> <span class='ocrx_word' id='word_1_7' title='bbox 796 433 1051 516; x_wconf 87' lang='lat' dir='ltr'><strong>praesumptioni</strong></span> <span class='ocrx_word' id='word_1_8' title='bbox 1082 453 1149 497; x_wconf 93' lang='lat' dir='ltr'><strong>non</strong></span> <span class='ocrx_word' id='word_1_9' title='bbox 1178 432 1389 519; x_wconf 84' lang='lat' dir='ltr'><strong>respondere.</strong></span> <span class='ocrx_word' id='word_1_10' title='bbox 1412 435 1527 498; x_wconf 79' lang='lat' dir='ltr'><strong>Verum</strong></span> 
     </span>
     <span class='ocr_line' id='line_1_3' title="bbox 356 558 1531 646; baseline 0.002 -25"><span class='ocrx_word' id='word_1_11' title='bbox 356 560 424 643; x_wconf 87' lang='lat' dir='ltr'><strong>ipsa</strong></span> <span class='ocrx_word' id='word_1_12' title='bbox 446 559 532 623; x_wconf 67' lang='lat' dir='ltr'><strong>iuria</strong></span> <span class='ocrx_word' id='word_1_13' title='bbox 548 558 763 643; x_wconf 89' lang='lat' dir='ltr'><strong>praesumptio</strong></span> <span class='ocrx_word' id='word_1_14' title='bbox 780 560 926 642; x_wconf 87' lang='lat' dir='ltr'><strong>quamvis</strong></span> <span class='ocrx_word' id='word_1_15' title='bbox 949 560 1044 644; x_wconf 82' lang='lat' dir='ltr'>plene</span> <span class='ocrx_word' id='word_1_16' title='bbox 1060 559 1186 645; x_wconf 89' lang='lat' dir='ltr'><strong>probet.</strong></span> <span class='ocrx_word' id='word_1_17' title='bbox 1202 569 1315 625; x_wconf 87' lang='lat' dir='ltr'><strong>tamen</strong></span> <span class='ocrx_word' id='word_1_18' title='bbox 1332 581 1393 624; x_wconf 91' lang='lat' dir='ltr'><strong>non</strong></span> <span class='ocrx_word' id='word_1_19' title='bbox 1408 581 1531 646; x_wconf 85' lang='lat' dir='ltr'><strong>semper</strong></span> 
     </span>
     <span class='ocr_line' id='line_1_4' title="bbox 356 679 1531 769; baseline 0 -24"><span class='ocrx_word' id='word_1_20' title='bbox 356 681 498 747; x_wconf 87' lang='lat' dir='ltr'><strong>eamdem</strong></span> <span class='ocrx_word' id='word_1_21' title='bbox 523 680 619 746; x_wconf 91' lang='lat' dir='ltr'><strong>habet</strong></span> <span class='ocrx_word' id='word_1_22' title='bbox 645 682 708 745; x_wconf 88' lang='lat' dir='ltr'><strong>vim</strong></span> <span class='ocrx_word' id='word_1_23' title='bbox 732 679 889 746; x_wconf 84' lang='lat' dir='ltr'><strong>adversus</strong></span> <span class='ocrx_word' id='word_1_24' title='bbox 912 684 1095 747; x_wconf 90' lang='lat' dir='ltr'><strong>contrarias</strong></span> <span class='ocrx_word' id='word_1_25' title='bbox 1118 682 1347 769; x_wconf 88' lang='lat' dir='ltr'><strong>probationes;</strong></span> <span class='ocrx_word' id='word_1_26' title='bbox 1378 704 1449 746; x_wconf 89' lang='lat' dir='ltr'><strong>nam</strong></span> <span class='ocrx_word' id='word_1_27' title='bbox 1472 682 1531 746; x_wconf 88' lang='lat' dir='ltr'><strong>ali·</strong></span> 
     </span>
     <span class='ocr_line' id='line_1_5' title="bbox 265 801 1532 888; baseline -0.002 -21"><span class='ocrx_word' id='word_1_28' title='bbox 265 840 268 847; x_wconf 91' lang='lat'>·</span> <span class='ocrx_word' id='word_1_29' title='bbox 355 801 481 886; x_wconf 89' lang='lat' dir='ltr'><strong>quando</strong></span> <span class='ocrx_word' id='word_1_30' title='bbox 497 804 576 867; x_wconf 92' lang='lat' dir='ltr'><strong>iuris</strong></span> <span class='ocrx_word' id='word_1_31' title='bbox 592 804 808 888; x_wconf 72' lang='lat' dir='ltr'><strong>praesumptio</strong></span> <span class='ocrx_word' id='word_1_32' title='bbox 825 808 874 867; x_wconf 90' lang='lat' dir='ltr'><strong>est</strong></span> <span class='ocrx_word' id='word_1_33' title='bbox 888 802 932 866; x_wconf 88' lang='lat' dir='ltr'><strong>ita</strong></span> <span class='ocrx_word' id='word_1_34' title='bbox 949 802 1137 883; x_wconf 61' lang='lat' dir='ltr'><strong>calametis,</strong></span> <span class='ocrx_word' id='word_1_35' title='bbox 1151 810 1187 869; x_wconf 90' lang='lat' dir='ltr'><strong>ut</strong></span> <span class='ocrx_word' id='word_1_36' title='bbox 1209 802 1396 868; x_wconf 77' lang='lat' dir='ltr'><strong>destruatur</strong></span> <span class='ocrx_word' id='word_1_37' title='bbox 1409 810 1532 869; x_wconf 81' lang='lat' dir='ltr'><strong>tantum</strong></span> 
     </span>
     <span class='ocr_line' id='line_1_6' title="bbox 356 922 1534 1011; baseline 0 -23"><span class='ocrx_word' id='word_1_38' title='bbox 356 946 375 988; x_wconf 87' lang='lat' dir='ltr'><strong>a</strong></span> <span class='ocrx_word' id='word_1_39' title='bbox 398 924 637 1009; x_wconf 73' lang='lat' dir='ltr'><strong>probationibus</strong></span> <span class='ocrx_word' id='word_1_40' title='bbox 660 925 943 999; x_wconf 76' lang='lat' dir='ltr'><strong>manifestissimis3</strong></span> <span class='ocrx_word' id='word_1_41' title='bbox 969 932 1081 1011; x_wconf 87' lang='lat' dir='ltr'><strong>utputa</strong></span> <span class='ocrx_word' id='word_1_42' title='bbox 1097 922 1182 991; x_wconf 82' lang='lat' dir='ltr'><strong>tilius</strong></span> <span class='ocrx_word' id='word_1_43' title='bbox 1205 928 1239 990; x_wconf 92' lang='lat' dir='ltr'><strong>in</strong></span> <span class='ocrx_word' id='word_1_44' title='bbox 1263 927 1467 991; x_wconf 89' lang='lat' dir='ltr'><strong>matrimonio</strong></span> <span class='ocrx_word' id='word_1_45' title='bbox 1484 946 1534 989; x_wconf 90' lang='lat' dir='ltr'><strong>na-</strong></span> 
     </span>
     <span class='ocr_line' id='line_1_7' title="bbox 356 1050 1535 1138; baseline -0.002 -21"><span class='ocrx_word' id='word_1_46' title='bbox 356 1060 407 1117; x_wconf 86' lang='lat' dir='ltr'><strong>tus</strong></span> <span class='ocrx_word' id='word_1_47' title='bbox 430 1052 647 1137; x_wconf 85' lang='lat' dir='ltr'><strong>praesumitur</strong></span> <span class='ocrx_word' id='word_1_48' title='bbox 662 1051 833 1136; x_wconf 80' lang='lat' dir='ltr'><strong>legitimus,</strong></span> <span class='ocrx_word' id='word_1_49' title='bbox 851 1050 954 1117; x_wconf 89' lang='lat' dir='ltr'><strong>donec</strong></span> <span class='ocrx_word' id='word_1_50' title='bbox 977 1051 1181 1117; x_wconf 80' lang='lat' dir='ltr'><strong>evidentibus</strong></span> <span class='ocrx_word' id='word_1_51' title='bbox 1195 1053 1396 1138; x_wconf 80' lang='lat' dir='ltr'><strong>argumentis</strong></span> <span class='ocrx_word' id='word_1_52' title='bbox 1413 1059 1535 1117; x_wconf 85' lang='lat' dir='ltr'><strong>contra·</strong></span> 
     </span>
     <span class='ocr_line' id='line_1_8' title="bbox 358 1174 1534 1262; baseline 0 -23"><span class='ocrx_word' id='word_1_53' title='bbox 358 1178 438 1241; x_wconf 92' lang='lat' dir='ltr'><strong>rium</strong></span> <span class='ocrx_word' id='word_1_54' title='bbox 463 1174 625 1261; x_wconf 86' lang='lat' dir='ltr'><strong>probetur.</strong></span> <span class='ocrx_word' id='word_1_55' title='bbox 652 1175 678 1241; x_wconf 86' lang='lat' dir='ltr'>E</span> <span class='ocrx_word' id='word_1_56' title='bbox 703 1182 818 1240; x_wconf 89' lang='lat' dir='ltr'><strong>contra</strong></span> <span class='ocrx_word' id='word_1_57' title='bbox 848 1175 933 1240; x_wconf 88' lang='lat' dir='ltr'><strong>aliae</strong></span> <span class='ocrx_word' id='word_1_58' title='bbox 964 1176 1054 1241; x_wconf 71' lang='lat' dir='ltr'><strong>iuria</strong></span> <span class='ocrx_word' id='word_1_59' title='bbox 1076 1178 1356 1262; x_wconf 82' lang='lat' dir='ltr'><strong>praesumptiones</strong></span> <span class='ocrx_word' id='word_1_60' title='bbox 1382 1183 1460 1241; x_wconf 90' lang='lat' dir='ltr'><strong>sunt</strong></span> <span class='ocrx_word' id='word_1_61' title='bbox 1483 1180 1534 1239; x_wconf 90' lang='lat' dir='ltr'><strong>mi·</strong></span> 
     </span>
     <span class='ocr_line' id='line_1_9' title="bbox 359 1298 1535 1386; baseline 0 -23"><span class='ocrx_word' id='word_1_62' title='bbox 359 1320 417 1365; x_wconf 91' lang='lat' dir='ltr'><strong>nus</strong></span> <span class='ocrx_word' id='word_1_63' title='bbox 440 1300 609 1379; x_wconf 76' lang='lat' dir='ltr'><strong>violentae,</strong></span> <span class='ocrx_word' id='word_1_64' title='bbox 627 1300 742 1383; x_wconf 90' lang='lat' dir='ltr'><strong>quippe</strong></span> <span class='ocrx_word' id='word_1_65' title='bbox 766 1298 894 1364; x_wconf 81' lang='lat' dir='ltr'><strong>facilius</strong></span> <span class='ocrx_word' id='word_1_66' title='bbox 918 1300 1025 1386; x_wconf 86' lang='lat' dir='ltr'><strong>impeti</strong></span> <span class='ocrx_word' id='word_1_67' title='bbox 1051 1309 1202 1385; x_wconf 85' lang='lat' dir='ltr'><strong>possunt;</strong></span> <span class='ocrx_word' id='word_1_68' title='bbox 1225 1302 1326 1364; x_wconf 72' lang='lat' dir='ltr'><strong>veluti</strong></span> <span class='ocrx_word' id='word_1_69' title='bbox 1350 1301 1434 1364; x_wconf 89' lang='lat' dir='ltr'><strong>iuris</strong></span> <span class='ocrx_word' id='word_1_70' title='bbox 1448 1321 1535 1385; x_wconf 82' lang='lat' dir='ltr'><strong>prae</strong></span> 
     </span>
     <span class='ocr_line' id='line_1_10' title="bbox 357 1426 1536 1513; baseline -0.001 -23"><span class='ocrx_word' id='word_1_71' title='bbox 357 1428 493 1511; x_wconf 86' lang='lat' dir='ltr'><strong>sumptio</strong></span> <span class='ocrx_word' id='word_1_72' title='bbox 518 1426 657 1490; x_wconf 88' lang='lat' dir='ltr'><strong>militans</strong></span> <span class='ocrx_word' id='word_1_73' title='bbox 673 1446 732 1511; x_wconf 92' lang='lat' dir='ltr'><strong>pro</strong></span> <span class='ocrx_word' id='word_1_74' title='bbox 755 1426 901 1510; x_wconf 80' lang='lat' dir='ltr'><strong>parocho</strong></span> <span class='ocrx_word' id='word_1_75' title='bbox 924 1426 964 1491; x_wconf 90' lang='lat' dir='ltr'><strong>ad</strong></span> <span class='ocrx_word' id='word_1_76' title='bbox 981 1426 1180 1513; x_wconf 83' lang='lat' dir='ltr'><strong>colligendas</strong></span> <span class='ocrx_word' id='word_1_77' title='bbox 1196 1428 1338 1492; x_wconf 86' lang='lat' dir='ltr'><strong>decimas</strong></span> <span class='ocrx_word' id='word_1_78' title='bbox 1354 1430 1388 1491; x_wconf 93' lang='lat' dir='ltr'><strong>in</strong></span> <span class='ocrx_word' id='word_1_79' title='bbox 1413 1448 1473 1492; x_wconf 86' lang='lat' dir='ltr'><strong>sua</strong></span> <span class='ocrx_word' id='word_1_80' title='bbox 1488 1450 1536 1511; x_wconf 82' lang='lat' dir='ltr'><strong>pa-</strong></span> 
     </span>
     <span class='ocr_line' id='line_1_11' title="bbox 359 1550 1536 1635; baseline 0 -20"><span class='ocrx_word' id='word_1_81' title='bbox 359 1552 474 1631; x_wconf 86' lang='lat' dir='ltr'><strong>roecia,</strong></span> <span class='ocrx_word' id='word_1_82' title='bbox 499 1550 595 1616; x_wconf 83' lang='lat' dir='ltr'><strong>facile</strong></span> <span class='ocrx_word' id='word_1_83' title='bbox 620 1551 705 1616; x_wconf 86' lang='lat' dir='ltr'><strong>cedit</strong></span> <span class='ocrx_word' id='word_1_84' title='bbox 734 1550 976 1635; x_wconf 84' lang='lat' dir='ltr'><strong>probationibus</strong></span> <span class='ocrx_word' id='word_1_85' title='bbox 1002 1552 1117 1635; x_wconf 89' lang='lat' dir='ltr'><strong>quibus</strong></span> <span class='ocrx_word' id='word_1_86' title='bbox 1139 1554 1318 1624; x_wconf 84' lang='lat' dir='ltr'><strong>evincatur,</strong></span> <span class='ocrx_word' id='word_1_87' title='bbox 1344 1552 1411 1617; x_wconf 89' lang='lat' dir='ltr'><strong>boc</strong></span> <span class='ocrx_word' id='word_1_88' title='bbox 1435 1555 1484 1616; x_wconf 83' lang='lat' dir='ltr'><strong>ius</strong></span> <span class='ocrx_word' id='word_1_89' title='bbox 1507 1556 1536 1615; x_wconf 90' lang='lat' dir='ltr'><strong>in</strong></span> 
     </span>
     <span class='ocr_line' id='line_1_12' title="bbox 357 1672 1536 1758; baseline -0.002 -21"><span class='ocrx_word' id='word_1_90' title='bbox 357 1674 454 1737; x_wconf 87' lang='lat' dir='ltr'><strong>alium</strong></span> <span class='ocrx_word' id='word_1_91' title='bbox 478 1672 652 1737; x_wconf 84' lang='lat' dir='ltr'><strong>transiisse.</strong></span> <span class='ocrx_word' id='word_1_92' title='bbox 671 1706 715 1721; x_wconf 89' lang='lat'><em>-</em></span> <span class='ocrx_word' id='word_1_93' title='bbox 741 1673 1026 1758; x_wconf 77' lang='lat' dir='ltr'><strong>praesumptiones</strong></span> <span class='ocrx_word' id='word_1_94' title='bbox 1048 1692 1128 1737; x_wconf 86' lang='lat' dir='ltr'><strong>vero</strong></span> <span class='ocrx_word' id='word_1_95' title='bbox 1151 1674 1247 1746; x_wconf 82' lang='lat' dir='ltr'><strong>iuris,</strong></span> <span class='ocrx_word' id='word_1_96' title='bbox 1269 1692 1354 1756; x_wconf 85' lang='lat' dir='ltr'><strong>quae</strong></span> <span class='ocrx_word' id='word_1_97' title='bbox 1378 1675 1427 1736; x_wconf 87' lang='lat' dir='ltr'><strong>uti</strong></span> <span class='ocrx_word' id='word_1_98' title='bbox 1450 1674 1536 1736; x_wconf 87' lang='lat' dir='ltr'><strong>innui</strong></span> 
     </span>
     <span class='ocr_line' id='line_1_13' title="bbox 357 1796 1536 1885; baseline 0 -24"><span class='ocrx_word' id='word_1_99' title='bbox 357 1798 460 1883; x_wconf 90' lang='lat' dir='ltr'><strong>potius</strong></span> <span class='ocrx_word' id='word_1_100' title='bbox 476 1804 550 1862; x_wconf 90' lang='lat' dir='ltr'><strong>sunt</strong></span> <span class='ocrx_word' id='word_1_101' title='bbox 566 1796 651 1861; x_wconf 81' lang='lat' dir='ltr'><strong>iuris</strong></span> <span class='ocrx_word' id='word_1_102' title='bbox 662 1797 833 1863; x_wconf 79' lang='lat' dir='ltr'><strong>naturalia</strong></span> <span class='ocrx_word' id='word_1_103' title='bbox 846 1816 939 1880; x_wconf 89' lang='lat' dir='ltr'><strong>quam</strong></span> <span class='ocrx_word' id='word_1_104' title='bbox 952 1798 1092 1880; x_wconf 79' lang='lat' dir='ltr'><strong>positivi</strong></span> <span class='ocrx_word' id='word_1_105' title='bbox 1108 1799 1226 1885; x_wconf 89' lang='lat' dir='ltr'><strong>quippe</strong></span> <span class='ocrx_word' id='word_1_106' title='bbox 1241 1797 1339 1863; x_wconf 90' lang='lat' dir='ltr'><strong>nimis</strong></span> <span class='ocrx_word' id='word_1_107' title='bbox 1355 1798 1536 1882; x_wconf 75' lang='lat' dir='ltr'><strong>generales,</strong></span> 
     </span>
     <span class='ocr_line' id='line_1_14' title="bbox 357 1920 1536 2007; baseline -0.003 -21"><span class='ocrx_word' id='word_1_108' title='bbox 357 1942 458 2007; x_wconf 84' lang='lat' dir='ltr'><strong>parra</strong></span> <span class='ocrx_word' id='word_1_109' title='bbox 481 1922 513 1985; x_wconf 90' lang='lat' dir='ltr'><strong>vi</strong></span> <span class='ocrx_word' id='word_1_110' title='bbox 537 1921 668 2006; x_wconf 90' lang='lat' dir='ltr'><strong>pollent,</strong></span> <span class='ocrx_word' id='word_1_111' title='bbox 693 1940 796 2005; x_wconf 88' lang='lat' dir='ltr'><strong>neque</strong></span> <span class='ocrx_word' id='word_1_112' title='bbox 820 1941 880 2007; x_wconf 89' lang='lat' dir='ltr'><strong>per</strong></span> <span class='ocrx_word' id='word_1_113' title='bbox 897 1942 931 1987; x_wconf 88' lang='lat' dir='ltr'><strong>se</strong></span> <span class='ocrx_word' id='word_1_114' title='bbox 954 1941 1067 1986; x_wconf 83' lang='lat' dir='ltr'><strong>veram</strong></span> <span class='ocrx_word' id='word_1_115' title='bbox 1083 1923 1284 1988; x_wconf 88' lang='lat' dir='ltr'><strong>constituunt</strong></span> <span class='ocrx_word' id='word_1_116' title='bbox 1301 1920 1536 2005; x_wconf 78' lang='lat' dir='ltr'><strong>probationem,</strong></span> 
     </span>
     <span class='ocr_line' id='line_1_15' title="bbox 270 2042 1537 2127; baseline 0.001 -19"><span class='ocrx_word' id='word_1_117' title='bbox 270 2094 273 2099; x_wconf 90' lang='lat'><strong>.</strong></span> <span class='ocrx_word' id='word_1_118' title='bbox 357 2044 442 2109; x_wconf 88' lang='lat' dir='ltr'><strong>unde</strong></span> <span class='ocrx_word' id='word_1_119' title='bbox 464 2062 528 2107; x_wconf 93' lang='lat' dir='ltr'><strong>non</strong></span> <span class='ocrx_word' id='word_1_120' title='bbox 554 2045 700 2107; x_wconf 89' lang='lat' dir='ltr'><strong>relevant</strong></span> <span class='ocrx_word' id='word_1_121' title='bbox 722 2042 762 2107; x_wconf 87' lang='lat' dir='ltr'><strong>ab</strong></span> <span class='ocrx_word' id='word_1_122' title='bbox 786 2063 888 2107; x_wconf 91' lang='lat' dir='ltr'><strong>unere</strong></span> <span class='ocrx_word' id='word_1_123' title='bbox 903 2042 1071 2127; x_wconf 83' lang='lat' dir='ltr'><strong>probandi.</strong></span> <span class='ocrx_word' id='word_1_124' title='bbox 1091 2042 1207 2114; x_wconf 79' lang='lat' dir='ltr'><strong>Quivis</strong></span> <span class='ocrx_word' id='word_1_125' title='bbox 1224 2044 1470 2127; x_wconf 77' lang='lat' dir='ltr'><strong>praesumitur</strong></span> <span class='ocrx_word' id='word_1_126' title='bbox 1489 2044 1537 2109; x_wconf 72' lang='lat' dir='ltr'><strong>bo</strong></span> 
     </span>
     <span class='ocr_line' id='line_1_16' title="bbox 357 2164 1536 2251; baseline -0.001 -21"><span class='ocrx_word' id='word_1_127' title='bbox 357 2184 422 2230; x_wconf 74' lang='lat' dir='ltr'><strong>oto</strong></span> <span class='ocrx_word' id='word_1_128' title='bbox 444 2170 474 2230; x_wconf 85' lang='lat' dir='ltr'><strong>ct</strong></span> <span class='ocrx_word' id='word_1_129' title='bbox 498 2164 645 2251; x_wconf 78' lang='lat' dir='ltr'><strong>lepitioze</strong></span> <span class='ocrx_word' id='word_1_130' title='bbox 666 2170 777 2245; x_wconf 80' lang='lat' dir='ltr'><strong>notua,</strong></span> <span class='ocrx_word' id='word_1_131' title='bbox 802 2171 911 2229; x_wconf 68' lang='lat' dir='ltr'><strong>mmen</strong></span> <span class='ocrx_word' id='word_1_132' title='bbox 943 2167 971 2231; x_wconf 88' lang='lat' dir='ltr'><strong>si</strong></span> <span class='ocrx_word' id='word_1_133' title='bbox 994 2167 1180 2251; x_wconf 85' lang='lat' dir='ltr'><strong>promoveri</strong></span> <span class='ocrx_word' id='word_1_134' title='bbox 1203 2164 1245 2229; x_wconf 87' lang='lat' dir='ltr'><strong>ad</strong></span> <span class='ocrx_word' id='word_1_135' title='bbox 1269 2164 1416 2231; x_wconf 83' lang='lat' dir='ltr'><strong>Ordines</strong></span> <span class='ocrx_word' id='word_1_136' title='bbox 1444 2168 1536 2250; x_wconf 82' lang='lat' dir='ltr'><strong>capit.</strong></span> 
     </span>
     <span class='ocr_line' id='line_1_17' title="bbox 357 2289 1278 2357; baseline 0.001 -1"><span class='ocrx_word' id='word_1_137' title='bbox 357 2293 538 2357; x_wconf 85' lang='lat' dir='ltr'><strong>testimonia</strong></span> <span class='ocrx_word' id='word_1_138' title='bbox 561 2290 601 2355; x_wconf 92' lang='lat' dir='ltr'><strong>de</strong></span> <span class='ocrx_word' id='word_1_139' title='bbox 626 2291 784 2356; x_wconf 87' lang='lat' dir='ltr'><strong>natalibus</strong></span> <span class='ocrx_word' id='word_1_140' title='bbox 808 2297 841 2355; x_wconf 90' lang='lat' dir='ltr'><strong>et</strong></span> <span class='ocrx_word' id='word_1_141' title='bbox 863 2291 1006 2357; x_wconf 87' lang='lat' dir='ltr'><strong>moribus</strong></span> <span class='ocrx_word' id='word_1_142' title='bbox 1028 2289 1150 2357; x_wconf 83' lang='lat' dir='ltr'><strong>afferre</strong></span> <span class='ocrx_word' id='word_1_143' title='bbox 1173 2292 1278 2357; x_wconf 86' lang='lat' dir='ltr'><strong>debet.</strong></span> 
     </span>
    </p>

    <p class='ocr_par' dir='ltr' id='par_1_3' title="bbox 358 2416 1538 2871">
     <span class='ocr_line' id='line_1_18' title="bbox 447 2416 1537 2502; baseline -0.002 -20"><span class='ocrx_word' id='word_1_144' title='bbox 447 2418 522 2483; x_wconf 80' lang='lat'><strong>524.</strong></span> <span class='ocrx_word' id='word_1_145' title='bbox 554 2417 838 2502; x_wconf 90' lang='lat' dir='ltr'><strong>Praesumptiones</strong></span> <span class='ocrx_word' id='word_1_146' title='bbox 871 2416 1018 2483; x_wconf 78' lang='lat' dir='ltr'><strong>hominia</strong></span> <span class='ocrx_word' id='word_1_147' title='bbox 1041 2438 1098 2483; x_wconf 88' lang='lat' dir='ltr'><strong>seu</strong></span> <span class='ocrx_word' id='word_1_148' title='bbox 1130 2416 1245 2483; x_wconf 88' lang='lat' dir='ltr'><strong>iudicis</strong></span> <span class='ocrx_word' id='word_1_149' title='bbox 1268 2424 1345 2482; x_wconf 84' lang='lat' dir='ltr'><strong>sunt</strong></span> <span class='ocrx_word' id='word_1_150' title='bbox 1368 2438 1456 2501; x_wconf 88' lang='lat' dir='ltr'><strong>quae</strong></span> <span class='ocrx_word' id='word_1_151' title='bbox 1477 2440 1537 2481; x_wconf 65' lang='lat' dir='ltr'><strong>nen</strong></span> 
     </span>
     <span class='ocr_line' id='line_1_19' title="bbox 358 2540 1536 2627; baseline -0.003 -22"><span class='ocrx_word' id='word_1_152' title='bbox 358 2542 615 2607; x_wconf 86' lang='lat' dir='ltr'><strong>determinantur</strong></span> <span class='ocrx_word' id='word_1_153' title='bbox 630 2561 649 2604; x_wconf 90' lang='lat' dir='ltr'><strong>a</strong></span> <span class='ocrx_word' id='word_1_154' title='bbox 666 2540 749 2627; x_wconf 80' lang='lat' dir='ltr'><strong>lege,</strong></span> <span class='ocrx_word' id='word_1_155' title='bbox 767 2541 823 2605; x_wconf 91' lang='lat' dir='ltr'><strong>sed</strong></span> <span class='ocrx_word' id='word_1_156' title='bbox 839 2542 1068 2625; x_wconf 89' lang='lat' dir='ltr'><strong>relinquuntur</strong></span> <span class='ocrx_word' id='word_1_157' title='bbox 1084 2542 1198 2607; x_wconf 91' lang='lat' dir='ltr'><strong>iudicis</strong></span> <span class='ocrx_word' id='word_1_158' title='bbox 1220 2542 1375 2627; x_wconf 89' lang='lat' dir='ltr'><strong>prudenti</strong></span> <span class='ocrx_word' id='word_1_159' title='bbox 1396 2542 1536 2606; x_wconf 68' lang='lat' dir='ltr'><strong>arbitrio.</strong></span> 
     </span>
     <span class='ocr_line' id='line_1_20' title="bbox 358 2666 1538 2751; baseline -0.003 -18"><span class='ocrx_word' id='word_1_160' title='bbox 358 2670 411 2751; x_wconf 92' lang='lat' dir='ltr'><strong>qui</strong></span> <span class='ocrx_word' id='word_1_161' title='bbox 426 2688 468 2733; x_wconf 79' lang='lat' dir='ltr'><strong>ea</strong></span> <span class='ocrx_word' id='word_1_162' title='bbox 485 2668 636 2751; x_wconf 82' lang='lat' dir='ltr'><strong>qualitate</strong></span> <span class='ocrx_word' id='word_1_163' title='bbox 659 2666 883 2731; x_wconf 88' lang='lat' dir='ltr'><strong>adiuncturum</strong></span> <span class='ocrx_word' id='word_1_164' title='bbox 900 2674 932 2731; x_wconf 89' lang='lat' dir='ltr'><strong>et</strong></span> <span class='ocrx_word' id='word_1_165' title='bbox 947 2666 1139 2731; x_wconf 90' lang='lat' dir='ltr'><strong>indiciorum</strong></span> <span class='ocrx_word' id='word_1_166' title='bbox 1164 2668 1317 2732; x_wconf 87' lang='lat' dir='ltr'><strong>coniiciat</strong></span> <span class='ocrx_word' id='word_1_167' title='bbox 1340 2668 1383 2731; x_wconf 93' lang='lat' dir='ltr'><strong>de</strong></span> <span class='ocrx_word' id='word_1_168' title='bbox 1405 2672 1538 2731; x_wconf 75' lang='lat' dir='ltr'><strong>veritate</strong></span> 
     </span>
     <span class='ocr_line' id='line_1_21' title="bbox 359 2786 1409 2871; baseline -0.002 -16"><span class='ocrx_word' id='word_1_169' title='bbox 359 2792 434 2856; x_wconf 85' lang='lat' dir='ltr'><strong>lacti</strong></span> <span class='ocrx_word' id='word_1_170' title='bbox 459 2793 669 2871; x_wconf 87' lang='lat' dir='ltr'><strong>controversi,</strong></span> <span class='ocrx_word' id='word_1_171' title='bbox 693 2790 752 2855; x_wconf 94' lang='lat' dir='ltr'><strong>sibi</strong></span> <span class='ocrx_word' id='word_1_172' title='bbox 777 2786 951 2856; x_wconf 84' lang='lat' dir='ltr'><strong>efformans</strong></span> <span class='ocrx_word' id='word_1_173' title='bbox 978 2792 1135 2855; x_wconf 87' lang='lat' dir='ltr'><strong>moralem</strong></span> <span class='ocrx_word' id='word_1_174' title='bbox 1160 2791 1409 2857; x_wconf 87' lang='lat' dir='ltr'><strong>certitudinem.</strong></span> 
     </span>
    </p>

    <p class='ocr_par' dir='ltr' id='par_1_4' title="bbox 353 2915 1541 4118">
     <span class='ocr_line' id='line_1_22' title="bbox 446 2915 1538 3001; baseline -0.004 -20"><span class='ocrx_word' id='word_1_175' title='bbox 446 2916 520 2981; x_wconf 76' lang='lat'><strong>525.</strong></span> <span class='ocrx_word' id='word_1_176' title='bbox 547 2915 608 2983; x_wconf 91' lang='lat' dir='ltr'><strong>Sed</strong></span> <span class='ocrx_word' id='word_1_177' title='bbox 632 2935 788 2999; x_wconf 84' lang='lat' dir='ltr'><strong>quaenam</strong></span> <span class='ocrx_word' id='word_1_178' title='bbox 813 2920 862 2979; x_wconf 89' lang='lat' dir='ltr'><strong>est</strong></span> <span class='ocrx_word' id='word_1_179' title='bbox 889 2916 1158 3001; x_wconf 86' lang='lat' dir='ltr'><strong>praesumptionis</strong></span> <span class='ocrx_word' id='word_1_180' title='bbox 1183 2916 1333 2982; x_wconf 77' lang='lat' dir='ltr'><strong>hominis</strong></span> <span class='ocrx_word' id='word_1_181' title='bbox 1358 2918 1409 2981; x_wconf 87' lang='lat' dir='ltr'><strong>vis</strong></span> <span class='ocrx_word' id='word_1_182' title='bbox 1433 2918 1538 3001; x_wconf 72' lang='lat' dir='ltr'><strong>prola</strong></span> 
     </span>
     <span class='ocr_line' id='line_1_23' title="bbox 358 3036 1539 3124; baseline -0.001 -22"><span class='ocrx_word' id='word_1_183' title='bbox 358 3036 442 3103; x_wconf 79' lang='lat' dir='ltr'><strong>tivat</strong></span> <span class='ocrx_word' id='word_1_184' title='bbox 459 3038 600 3112; x_wconf 85' lang='lat' dir='ltr'><strong>-Quia</strong></span> <span class='ocrx_word' id='word_1_185' title='bbox 623 3038 708 3103; x_wconf 86' lang='lat' dir='ltr'><strong>facta</strong></span> <span class='ocrx_word' id='word_1_186' title='bbox 732 3044 765 3102; x_wconf 89' lang='lat' dir='ltr'><strong>et</strong></span> <span class='ocrx_word' id='word_1_187' title='bbox 788 3037 907 3101; x_wconf 89' lang='lat' dir='ltr'><strong>indicia</strong></span> <span class='ocrx_word' id='word_1_188' title='bbox 922 3036 1036 3121; x_wconf 89' lang='lat' dir='ltr'><strong>quibus</strong></span> <span class='ocrx_word' id='word_1_189' title='bbox 1059 3036 1208 3101; x_wconf 89' lang='lat' dir='ltr'><strong>innititur</strong></span> <span class='ocrx_word' id='word_1_190' title='bbox 1223 3041 1453 3124; x_wconf 83' lang='lat' dir='ltr'><strong>praesumptio</strong></span> <span class='ocrx_word' id='word_1_191' title='bbox 1474 3058 1539 3104; x_wconf 77' lang='lat' dir='ltr'><strong>scin</strong></span> 
     </span>
     <span class='ocr_line' id='line_1_24' title="bbox 357 3162 1538 3247; baseline -0.001 -21"><span class='ocrx_word' id='word_1_192' title='bbox 357 3162 398 3227; x_wconf 86' lang='lat' dir='ltr'><strong>ad</strong></span> <span class='ocrx_word' id='word_1_193' title='bbox 425 3164 527 3227; x_wconf 87' lang='lat' dir='ltr'><strong>instar</strong></span> <span class='ocrx_word' id='word_1_194' title='bbox 551 3163 812 3246; x_wconf 89' lang='lat' dir='ltr'><strong>praemissarum,</strong></span> <span class='ocrx_word' id='word_1_195' title='bbox 838 3164 907 3246; x_wconf 88' lang='lat' dir='ltr'><strong>ipsa</strong></span> <span class='ocrx_word' id='word_1_196' title='bbox 937 3164 1157 3247; x_wconf 90' lang='lat' dir='ltr'><strong>praesumptio</strong></span> <span class='ocrx_word' id='word_1_197' title='bbox 1180 3166 1245 3227; x_wconf 90' lang='lat' dir='ltr'><strong>erit</strong></span> <span class='ocrx_word' id='word_1_198' title='bbox 1267 3163 1376 3247; x_wconf 83' lang='lat' dir='ltr'><strong>magis</strong></span> <span class='ocrx_word' id='word_1_199' title='bbox 1409 3166 1466 3231; x_wconf 77' lang='lat' dir='ltr'><strong>sel</strong></span> <span class='ocrx_word' id='word_1_200' title='bbox 1489 3167 1538 3228; x_wconf 89' lang='lat' dir='ltr'><strong>mi·</strong></span> 
     </span>
     <span class='ocr_line' id='line_1_25' title="bbox 358 3286 1539 3375; baseline 0 -25"><span class='ocrx_word' id='word_1_201' title='bbox 358 3307 418 3351; x_wconf 90' lang='lat' dir='ltr'><strong>nus</strong></span> <span class='ocrx_word' id='word_1_202' title='bbox 433 3286 607 3372; x_wconf 85' lang='lat' dir='ltr'><strong>probabilis</strong></span> <span class='ocrx_word' id='word_1_203' title='bbox 630 3306 689 3371; x_wconf 92' lang='lat' dir='ltr'><strong>pro</strong></span> <span class='ocrx_word' id='word_1_204' title='bbox 714 3288 825 3350; x_wconf 90' lang='lat' dir='ltr'><strong>maiori</strong></span> <span class='ocrx_word' id='word_1_205' title='bbox 843 3287 896 3350; x_wconf 82' lang='lat' dir='ltr'><strong>vel</strong></span> <span class='ocrx_word' id='word_1_206' title='bbox 914 3287 1031 3351; x_wconf 91' lang='lat' dir='ltr'><strong>minori</strong></span> <span class='ocrx_word' id='word_1_207' title='bbox 1054 3286 1226 3357; x_wconf 83' lang='lat' dir='ltr'><strong>evidentia.</strong></span> <span class='ocrx_word' id='word_1_208' title='bbox 1243 3306 1308 3371; x_wconf 94' lang='lat' dir='ltr'><strong>qua</strong></span> <span class='ocrx_word' id='word_1_209' title='bbox 1334 3308 1539 3375; x_wconf 71' lang='lat' dir='ltr'><strong>praesumpta</strong></span> 
     </span>
     <span class='ocr_line' id='line_1_26' title="bbox 358 3412 1539 3497; baseline -0.005 -21"><span class='ocrx_word' id='word_1_210' title='bbox 358 3414 478 3477; x_wconf 88' lang='lat' dir='ltr'><strong>veritas</strong></span> <span class='ocrx_word' id='word_1_211' title='bbox 509 3414 542 3477; x_wconf 91' lang='lat' dir='ltr'><strong>in</strong></span> <span class='ocrx_word' id='word_1_212' title='bbox 573 3414 648 3497; x_wconf 90' lang='lat' dir='ltr'><strong>ipsis</strong></span> <span class='ocrx_word' id='word_1_213' title='bbox 672 3414 865 3478; x_wconf 88' lang='lat' dir='ltr'><strong>continetur.</strong></span> <span class='ocrx_word' id='word_1_214' title='bbox 898 3412 975 3477; x_wconf 88' lang='lat' dir='ltr'><strong>lnde</strong></span> <span class='ocrx_word' id='word_1_215' title='bbox 1006 3412 1153 3477; x_wconf 84' lang='lat' dir='ltr'><strong>inierunt</strong></span> <span class='ocrx_word' id='word_1_216' title='bbox 1179 3413 1360 3494; x_wconf 88' lang='lat' dir='ltr'><strong>Doctores,</strong></span> <span class='ocrx_word' id='word_1_217' title='bbox 1399 3416 1539 3482; x_wconf 66' lang='lat' dir='ltr'><strong>leontini&lt;</strong></span> 
     </span>
     <span class='ocr_line' id='line_1_27' title="bbox 353 3536 1540 3624; baseline 0.002 -25"><span class='ocrx_word' id='word_1_218' title='bbox 353 3536 650 3619; x_wconf 77' lang='lat' dir='ltr'><strong>praesumptiones</strong></span> <span class='ocrx_word' id='word_1_219' title='bbox 680 3540 917 3604; x_wconf 83' lang='lat' dir='ltr'><strong>nonreleoore</strong></span> <span class='ocrx_word' id='word_1_220' title='bbox 947 3536 990 3602; x_wconf 86' lang='lat' dir='ltr'><strong>ab</strong></span> <span class='ocrx_word' id='word_1_221' title='bbox 1026 3556 1130 3604; x_wconf 81' lang='lat' dir='ltr'><strong>onere</strong></span> <span class='ocrx_word' id='word_1_222' title='bbox 1156 3536 1347 3620; x_wconf 80' lang='lat' dir='ltr'><strong>probandi.</strong></span> <span class='ocrx_word' id='word_1_223' title='bbox 1382 3544 1463 3624; x_wconf 86' lang='lat' dir='ltr'><strong>quia</strong></span> <span class='ocrx_word' id='word_1_224' title='bbox 1488 3542 1540 3604; x_wconf 80' lang='lat' dir='ltr'><strong>ali-</strong></span> 
     </span>
     <span class='ocr_line' id='line_1_28' title="bbox 358 3660 1540 3751; baseline 0.002 -25"><span class='ocrx_word' id='word_1_225' title='bbox 358 3660 484 3745; x_wconf 90' lang='lat' dir='ltr'><strong>quando</strong></span> <span class='ocrx_word' id='word_1_226' title='bbox 520 3665 567 3725; x_wconf 86' lang='lat' dir='ltr'><strong>est</strong></span> <span class='ocrx_word' id='word_1_227' title='bbox 597 3662 686 3731; x_wconf 84' lang='lat' dir='ltr'><strong>leuis,</strong></span> <span class='ocrx_word' id='word_1_228' title='bbox 719 3668 751 3724; x_wconf 87' lang='lat' dir='ltr'><strong>ct</strong></span> <span class='ocrx_word' id='word_1_229' title='bbox 774 3663 879 3747; x_wconf 91' lang='lat' dir='ltr'><strong>potius</strong></span> <span class='ocrx_word' id='word_1_230' title='bbox 911 3668 960 3726; x_wconf 87' lang='lat' dir='ltr'><strong>est</strong></span> <span class='ocrx_word' id='word_1_231' title='bbox 989 3660 1136 3744; x_wconf 70' lang='lat' dir='ltr'><strong>auspicio</strong></span> <span class='ocrx_word' id='word_1_232' title='bbox 1164 3680 1260 3746; x_wconf 86' lang='lat' dir='ltr'><strong>quam</strong></span> <span class='ocrx_word' id='word_1_233' title='bbox 1287 3667 1540 3751; x_wconf 62' lang='lat' dir='ltr'><strong>praeempta.</strong></span> 
     </span>
     <span class='ocr_line' id='line_1_29' title="bbox 359 3781 1540 3866; baseline 0.001 -19"><span class='ocrx_word' id='word_1_234' title='bbox 359 3783 483 3847; x_wconf 89' lang='lat' dir='ltr'><strong>Verum</strong></span> <span class='ocrx_word' id='word_1_235' title='bbox 508 3784 533 3845; x_wconf 93' lang='lat' dir='ltr'><strong>si</strong></span> <span class='ocrx_word' id='word_1_236' title='bbox 558 3784 666 3866; x_wconf 84' lang='lat' dir='ltr'><strong>gravis</strong></span> <span class='ocrx_word' id='word_1_237' title='bbox 690 3782 806 3848; x_wconf 84' lang='lat' dir='ltr'><strong>situel</strong></span> <span class='ocrx_word' id='word_1_238' title='bbox 831 3782 1006 3846; x_wconf 76' lang='lat' dir='ltr'><strong>vehemens</strong></span> <span class='ocrx_word' id='word_1_239' title='bbox 1030 3801 1101 3846; x_wconf 88' lang='lat' dir='ltr'><strong>eam</strong></span> <span class='ocrx_word' id='word_1_240' title='bbox 1123 3781 1352 3866; x_wconf 89' lang='lat' dir='ltr'><strong>probationem</strong></span> <span class='ocrx_word' id='word_1_241' title='bbox 1379 3789 1540 3852; x_wconf 60' lang='lat' dir='ltr'><strong>conminuit</strong></span> 
     </span>
     <span class='ocr_line' id='line_1_30' title="bbox 354 3906 1541 3991; baseline 0.001 -19"><span class='ocrx_word' id='word_1_242' title='bbox 354 3909 495 3989; x_wconf 80' lang='lat' dir='ltr'><strong>plenum</strong></span> <span class='ocrx_word' id='word_1_243' title='bbox 527 3906 579 3971; x_wconf 78' lang='lat' dir='ltr'><strong>rel</strong></span> <span class='ocrx_word' id='word_1_244' title='bbox 609 3908 841 3989; x_wconf 78' lang='lat' dir='ltr'><strong>serrriplenum,</strong></span> <span class='ocrx_word' id='word_1_245' title='bbox 867 3928 949 3991; x_wconf 86' lang='lat' dir='ltr'><strong>quae</strong></span> <span class='ocrx_word' id='word_1_246' title='bbox 980 3926 1045 3971; x_wconf 89' lang='lat' dir='ltr'><strong>non</strong></span> <span class='ocrx_word' id='word_1_247' title='bbox 1077 3908 1255 3974; x_wconf 89' lang='lat' dir='ltr'><strong>destruitur</strong></span> <span class='ocrx_word' id='word_1_248' title='bbox 1279 3911 1345 3974; x_wconf 90' lang='lat' dir='ltr'><strong>nisi</strong></span> <span class='ocrx_word' id='word_1_249' title='bbox 1370 3914 1541 3977; x_wconf 67' lang='lat' dir='ltr'><strong>contraris</strong></span> 
     </span>
     <span class='ocr_line' id='line_1_31' title="bbox 358 4032 1540 4118; baseline 0.004 -22"><span class='ocrx_word' id='word_1_250' title='bbox 358 4032 536 4096; x_wconf 86' lang='lat' dir='ltr'><strong>aduersarii</strong></span> <span class='ocrx_word' id='word_1_251' title='bbox 560 4032 816 4116; x_wconf 76' lang='lat' dir='ltr'><strong>allegationibus.</strong></span> <span class='ocrx_word' id='word_1_252' title='bbox 842 4032 969 4097; x_wconf 87' lang='lat' dir='ltr'><strong>Exinde</strong></span> <span class='ocrx_word' id='word_1_253' title='bbox 1001 4034 1221 4118; x_wconf 86' lang='lat' dir='ltr'><strong>praesumptio</strong></span> <span class='ocrx_word' id='word_1_254' title='bbox 1251 4044 1302 4100; x_wconf 85' lang='lat' dir='ltr'><strong>est</strong></span> <span class='ocrx_word' id='word_1_255' title='bbox 1332 4037 1420 4103; x_wconf 66' lang='lat' dir='ltr'><strong>tera</strong></span> <span class='ocrx_word' id='word_1_256' title='bbox 1450 4038 1540 4102; x_wconf 78' lang='lat' dir='ltr'><strong>silc·</strong></span> 
     </span>
    </p>
   </div>
   <div class='ocr_carea' id='block_1_3' title="bbox 358 4148 1540 4245">
    <p class='ocr_par' dir='ltr' id='par_1_5' title="bbox 358 4148 1540 4245">
     <span class='ocr_line' id='line_1_32' title="bbox 358 4148 1540 4245; baseline 0.003 -27"><span class='ocrx_word' id='word_1_257' title='bbox 358 4156 411 4218; x_wconf 91' lang='lat' dir='ltr'><strong>via</strong></span> <span class='ocrx_word' id='word_1_258' title='bbox 434 4156 497 4218; x_wconf 89' lang='lat' dir='ltr'><strong>sint</strong></span> <span class='ocrx_word' id='word_1_259' title='bbox 521 4155 639 4219; x_wconf 85' lang='lat' dir='ltr'><strong>indicia</strong></span> <span class='ocrx_word' id='word_1_260' title='bbox 662 4156 817 4225; x_wconf 81' lang='lat' dir='ltr'><strong>veritatis,</strong></span> <span class='ocrx_word' id='word_1_261' title='bbox 842 4156 959 4239; x_wconf 80' lang='lat' dir='ltr'><strong>prucis</strong></span> <span class='ocrx_word' id='word_1_262' title='bbox 982 4157 1007 4219; x_wconf 88' lang='lat' dir='ltr'><strong>si</strong></span> <span class='ocrx_word' id='word_1_263' title='bbox 1039 4148 1164 4241; x_wconf 76' lang='lat' dir='ltr'><strong>gravia.</strong></span> <span class='ocrx_word' id='word_1_264' title='bbox 1197 4163 1232 4225; x_wconf 87' lang='lat' dir='ltr'><strong>et</strong></span> <span class='ocrx_word' id='word_1_265' title='bbox 1253 4160 1469 4245; x_wconf 74' lang='lat' dir='ltr'><strong>pravissima</strong></span> <span class='ocrx_word' id='word_1_266' title='bbox 1490 4184 1540 4226; x_wconf 66' lang='lat' dir='ltr'><strong>ssu</strong></span> 
     </span>
    </p>
   </div>
   <div class='ocr_carea' id='block_1_4' title="bbox 359 4280 1541 4487">
    <p class='ocr_par' dir='ltr' id='par_1_6' title="bbox 359 4280 1541 4487">
     <span class='ocr_line' id='line_1_33' title="bbox 359 4280 1541 4354; baseline 0.004 -9"><span class='ocrx_word' id='word_1_267' title='bbox 359 4280 535 4344; x_wconf 69' lang='lat' dir='ltr'><strong>aclionaeus</strong></span> <span class='ocrx_word' id='word_1_268' title='bbox 559 4282 584 4344; x_wconf 89' lang='lat' dir='ltr'><strong>si</strong></span> <span class='ocrx_word' id='word_1_269' title='bbox 609 4282 673 4343; x_wconf 85' lang='lat' dir='ltr'><strong>sint</strong></span> <span class='ocrx_word' id='word_1_270' title='bbox 698 4282 740 4345; x_wconf 87' lang='lat' dir='ltr'><strong>ita</strong></span> <span class='ocrx_word' id='word_1_271' title='bbox 757 4280 927 4354; x_wconf 75' lang='lat' dir='ltr'><strong>erirlontia.</strong></span> <span class='ocrx_word' id='word_1_272' title='bbox 947 4287 981 4345; x_wconf 89' lang='lat' dir='ltr'><strong>ut</strong></span> <span class='ocrx_word' id='word_1_273' title='bbox 1004 4282 1102 4345; x_wconf 89' lang='lat' dir='ltr'><strong>animi</strong></span> <span class='ocrx_word' id='word_1_274' title='bbox 1126 4303 1298 4349; x_wconf 88' lang='lat' dir='ltr'><strong>assensum</strong></span> <span class='ocrx_word' id='word_1_275' title='bbox 1319 4287 1423 4352; x_wconf 81' lang='lat' dir='ltr'><strong>veluti</strong></span> <span class='ocrx_word' id='word_1_276' title='bbox 1439 4308 1541 4351; x_wconf 58' lang='lat' dir='ltr'><strong>nete·</strong></span> 
     </span>
     <span class='ocr_line' id='line_1_34' title="bbox 359 4404 669 4487; baseline 0 -22"><span class='ocrx_word' id='word_1_277' title='bbox 359 4406 443 4467; x_wconf 89' lang='lat' dir='ltr'><strong>sario</strong></span> <span class='ocrx_word' id='word_1_278' title='bbox 468 4404 669 4487; x_wconf 88' lang='lat' dir='ltr'><strong>pertrabant.</strong></span> 
     </span>
    </p>
   </div>
   <div class='ocr_carea' id='block_1_5' title="bbox 0 0 1687 5108">
    <p class='ocr_par' dir='ltr' id='par_1_7' title="bbox 0 0 1687 5108">
     <span class='ocr_line' id='line_1_35' title="bbox 0 0 1687 5108; baseline 0 0"><span class='ocrx_word' id='word_1_279' title='bbox 0 0 1687 5108; x_wconf 95' lang='lat' dir='ltr'><strong> </strong></span> 
     </span>
    </p>
   </div>
  </div>
 </body>
</html>
