3350 5117
478 334 522 379 nx
546 331 686 379 runicus
710 331 975 380 uoonnsmsrrms
1151 303 1152 308 ’
1249 313 1310 378 651

132 474 220 519 nem.
245 455 389 539 Denique
421 455 457 520 ia
488 454 640 521 ciuilibus
667 457 847 520 sententiae
878 455 1177 522 condemnatoriue
1206 455 1317 520 volun-

132 581 251 645 tariam
274 581 327 645 ve]
351 587 496 648 coactam
519 584 696 670 exquirunt
719 582 955 648 executionem.

225 707 300 772 678.
327 709 364 771 ln
388 706 541 773 sitatibus
564 709 713 774 executio
737 709 916 772 sententiae
941 706 1233 779 condemnatoriae,
1247 707 1316 772 siue

131 831 317 896 voluntarie
339 829 395 896 fiat
418 832 487 896 sive
510 838 632 904 coacte,
658 851 721 896 non
745 831 846 896 semel
862 830 1007 916 pluribus
1031 829 1266 916 quaestionibus
1283 836 1317 896 et

132 954 263 1038 quidem
295 954 499 1041 gravioribus
530 956 724 1040 implicatur.
750 957 846 1021 Iurat
874 975 934 1042 per
965 977 1089 1021 summa
1119 935 1315 1020 lineamenta

129 1079 328 1145 adumbrare
351 1081 466 1145 harum
490 1081 786 1146 controversiarum
810 1085 969 1146 naturam.

225 1203 384 1288 Fingatur
407 1204 547 1289 exempli
564 1223 664 1269 causa
687 1205 807 1276 Caium,
826 1225 927 1286 reum,
944 1203 1190 1269 condemnatum
1214 1205 1314 1270 tuisse

130 1325 174 1389 ad
197 1325 353 1392 solvenda·
380 1327 468 1390 mille
496 1331 622 1392 scutata
656 1327 749 1401 Titio,
773 1330 886 1392 actori.
912 1326 1078 1412 Supposito
1109 1327 1205 1392 etiam
1236 1347 1313 1393 casu

129 1451 347 1517 voluntariae
369 1452 546 1518 solutionis
571 1472 613 1517 ex
629 1458 721 1538 parte
739 1453 816 1533 Gaii,
833 1457 940 1518 tamen
957 1453 1078 1517 exoriri
1095 1457 1200 1539 potest
1215 1471 1311 1537 quae·

128 1575 194 1638 stio
210 1573 312 1658 quoad
337 1575 464 1640 modurn
489 1576 667 1641 solutionis.
689 1576 784 1643 Caius
803 1577 902 1642 vellet
925 1577 1054 1642 solvere
1069 1577 1157 1642 mille
1177 1580 1311 1657 scutata,

129 1695 276 1761 cedendo
299 1698 457 1762 nonnulla
477 1698 605 1764 credita
623 1720 681 1764 seu
695 1700 848 1765 actiones.
866 1699 967 1764 Titius
982 1703 1178 1784 protestatur
1194 1719 1228 1763 se
1244 1703 1313 1764 tan·

129 1821 293 1888 tumrnodo
318 1825 443 1888 scutata
463 1843 565 1889 aurea
580 1824 634 1888 uel
648 1819 861 1910 argentea'in
885 1824 1075 1888 solutionem
1099 1829 1311 1910 excepturum

127 1968 211 2015 esse.
230 1950 321 2014 Tunc
337 1948 431 2015 Caius
445 1951 514 2016 adit
537 1950 686 2032 iudicem,
700 1957 812 2035 petens
835 1970 871 2015 se
887 1949 970 2036 apud
986 1949 1132 2015 eumdem
1147 1950 1200 2014 vel
1215 1950 1310 2016 aliam

125 2091 303 2157 personam
326 2072 411 2137 velle
435 2072 599 2157 deponere
629 2074 715 2138 hanc
737 2091 904 2145 summam,
925 2089 1019 2156 quam
1047 2072 1163 2137 iniuste
1187 2075 1310 2157 respuit

125 2199 231 2263 'l'ltius
258 2199 291 2261 in
318 2198 529 2273 solutionem;
553 2219 615 2283 quo
643 2198 786 2286 deposito
817 2198 904 2266 facto
927 2220 962 2264 se
985 2198 1103 2264 liberet
1125 2198 1165 2263 ab
1193 2197 1310 2284 obliga-

123 2323 228 2384 tione.
256 2319 366 2393 ludex‚
392 2321 451 2386 nisi
482 2321 646 2407 legitimae
671 2321 736 2387 sint
760 2295 911 2386 rationes
930 2321 1101 2387 creditoris
1128 2323 1311 2406 respuentis

122 2442 217 2507 hunc
240 2443 368 2509 modum
392 2444 569 2525 solutionis,
594 2444 732 2510 admittit
755 2445 944 2530 depositum,
962 2444 1132 2509 declarans
1157 2445 1265 2509 Caium
1290 2465 1311 2509 a

122 2567 235 2632 debito
251 2569 389 2635 solutum
406 2589 465 2656 per
482 2589 550 2634 rem
567 2570 752 2656 depositam,
770 2591 853 2656 quae
869 2571 1020 2655 deinceps
1044 2571 1071 2635 si
1087 2575 1208 2654 pereat,
1225 2573 1311 2654 perit

122 2693 210 2756 Titio
234 2713 292 2758 seu
316 2693 478 2759 creditori.
504 2695 554 2761 lta
577 2698 761 2760 statuerunt
777 2694 868 2780 leges
888 2713 1043 2759 romanae
1068 2695 1220 2779 congruis
1243 2715 1309 2758 ser·

117 2817 208 2882 vatis
230 2819 366 2884 cautelis
389 2817 526 2883 inductis
542 2820 642 2883 etiarn
662 2820 695 2884 in
711 2819 886 2884 hodiernos
909 2820 1047 2886 codices.
1069 2821 1102 2886 Si
1118 2840 1197 2884 vero
1214 2821 1308 2886 Caius

120 2941 276 3006 iniustam
296 2940 407 3007 dicens
423 2942 734 3024 condemnationem,
755 2947 956 3028 protestetur
973 2963 1009 3009 se
1030 2963 1093 3007 non
1117 2942 1305 3034 soluturum,

120 3064 186 3128 nisi
211 3063 360 3149 adigatur
387 3067 566 3132 ministerio
589 3066 701 3131 iudicis
726 3068 928 3142 executoris;
954 3072 1009 3131 aut
1032 3067 1160 3132 solvere
1190 3085 1249 3152 per
1273 3087 1309 3130 se

119 3205 191 3250 non
214 3189 324 3272 possit,
345 3189 421 3271 quia
438 3188 557 3256 adsunt
572 3190 630 3255 alii
654 3189 835 3255 creditores
859 3189 918 3254 sibi
941 3209 994 3255 res
1017 3189 1151 3254 mobiles
1172 3189 1225 3253 vel
1248 3190 1309 3252 im-

118 3310 262 3376 mobiles
286 3311 497 3388 vindicantes‚
523 3320 600 3379 tunc
630 3314 800 3399 graviores
830 3319 863 3378 et
893 3316 996 3400 magis
1026 3313 1205 3398 implicatae
1229 3332 1308 3378 exo·
1405 3373 1407 3376 .

119 3440 258 3506 riantur
282 3443 534 3506 controversiae.
561 3442 641 3506 Nam
669 3461 723 3506 res
749 3441 897 3521 mobiles,
912 3460 953 3505 ne
976 3435 1146 3526 processus
1169 3439 1307 3506 decursu

118 3561 321 3647 dispareant,
338 3564 467 3628 interim
491 3565 618 3650 pignori
634 3564 687 3628 vel
710 3564 956 3648 sequestrationi
979 3564 1205 3648 supponendae
1222 3575 1306 3644 sunt,

118 3691 159 3752 et
182 3694 295 3772 postea
321 3688 379 3754 sub
398 3689 494 3754 hasta
515 3689 704 3754 vendendae
719 3689 833 3754 iudicis
856 3689 1049 3754 auctoritate
1072 3709 1115 3753 ex
1139 3687 1252 3762 officio,
1277 3691 1304 3754 si

115 3809 220 3876 aliter
236 3811 362 3877 debitor
377 3831 442 3876 non
459 3812 581 3894 solvat,
596 3813 737 3896 pretium
752 3831 833 3877 vero
848 3832 959 3877 rerum
975 3811 1204 3878 distractarum
1220 3813 1306 3879 inter

116 3935 232 4000 varios
260 3935 437 4002 creditores
461 3934 714 4000 distribuendum
743 3940 807 4010 est,
831 3934 943 4000 habita
973 3935 1099 4000 ratione
1127 3937 1305 4021 prioritatis

114 4059 361 4142 tumtemporis
376 4062 442 4123 turn
467 4060 631 4143 qualitatis
655 4058 769 4124 crediti
787 4056 842 4143 (1).
862 4061 951 4134 Quae
967 4059 1075 4122 omnia
1098 4065 1133 4123 ut
1148 4079 1306 4144 peragan-
1366 4147 1368 4154 .

218 4341 257 4410 (l)
276 4341 308 4395 ln
320 4341 377 4396 cod.
392 4342 438 4395 cit„
452 4341 534 4412 Greg.
544 4343 722 4413 quaestiones
735 4343 913 4398 executoriae
923 4343 964 4396 ita
974 4341 1175 4396 adumbrentur
1186 4360 1209 4396 a.
1227 4343 1303 4397 1141:

110 4466 132 4501 α
157 4447 308 4502 Processus
326 4447 415 4503 relate
434 4448 467 4501 ad
487 4449 680 4503 executionem
704 4449 906 4503 sententiarum
933 4447 1157 4518 comprehendit:
1180 4449 1206 4520 l)
1233 4455 1305 4518 acta,
