3350 5117
259 404 264 413 “
312 410 379 476 258
837 419 968 469 russi.
1021 449 1023 458 .

253 599 266 616 =
311 555 482 643 peneralis
502 559 534 620 et
549 552 739 622 communis
754 547 871 615 effecta
891 550 932 613 sit
947 548 1030 612 haee
1045 547 1204 632 exceptio,
1222 545 1390 612 evidenter
1405 563 1493 608 com-

313 680 469 766 probatur
490 664 585 744 etiam
610 697 653 742 en
675 694 750 759 cap.
768 675 795 748 1,
812 672 865 739 De
887 678 965 738 rest.
990 670 1123 755 spoliat.
1141 670 1179 735 in
1195 669 1218 735 6
1233 669 1289 751 (Il,
1313 669 1358 752 5),
1376 669 1408 731 in
1426 685 1490 752 quo

313 805 503 890 supponitur
526 804 571 868 ite
601 800 779 866 communis
811 797 1013 882 exceptionis
1035 816 1126 865 usus,
1152 801 1187 860 ut
1208 796 1272 860 iam
1299 794 1426 861 abusus
1449 794 1491 857 ir-

314 930 484 1016 repserint,
502 947 581 1011 quos
603 927 649 991 ita
671 928 828 990 memorat
852 924 923 987 Inn.
950 922 1008 995 IV,
1033 923 1067 986 in
1090 940 1164 1004 cap.
1189 922 1216 995 1,
1242 920 1294 986 ait.
1320 921 1367 986 til.
1396 921 1433 985 in
1457 921 1492 984 6:

315 1075 334 1117 ‹
356 1055 534 1138 Frequens
556 1057 587 1117 et
609 1049 750 1116 assidua
773 1068 836 1115 nos
861 1048 1001 1134 querela
1024 1047 1271 1130 circumstrepit
1302 1047 1394 1131 quod
1417 1065 1491 1130 spo·

312 1181 462 1247 liationis
482 1178 635 1262 exceptio
658 1193 912 1260 nonnunquam
934 1174 971 1239 in
987 1173 1122 1238 iudiciis
1138 1174 1345 1240 calumniose
1364 1190 1493 1256 propa

312 1302 378 1370 sita
400 1323 522 1370 causas
544 1302 797 1369 Ecclesiasticus
829 1299 975 1383 impedit
1004 1304 1034 1365 el
1063 1297 1240 1380 perturbat
1251 1319 1265 1381 ,·
1292 1298 1375 1364 dum
1399 1297 1492 1363 enirn

313 1429 505 1512 memnoni
526 1428 703 1513 insistitur,
729 1425 982 1510 appellationes
1008 1425 1179 1508 interponi
1203 1425 1366 1510 cantinpil
1389 1429 1422 1489 el
1443 1425 1493 1490 sic

313 1549 546 1616 intentantur
561 1554 592 1614 et
610 1550 816 1632 plerumque
835 1546 1023 1630 perimitur
1045 1564 1170 1612 causae
1193 1546 1338 1632 cop'nilio
1357 1546 1492 1629 prinei-

310 1675 402 1758 palis
425 1693 456 1749 »;
479 1673 562 1738 idest
585 1674 638 1757 qui
669 1672 787 1737 iudicio
815 1671 970 1758 petitorio
993 1669 1229 1755 impetebantur
1256 1671 1296 1735 ad
1320 1671 1403 1736 idem
1428 1671 1492 1737 elu-

211 1853 217 1862 .
314 1794 461 1870 dendum,
486 1792 722 1859 conveniebant
745 1813 818 1858 cum
838 1792 912 1866 alio,
929 1799 965 1855 nt
979 1810 999 1854 a
1014 1811 1049 1855 se
1065 1811 1134 1855 rem
1158 1791 1328 1878 litigiosam
1344 1793 1492 1859 auferret

312 1939 352 1984 eo
374 1919 507 1984 consilio
531 1923 567 1983 ut
589 1924 704 1983 contra
718 1918 930 2004 spoliatorem
954 1917 1084 1980 interim
1107 1922 1237 2001 possent
1259 1917 1493 2002 agereiudicio

314 2047 510 2130 possessorio
534 2079 551 2092 -
576 2043 835 2128 recuperandae
861 2079 889 2124 -‚
912 2047 945 2108 et
968 2043 1013 2108 ita
1036 2048 1161 2128 tempus
1184 2043 1364 2116 absumere,
1390 2045 1493 2109 inter-

314 2175 417 2259 posita
437 2174 534 2238 etiam
557 2147 771 2256 appellatione
787 2189 807 2233 a
823 2170 986 2234 sententia
1001 2169 1034 2231 in
1049 2170 1247 2252 possessorio
1261 2168 1380 2234 iudicio
1396 2168 1491 2237 edita.

315 2300 414 2366 Hisce
437 2297 604 2364 fraudibus
626 2302 661 2361 nt
683 2300 875 2362 occurreret
900 2296 1106 2360 innocentius
1130 2295 1189 2377 IV,
1206 2297 1239 2377 in
1262 2294 1364 2374 Ceno.
1391 2297 1492 2383 Lugd.

314 2427 392 2490 anni
420 2426 507 2491 1245
529 2425 649 2496 statuit,

405 2552 437 2637 l)
461 2553 684 2637 exceptionem
708 2547 905 2633 probandum
929 2567 1000 2613 esse
1024 2548 1110 2612 intra
1135 2548 1176 2613 15
1199 2548 1275 2624 dies;

402 2677 436 2759 2)
459 2674 698 2772 ειάξη-ἰήΐρῃρᾳῳ,
713 2693 782 2763 ‚non
814 2691 885 2736 esse
916 2673 948 2735 in
973 2671 1121 2736 civilibus
1150 2673 1373 2756 exceptionem
1399 2673 1491 2758 spolii

314 2799 432 2886 patrati
456 2798 495 2863 ab
519 2799 582 2862 alio
605 2817 701 2880 quam
725 2795 765 2860 ab
791 2801 922 2870 actore;

404 2924 437 3013 3)
461 2927 494 2989 in
518 2923 738 2989 criminalibus
761 2921 885 2986 admitti
910 2919 1013 3005 quoad
1037 2920 1171 3005 spolium
1192 2921 1326 2988 atertm
1349 2920 1492 3004 factum,

313 3155 478 3226 peneralius
497 3153 648 3208 remedium
668 3152 866 3220 possessorium
889 3150 1071 3204 constitutum
1096 3151 1181 3204 fuisse
1205 3151 1253 3205 sed
1278 3152 1354 3206 casui
1376 3154 1496 3222 speciali

316 3282 415 3334 nempe
432 3262 586 3332 depulsioni
606 3261 804 3330 Episcoporum
823 3260 911 3313 fuisse
930 3257 1094 3312 consultum.
1116 3257 1229 3313 invocet
1253 3261 1339 3314 etiam
1365 3260 1494 3315 Gratiani

315 3369 577 3438 auctoritatem‚qui
597 3369 625 3421 in
644 3384 694 3420 sua
718 3366 900 3420 adnotatione
919 3365 953 3419 ad
972 3367 1173 3436 quaestionem,
1191 3365 1303 3422 disserit
1325 3371 1436 3422 tanturn
1460 3370 1494 3426 de

316 3477 460 3547 Episcopis
478 3475 581 3530 eiectis
600 3502 637 3516 -
655 3473 780 3527 lamvero
798 3471 868 3526 haec
888 3472 981 3542 opinio
1000 3489 1056 3526 non
1075 3473 1184 3527 videtur
1203 3475 1317 3529 veritati
1334 3477 1495 3543 conformis,

314 3582 381 3652 quia
398 3581 526 3646 diximus,
536 3596 591 3634 non
605 3579 632 3632 vi
645 3577 759 3632 canonis
772 3577 869 3647 ipsius,
882 3577 929 3630 sed
942 3577 969 3631 vi
984 3577 1192 3633 consuetudinis
1205 3595 1253 3633 seu
1269 3579 1360 3647 praxis
1373 3581 1493 3635 forensis

315 3683 482 3741 beneficium
501 3683 671 3754 exceptionis
689 3680 861 3752 quibuslibet
879 3679 964 3735 fuisse
983 3696 1153 3747 concessum,
1167 3684 1198 3733 ut
1210 3679 1331 3735 advertit
1345 3681 1403 3751 ipse
1423 3681 1494 3738 Gra-

316 3792 409 3847 tianns
427 3793 457 3847 in
476 3793 564 3846 citata
582 3791 701 3844 rubrica
715 3788 913 3843 -Gratianus
931 3804 998 3843 vero
1011 3789 1039 3841 in
1052 3792 1119 3842 nota
1137 3789 1279 3843 examinat
1300 3793 1409 3843 tantuin
1428 3791 1495 3861 Epi·

314 3914 461 3968 scaporum
480 3897 654 3963 eiectionem,
664 3894 717 3949 sibi
736 3895 873 3950 abiiciens
893 3911 908 3946 ι
926 3895 977 3948 ubi
998 3911 1055 3948 non
1078 3895 1133 3965 psit
1159 3893 1284 3964 lepitima
1305 3896 1438 3952 institutio
1457 3899 1497 3952 ibi

316 4025 372 4061 non
388 4017 478 4076 potest
496 4021 557 4060 esse
575 4007 751 4071 restitutio»,
765 4019 816 4057 seu
833 4021 890 4058 non
909 4017 988 4074 pesse
1006 4005 1117 4058 restitui
1135 4003 1296 4075 Episcopus,
1309 4004 1363 4059 nisi
1385 4009 1496 4062 constet

317 4110 351 4166 ds
368 4110 497 4181 legitima
515 4113 692 4164 instinctione.
710 4109 801 4171 Quare
820 4109 874 4163 sibi
894 4109 1024 4179 proponit
1042 4109 1200 4164 diluendam
1214 4109 1406 4166 difficultatem
1421 4111 1496 4167 circa

317 4219 468 4291 specialem
486 4237 589 4284 casnm,
600 4218 648 4273 sed
667 4235 721 4273 non
740 4234 851 4274 omnem
871 4217 931 4272 vult
947 4217 1094 4288 complecti
1113 4217 1195 4272 huius
1213 4217 1327 4274 remedii
1350 4219 1496 4274 ambitum.

317 4327 427 4382 Revera
445 4329 542 4396 postea
566 4325 701 4381 advertit:
721 4343 737 4376 ‹
757 4326 791 4378 ln
815 4326 883 4379 aliis
904 4335 997 4380 autern
1018 4327 1110 4379 locum
1133 4343 1187 4378 uon
1209 4325 1291 4380 babet
1316 4323 1398 4395 (haec
1423 4323 1496 4380 diffi-

318 4430 427 4502 cultas),
438 4447 500 4486 cum
514 4433 637 4486 violarim
647 4433 784 4502 possessio
798 4433 854 4485 nisi
865 4447 919 4501 per
931 4431 1031 4485 iudicis
1043 4433 1206 4485 sententiam
1220 4431 1342 4486 violente
1355 4431 1497 4487 detentori

317 4539 429 4594 detrahi
445 4555 502 4592 non
515 4539 605 4608 pessit
625 4555 649 4590 s.
