3350 5117
352 334 419 401 352
877 355 961 404 raas
984 353 1008 402 1.

352 480 386 545 iu
408 481 574 546 Ecclesiae
596 481 698 546 tutela
720 501 755 546 se
779 480 1015 557 collocaveram
1040 501 1123 566 quae
1145 484 1217 548 iura
1240 482 1336 548 hodia
1364 483 1449 569 apud
1473 505 1529 569 po-

351 605 444 691 pulos
468 606 615 672 excultos
638 607 773 692 amplius
797 625 958 672 exercere
980 625 1045 670 non
1068 605 1175 674 studet
1203 608 1361 673 Ecclesia

441 731 473 815 4)
498 731 575 796 lura
604 731 795 818 temporalia
825 751 884 795 seu
906 731 1016 796 civilia
1046 738 1159 818 suapte
1182 737 1301 798 natura
1322 733 1362 798 ad
1393 733 1530 800 iudicem

322 828 326 835 ¹
352 851 530 916 secularem
553 857 709 937 spectant,
726 857 759 918 at
773 853 806 916 in
829 852 915 917 haec
938 851 1036 917 iudex
1058 853 1173 918 eccles.
1197 855 1443 940 competentiam
1465 873 1530 918 non

352 972 450 1039 habet
474 973 638 1040 directam.
664 977 800 1059 lnquam
818 1009 835 1022 -
853 975 1019 1041 directam
1038 993 1148 1040 -nam
1170 976 1304 1066 ratione
1321 977 1464 1060 pcccati,
1486 977 1530 1040 uti

351 1097 495 1182 loquitur
518 1119 592 1182 cop.
610 1099 661 1173 13,
683 1100 733 1166 De
755 1100 839 1172 iud„
863 1099 907 1173 X,
930 1100 1013 1164 haec
1035 1100 1181 1166 iudicare
1203 1101 1292 1168 valet
1313 1101 1471 1166 Ecclesia
1489 1101 1531 1167 Ut

353 1243 431 1290 ecce
453 1225 480 1290 si
504 1225 537 1290 in
562 1225 781 1292 contractibus
801 1224 950 1290 ineundis
973 1244 1092 1310 pravus
1115 1225 1271 1291 inolescat
1286 1245 1363 1298 mos,
1380 1225 1482 1291 veluti
1497 1227 1529 1290 in

353 1353 458 1418 usuris
481 1352 688 1437 stipulandis,
713 1353 891 1418 auctoritas
914 1351 1039 1418 Ecclcs.
1064 1352 1104 1417 ad
1126 1373 1219 1418 suum
1243 1353 1350 1418 lorum
1375 1358 1530 1437 provocat

351 1477 444 1564 haec,
458 1486 551 1563 pacta
581 1483 676 1563 atque
706 1477 834 1558 iudicat,
854 1497 897 1542 an
920 1478 1029 1575 taliter
1053 1479 1131 1544 inita
1161 1479 1293 1544 valeant
1316 1483 1350 1546 et
1375 1499 1418 1545 an
1441 1479 1529 1543 licite

352 1599 428 1665 iniri
451 1601 584 1686 possint.

441 1723 474 1809 5)
500 1725 590 1789 Inter
613 1743 726 1789 causas
748 1728 855 1788 autem
879 1723 1115 1790 ecclesiasticas
1138 1731 1171 1791 et
1195 1745 1308 1792 causas
1331 1727 1443 1792 civiles
1467 1747 1532 1792 me

352 1846 438 1912 dium
460 1851 572 1912 tenent
594 1847 698 1912 locum
723 1867 841 1912 causae
863 1847 1016 1931 meato&
1038 1868 1121 1932 quae
1144 1869 1260 1935 nempe
1283 1855 1420 1934 utroque
1451 1870 1528 1916 con-

353 1979 438 2042 stant
454 1975 611 2040 elemento
627 1975 782 2056 deradice,
800 1972 1020 2041 ecclesiastico
1043 1981 1077 2042 et
1099 1975 1196 2051 civili,
1213 1981 1247 2041 et
1268 1975 1346 2041 hinc
1368 1978 1423 2041 uni
1439 1981 1473 2041 et
1486 1977 1532 2042 al·

286 2150 288 2162 .
352 2101 416 2167 teri
430 2100 583 2167 tribunali
599 2104 784 2184 competunt
807 2099 864 2166 sed
887 2100 947 2166 sub
967 2101 1096 2166 diverso
1111 2104 1254 2185 aspectu.
1271 2069 1352 2166 (lum
1367 2101 1480 2184 primis
1494 2107 1531 2166 ut

355 2242 452 2288 causa
475 2222 600 2289 dicatur
622 2223 742 2304 micola,
756 2243 821 2288 non
845 2221 963 2289 sufficit
978 2208 1171 2290 elementum
1195 2222 1345 2288 naturale
1369 2223 1531 2288 elemento

353 2347 510 2432 spirituali
533 2366 590 2412 seu
620 2345 837 2410 ecclesiastico
864 2345 1041 2410 admixtum
1071 2364 1159 2421 esse;
1183 2345 1239 2411 sed
1263 2365 1362 2412 unum
1384 2351 1418 2411 et
1442 2347 1531 2412 aliud

352 2471 545 2537 elementum
561 2470 604 2534 ita
619 2469 770 2553 coniungi
792 2466 923 2542 debent,
942 2473 977 2533 ut
992 2469 1151 2533 diversam
1175 2467 1317 2534 habeant
1347 2469 1529 2535 consisten-

353 2596 431 2662 tiam
454 2593 646 2673 iuridicam‚
671 2612 729 2656 seu
760 2592 831 2656 iura
862 2593 949 2656 inter
971 2612 1006 2656 se
1030 2590 1169 2656 discreta
1192 2593 1335 2677 gignant.
1361 2590 1454 2657 Haec
1477 2612 1530 2656 no·

353 2718 450 2784 tanda
473 2724 546 2784 sunt
569 2718 609 2784 ad
634 2718 806 2804 genuinam
830 2736 948 2782 causae
971 2718 1091 2784 mixtae
1115 2717 1288 2796 notionem,
1310 2736 1405 2782 secus
1420 2737 1530 2783 omnes

354 2861 469 2908 causae
492 2843 675 2927 spirituales
690 2845 722 2906 et
738 2841 856 2906 eccles.
874 2844 984 2906 essent
1005 2840 1136 2915 mixtae,
1153 2859 1267 2924 nempe
1283 2859 1326 2903 ex
1345 2838 1455 2922 aliquo
1471 2838 1531 2904 ele

354 2971 461 3031 niento
485 2966 624 3030 naturali
655 2970 687 3028 et
717 2963 877 3050 spirituali
900 2964 958 3048 (l).
984 2965 1097 3030 Potius
1127 2963 1309 3048 exemplum
1334 2961 1476 3027 habetur
1497 2962 1530 3026 in

354 3089 566 3153 matrimonio.
592 3087 829 3151 Matrimonium
863 3087 897 3150 in
928 3086 1092 3150 hominum
1122 3087 1383 3172 procreationem
1410 3085 1443 3147 vi
1473 3103 1531 3149 sua

206 3247 207 3250 ¹
307 3214 535 3280 .ordinatum
559 3193 743 3279 continetur
766 3213 838 3300 lege
852 3213 1019 3288 ·naturali;
1043 3218 1077 3278 at
1099 3212 1374 3298 superaccedente
1402 3212 1531 3275 ratione
1652 3226 1653 3259 r

354 3340 557 3414 sacramenti,
582 3339 676 3404 valor
699 3339 852 3405 iuridicus
875 3344 967 3404 actus
990 3337 1148 3406 naturalis
1163 3341 1209 3403 ita
1226 3338 1421 3404 absorbetur
1442 3357 1464 3402 a
1478 3337 1530 3403 Sa·

355 3469 529 3544 eramento,
544 3468 578 3528 ut
600 3463 655 3529 ille
678 3465 748 3528 siue
770 3464 832 3529 hoc
856 3465 1034 3529 consistere
1057 3483 1121 3528 non
1145 3463 1254 3547 possit.
1279 3462 1367 3526 Hinc
1390 3461 1424 3526 in
1447 3461 1529 3526 vale

254 3579 258 3584 ’
354 3607 424 3653 rem
448 3588 642 3654 matrimonii
664 3585 831 3651 christiani
856 3585 952 3652 iudici
975 3585 1059 3650 laico
1081 3585 1171 3650 nulla
1194 3590 1298 3670 potest
1324 3584 1424 3650 tribui
1448 3603 1528 3650 com·

353 3714 505 3799 petentia,
518 3731 590 3775 oum
614 3710 749 3795 amplius
772 3729 837 3773 non
869 3709 1010 3795 supersit
1030 3711 1080 3773 vis
1102 3712 1290 3774 contractus
1318 3708 1433 3773 civilis.
1458 3705 1526 3777 sed,

354 3840 485 3921 praeter
508 3835 575 3899 eius
599 3832 751 3907 valorem,
776 3833 840 3898 alia
864 3832 1023 3898 accedere
1045 3839 1179 3918 possunt
1194 3833 1267 3898 iura
1291 3833 1330 3897 iis
1346 3831 1400 3915 qui
1423 3829 1529 3895 matri·

354 3961 460 4025 monio
483 3960 582 4024 iuneti
606 3964 688 4033 sunt,
706 3959 807 4024 veluti
833 3959 929 4023 uxori
952 3959 1024 4023 iura
1046 3958 1223 4039 dotis,viro
1247 3961 1338 4022 certa
1361 3958 1434 4021 iura
1449 3973 1528 4020 com·

354 4081 522 4168 petuntin
545 4081 630 4146 bona
652 4087 684 4146 et
707 4081 740 4145 in
763 4079 976 4146 hereditatem
1001 4080 1126 4154 uxoris;
1150 4080 1246 4144 uxori
1269 4098 1350 4144 vero
1373 4083 1406 4143 ct
1420 4076 1527 4142 liberis

444 4364 482 4437 (l)
503 4365 642 4436 Siquidem
661 4366 723 4417 iura
741 4363 834 4416 omnia
853 4363 1010 4432 spiritualia
1030 4363 1059 4417 in
1071 4362 1197 4417 subiecto
1217 4361 1338 4415 humano
1358 4356 1460 4429 aliquid
1479 4354 1525 4407 hu·

356 4470 429 4525 mani
449 4473 619 4524 mutuantur.
