3350 5117
330 319 396 386 672
791 338 898 386 rnuax
927 338 1046 386 annun

327 458 1005 528 6611661116661,61)6616166666666116616·
1021 497 1338 512 ........
1370 475 1439 528 ρας.
1474 459 1509 510 87

326 569 370 623 65.
390 569 433 623 Ab
452 567 559 637 egendo
577 572 606 622 et
624 565 814 636 respondendo
833 565 1008 635 repelluntur
1027 566 1168 620 ordinario
1187 565 1339 636 Religiosi.
1376 607 1383 620 .
1419 585 1438 622 6
1473 567 1509 620 87

325 679 370 732 66.
389 677 507 740 Quinam
526 693 575 747 per
593 675 664 730 alios
681 691 767 744 agere
785 680 814 730 et
833 674 1001 742 respondere
1020 674 1141 729 debeant
1154 713 1383 729 ......
1421 688 1439 730 6
1474 673 1510 728 88

325 784 369 838 67.
388 783 569 854 Explicantur
597 781 829 852 praescriptiones
857 781 995 835 llonilacii
1022 777 1083 834 Vlll
1106 780 1197 852 quoad
1225 781 1385 850 impuberes

434 896 463 950 et
481 891 602 946 minores
618 927 1383 944 ..................
1419 906 1438 947 6
1475 891 1512 944 89

325 1001 368 1056 68.
388 1002 433 1055 An
452 999 582 1056 mulieres
601 1015 649 1069 per
668 1014 697 1052 se
716 997 761 1052 vel
780 1013 828 1067 per
848 995 920 1050 alios
939 997 1106 1066 respondere
1126 996 1248 1052 debeant
1286 1037 1292 1050 .
1330 1037 1337 1049 .
1375 1038 1383 1050 .
1419 1013 1437 1055 6
1474 999 1508 1054 91

326 1101 369 1156 69.
389 1103 444 1157 Pro
461 1101 595 1158 Ecclesiis
612 1107 642 1156 et
658 1100 723 1155 aliis
741 1099 867 1170 personis
887 1099 1040 1153 moralibus
1058 1106 1148 1170 agunt
1166 1105 1196 1154 et
1215 1100 1383 1171 respondent

432 1211 564 1266 ordinarii
583 1209 837 1275 nominaremus,
857 1208 901 1262 vel
920 1208 1057 1278 speciales
1078 1208 1292 1265 Procuratores.
1330 1249 1337 1262 .
1375 1249 1381 1260 .
1419 1223 1438 1265 6
1475 1211 1514 1263 92

324 1317 367 1370 70.
387 1316 525 1386 Specialia
544 1331 593 1385 pro
611 1315 701 1370 causis
719 1313 981 1380 matrimonialibus,
1000 1313 1119 1386 aliisque
1137 1314 1291 1369 similibus.
1329 1354 1336 1366 .
1374 1357 1380 1368 .
1418 1330 1437 1369 6
1475 1317 1511 1370 94

324 1423 368 1478 71.
388 1423 430 1477 An
452 1422 537 1492 possit
555 1437 664 1490 semper
681 1418 813 1474 constitui
832 1423 999 1488 procurator
1019 1459 1381 1474 ..........
1418 1437 1437 1476 6
1474 1424 1513 1475 95

839 1633 936 1687 Cnrur
956 1633 989 1685 ll.

784 1777 814 1810 DE
831 1775 927 1812 Officio
942 1777 1048 1813 tumus.

323 1955 366 2007 72.
387 1952 470 2008 ludex
489 1951 598 2022 estqui
617 1953 692 2004 facto
711 1949 834 2021 applicat
854 1951 898 2004 ins
927 1992 1336 2008 ..........
1366 1973 1434 2026 paq.
1472 1957 1512 2011 96

321 2061 365 2116 73.
385 2061 452 2115 llius
470 2059 590 2114 officium
609 2057 751 2112 nobilest
773 2058 976 2114 mercenarium
1015 2100 1378 2114 .........
1415 2078 1434 2120 6
1470 2063 1509 2117 97

321 2169 365 2222 74.
386 2167 539 2238 Utriusque
558 2165 636 2220 notio
655 2164 775 2219 traditur
792 2204 1376 2222 ..............
1414 2182 1432 2225 6
1465 2165 1508 2226 ibi

321 2275 365 2330 75.
385 2273 548 2345 Explicatur
566 2272 686 2326 officium
709 2273 913 2327 mercenarium
925 2312 1375 2329 ...........
1413 2290 1431 2332 6
1464 2277 1506 2330 ibi

300 2385 364 2438 ’76
385 2381 547 2452 Explicatur
565 2379 687 2434 officium
704 2379 799 2434 nobile
836 2419 1379 2436 .............
1415 2401 1434 2439 6
1469 2385 1507 2456 98

320 2491 364 2545 77.
383 2487 525 2551 Quomodo
543 2485 612 2542 haec
630 2485 721 2540 officis
739 2487 799 2540 iure
818 2502 889 2540 rom.
908 2486 1086 2556 appellentur
1106 2527 1378 2541 .......
1416 2506 1434 2546 6
1468 2490 1509 2544 99

320 2593 364 2646 78.
383 2591 482 2646 Iudicis
500 2593 550 2656 est.
569 2605 744 2660 quocumque
758 2605 792 2642 ex
805 2587 897 2643 officio
910 2588 1050 2658 procedat,
1063 2588 1155 2659 legem
1169 2591 1277 2662 exequi,
1292 2591 1378 2646 etiam

427 2694 552 2750 adhibite
570 2693 677 2748 modica
695 2692 865 2748 coercitione
879 2731 1377 2749 ............
1413 2711 1432 2756 6
1452 2697 1506 2752 100

320 2803 363 2856 79.
383 2806 454 2857 Acta
471 2801 613 2856 iudicialis
633 2799 772 2870 publicam
790 2798 897 2856 habent
916 2800 1114 2855 auctoritatem
1145 2841 1376 2856 ......
1413 2818 1432 2860 6
1452 2803 1500 2858 101

609 2965 626 3025 ἓ
648 2960 670 3014 l.
691 2961 731 3015 De
752 2962 870 3015 cautelis
888 2980 905 3014 6
924 2962 987 3014 iure
1006 2979 1066 3014 can.
1082 2961 1211 3016 adhibitis

563 3079 593 3122 nt
611 3069 718 3122 iudicas
736 3069 790 3120 sint
811 3069 949 3122 imnswscs
971 3085 989 3120 a
1009 3071 1134 3137 partium
1152 3069 1253 3122 studio.

319 3229 362 3284 80.
381 3227 486 3282 1661616
504 3227 693 3284 ecclesiastica
711 3227 836 3298 gratuite
855 3243 915 3281 esse
933 3227 1036 3282 debent
1052 3266 1327 3281 .......
1362 3247 1428 3298 paq.
1451 3229 1498 3281 101

319 3335 362 3388 81.
382 3333 453 3389 Hinc
477 3333 634 3388 consultum
658 3335 727 3398 fuit,
747 3339 778 3387 ut
802 3333 907 3388 iudices
926 3349 943 3386 a
965 3333 991 3387 S.
1011 3332 1081 3389 Sede
1106 3333 1242 3403 delegati,
1262 3333 1376 3389 aliunde

425 3453 576 3507 congruam
595 3437 731 3493 heberent
749 3437 904 3493 mercedem
919 3476 1372 3493 ...........
1409 3454 1428 3493 6
1449 3439 1502 3494 102

318 3543 361 3598 82.
381 3544 425 3598 An
444 3543 496 3598 boc
514 3542 680 3598 servandum
698 3543 736 3598 sit
752 3543 844 3614 quoad
864 3542 969 3597 iudices
988 3544 1023 3596 ab
1042 3541 1195 3598 Ordineriis
1215 3543 1374 3614 delegatos.
1411 3559 1429 3600 6
1451 3543 1503 3596 103

318 3647 362 3704 83.
381 3647 519 3703 ludicibus
537 3648 622 3703 etiam
641 3664 757 3702 munera
775 3651 841 3702 sunt
861 3646 1013 3702 interdicta
1055 3687 1374 3702 ........
1410 3665 1428 3704 6
1449 3648 1500 3702 104

318 3757 361 3812 84.
380 3760 425 3813 An
443 3757 548 3813 iudices
566 3757 663 3812 eccles.
683 3757 740 3811 sint
758 3755 954 3811 inamovibiles
967 3793 1374 3809 ..........
1411 3768 1429 3811 6
1448 3753 1503 3808 105

400 3943 404 3950 -
482 3922 500 3982 ἓ
519 3919 543 3971 2.
564 3919 606 3972 De
624 3919 733 3972 ratione
752 3935 806 3988 qua
824 3917 913 3970 iudex
931 3916 1047 3969 dubium
1064 3916 1108 3968 ius
1126 3917 1332 3984 interpretatur

609 4034 633 4077 el
652 4025 721 4095 facti
739 4026 914 4078 corttrooersi
931 4023 1058 4075 notitiem
1076 4022 1204 4076 desumit.

317 4183 359 4238 85.
380 4182 521 4245 Quomodo
540 4200 557 4236 6
576 4183 665 4238 iudice
684 4182 847 4239 resolvenda
865 4182 923 4235 sint
941 4179 1026 4235 dubia
1043 4181 1113 4234 iuris
1140 4215 1327 4234 .....
1358 4198 1425 4250 pap.
1447 4181 1500 4234 108

316 4289 359 4343 86.
379 4289 494 4345 Praeter
513 4290 649 4361 principia
668 4291 778 4354 reflexa,
800 4290 845 4343 via
863 4287 971 4344 directa
989 4287 1025 4342 ad
1042 4287 1209 4343 solutionem
1229 4286 1307 4340 dubii
1331 4293 1375 4341 est

424 4397 450 4450 S.
470 4397 614 4452 Pontificis
632 4396 800 4452 consultatio
826 4433 1373 4450 .............
1410 4411 1427 4450 6
1448 4394 1502 4449 112
