3350 5117
314 286 382 352 216
839 306 923 353 rans
948 305 970 354 1.

314 429 592 516 repuudorum».
606 427 767 514 Siquidem
789 449 863 494 cum
885 429 993 516 agitur
1015 427 1056 493 ad
1072 429 1210 514 aliquam
1228 428 1484 493 communionem

314 553 526 626 dividendam,
551 553 678 618 videtur
708 555 761 639 agi
783 554 818 619 in
836 571 1007 636 personas
1030 555 1191 619 sociorum
1214 552 1256 617 ad
1288 550 1494 617 obtinendum

314 678 399 763 quod
420 699 522 746 suum
537 682 600 746 iam
616 687 665 746 est
681 681 752 746 iure
776 678 982 745 condominii.
1000 679 1046 744 De
1060 680 1124 745 hac
1147 680 1373 744 controversia
1395 683 1496 762 agunt

313 804 507 888 praesertim
541 807 810 869 commentatores
849 804 993 869 codicum
1022 804 1174 876 civilium,
1196 804 1314 890 quippe
1347 801 1495 868 nonnulli

314 928 441 994 codices
464 935 655 996 enumerant
682 930 826 995 actiones
858 930 991 1004 mixtam
1015 928 1071 992 alii
1103 926 1282 994 excludunt
1304 925 1360 1012 (1).
1385 925 1496 993 Codex

316 1053 466 1139 Gregorii
493 1055 575 1120 XVI
604 1055 731 1140 saepius
761 1055 888 1126 citatus,
920 1053 965 1117 uti
997 1053 1169 1125 innuimus,
1193 1051 1322 1116 miatas
1345 1049 1495 1117 actiones

314 1177 463 1245 admittit.

405 1301 496 1367 Haec
530 1304 674 1387 quaestio
709 1321 775 1366 non
804 1307 855 1368 est
890 1301 997 1387 magni
1033 1301 1194 1387 ponderis,
1219 1302 1359 1365 maxime
1390 1298 1495 1384 quoad

314 1425 460 1508 praxim;
483 1425 549 1498 sed,
574 1425 614 1490 ob
637 1426 796 1512 principia
811 1428 875 1490 iam
900 1426 1072 1510 explicata,
1097 1425 1185 1489 iuvat
1208 1423 1381 1488 advertere
1400 1423 1497 1488 actio

314 1567 374 1613 nes
395 1569 489 1635 posse
504 1549 568 1616 dici
582 1551 719 1624 mixtas,
736 1556 895 1634 quatenus
911 1549 1002 1615 adest
1016 1550 1127 1636 petitio
1144 1549 1275 1631 dupteac
1294 1568 1352 1613 seu
1372 1567 1497 1632 compo

315 1675 377 1738 sita
399 1680 536 1760 utraque
551 1677 712 1762 personali
730 1681 762 1740 et
787 1677 867 1740 reali
888 1678 1026 1756 actione,
1044 1675 1150 1762 prouti
1167 1673 1194 1739 si
1216 1675 1287 1757 quis
1302 1677 1378 1760 agat
1392 1671 1496 1740 unica

315 1799 479 1866 instantia
500 1801 541 1866 ad
564 1823 634 1867 rem
657 1801 866 1887 repetendam
890 1805 923 1868 et
946 1801 1197 1874 indemnitatem,
1216 1803 1352 1866 exercet
1374 1805 1495 1866 utram-

316 1942 380 2006 que
401 1925 560 1990 actionem
582 1944 651 1993 uuo
674 1926 821 2010 iudicio,·
845 1932 878 1992 et
901 1925 964 1991 hoc
987 1945 1084 1992 sensu
1107 1924 1310 2014 intelligendi
1340 1927 1414 1988 sunt
1437 1921 1494 1989 co

315 2043 404 2110 dices
426 2046 639 2130 admittentes,
651 2049 813 2132 practice,
830 2051 976 2115 actiones
999 2050 1127 2121 mixtas,
1152 2068 1249 2132 quum
1272 2046 1445 2113 verborum
1462 2051 1495 2112 et

316 2187 428 2234 rerum
450 2172 593 2257 pressius
616 2172 819 2238 considerata
834 2173 1044 2258 proprietate,
1062 2171 1195 2237 deberet
1211 2170 1274 2236 dici
1297 2171 1496 2237 instantiam

316 2309 414 2354 unam
435 2311 516 2374 esse,
529 2293 586 2359 sed
609 2293 742 2361 mixtam
766 2293 886 2380 duplici
909 2296 1037 2360 actione
1059 2293 1222 2380 personali
1247 2298 1279 2358 et
1301 2265 1395 2358 reali.
1424 2293 1495 2358 Hoc

315 2415 376 2482 sub
396 2423 548 2504 respectu
571 2421 715 2485 actiones
728 2418 886 2502 familiae
910 2419 1152 2486 herciscundae
1158 2439 1174 2503 ,·
1188 2419 1310 2505 finium
1330 2419 1497 2505 repando

315 2538 415 2624 rum's
437 2541 610 2608 mmmuai
632 2541 832 2616 diuidundo,
861 2543 1037 2608 Iustiniana
1060 2541 1155 2627 (last.
1183 2542 1203 2606 l.
1230 2539 1281 2624 a),
1308 2541 1498 2607 ‹miatam

316 2685 458 2733 causam
480 2668 629 2736 abtim
651 2667 811 2734 videntur
834 2686 866 2742 »;
892 2673 924 2732 et
946 2668 1101 2754 Ulpianus
1124 2667 1222 2733 habet
1246 2669 1266 2732 t.
1284 2667 1346 2748 22,
1369 2667 1496 2752 §affl

316 2790 368 2856 De
388 2789 499 2874 famil.
524 2792 766 2858 herciscunda:
792 2793 886 2858 «Ea
911 2791 1044 2860 duobus
1066 2797 1219 2875 coastat;
1241 2791 1327 2858 idest
1350 2789 1452 2858 rebus
1467 2796 1498 2857 et

310 2914 609 2998 praestationibus,
634 2934 716 3000 qnae
747 2918 823 2981 sunt
858 2915 1045 3000 personales
1068 2917 1212 2980 actiones
1236 2935 1265 2980 a.
1290 2949 1336 2962 —
1359 2914 1392 2980 Si
1416 2933 1498 2981 vero

316 3041 440 3126 species
469 3039 665 3106 desumenda
687 3041 729 3105 sit
751 3058 794 3105 ex
827 3041 1002 3126 praecipuo
1027 3040 1195 3114 elemento,
1220 3041 1283 3106 hae
1307 3040 1498 3107 viderentur

314 3165 525 3252 appellandae
540 3167 645 3251 potius
667 3166 820 3233 actiones
836 3166 1056 3250 personalem
1078 3167 1195 3252 quippe
1219 3167 1431 3233 instituuntur
1446 3186 1499 3252 po

315 3291 473 3358 tissimum
495 3310 569 3356 cum
592 3290 771 3355 intentione
795 3289 977 3376 personalis
1000 3291 1145 3355 actionis.

408 3414 482 3479 184.
503 3415 660 3512 dationes
683 3414 817 3498 insuper
837 3412 1079 3500 distinguuntur
1102 3413 1135 3478 in
1156 3415 1312 3497 priuatas
1336 3419 1368 3479 et
1388 3433 1499 3500 popa-

317 3541 409 3606 tares
431 3559 489 3605 seu
511 3538 664 3625 publicas.
680 3539 844 3605 Privatae
863 3543 938 3604 sunt
961 3558 1043 3622 quaa
1066 3540 1267 3624 privatorum
1292 3539 1409 3604 civium
1425 3539 1498 3604 iura

317 3668 467 3740 tuentum
491 3665 680 3748 populares
710 3665 756 3729 ita
786 3659 901 3729 delinit
931 3664 1051 3730 Paulus
1076 3665 1097 3730 t.
1123 3665 1150 3738 I,
1173 3666 1211 3750 ff.
1235 3664 1286 3730 De
1304 3683 1408 3748 prop.
1432 3669 1496 3729 act.

318 3786 383 3872 (47,
407 3789 481 3876 23):
515 3789 645 3854 «Eam
671 3789 881 3871 popularem
905 3787 1073 3854 actionem
1103 3787 1249 3854 dicimus
1279 3805 1368 3872 quae
1397 3805 1501 3852 suum

316 3910 372 3978 ius
388 3910 511 3995 populi
535 3915 647 3976 tuetur
665 3931 696 3972 a.
722 3909 832 3984 Quare
859 3907 1041 3974 huiusmodi
1063 3909 1207 3974 actiones
1231 3908 1355 3974 civibus
1378 3909 1500 3974 incum-

316 4032 396 4098 bunt
417 4053 482 4099 non
505 4033 546 4099 ad
567 4053 626 4099 sua
648 4031 706 4098 sed
732 4031 774 4098 ad
798 4031 930 4118 publica
952 4033 1024 4097 iura
1046 4030 1174 4098 tuenda.
1201 4032 1288 4097 Hinc
1311 4033 1345 4097 in
1369 4033 1390 4098 t.
1415 4032 1448 4114 7,
1466 4033 1498 4097 tt.

387 4295 446 4369 ,(1)
465 4295 505 4352 Ol.
524 4295 679 4362 Mattirolo,
697 4311 743 4366 op.
762 4296 810 4350 cit.
831 4293 897 4349 Noz.
917 4293 1034 4364 prelim.‚
1052 4295 1066 4361 l
1085 4295 1127 4364 24,
1147 4298 1177 4349 et
1196 4293 1306 4362 Saredo,
1326 4293 1375 4365 Op.
1397 4296 1444 4350 cit.
1462 4293 1498 4347 V.

318 4409 340 4474 1,
359 4425 386 4460 n.
404 4406 465 4461 218.
