3350 5117
519 333 564 380 us
587 333 726 382 runicus
750 333 1013 383 uouuasmsrrcm
1288 315 1355 380 349

172 453 286 538 specie
308 455 481 539 proposita,
496 455 566 520 iure
590 454 754 520 ordinario
779 454 824 542 (l)
840 457 980 522 clericus
1010 457 1100 540 sequi
1122 455 1218 522 debet
1246 456 1354 522 lorum

172 580 261 644 laici.

267 707 357 772 Idem
381 709 576 794 principium
601 712 650 774 est
673 709 827 794 generale
850 713 884 774 et
906 728 1106 794 quacumque
1121 709 1156 772 iu
1171 713 1357 792 coutrover-

175 831 226 896 sia
248 833 336 897 inter
359 851 576 916 quascumque
599 852 755 917 personas
779 853 878 917 usque
892 834 1072 918 applicatur
1086 831 1127 897 ad
1143 831 1356 897 determinan-

176 960 253 1025 dum
278 958 417 1024 iudicem
441 962 684 1044 competentem.
709 957 867 1042 Exemplo
898 959 940 1023 sit
962 977 1064 1038 casus,
1085 977 1148 1041 quo
1170 963 1263 1022 actor
1286 976 1357 1041 pro-

176 1083 270 1167 ponit
293 1079 513 1164 quaestionem
537 1080 616 1143 iuris
640 1079 743 1144 civilis
768 1084 799 1144 et
822 1099 898 1144 reus
921 1081 1133 1144 reconveniat
1155 1083 1299 1144 actorem
1323 1077 1356 1140 iu

177 1208 369 1290 quaestione
392 1205 561 1292 spirituali.
585 1205 697 1271 Veluti
720 1206 745 1269 si
771 1211 863 1270 actor
884 1210 960 1290 ngat
982 1203 1022 1270 de
1053 1203 1123 1268 iure
1150 1202 1358 1288 proprietatis

175 1331 314 1398 alicuius
353 1330 460 1404 fundi,
492 1330 574 1396 haee
612 1331 754 1414 quaestio
783 1328 977 1394 instituenda
1012 1333 1061 1394 est
1091 1326 1174 1412 apud
1207 1325 1354 1396 iudicem,

177 1451 231 1516 cui
254 1451 425 1518 subiicitur
448 1451 565 1517 fundus
588 1457 817 1518 controversus
840 1456 873 1516 et
895 1451 972 1516 hinc
995 1449 1085 1516 tundi
1111 1468 1277 1534 possessor
1300 1467 1356 1511 seu

177 1590 268 1638 retra.
295 1571 329 1637 Si
352 1572 407 1638 hic
430 1591 511 1636 vero
535 1577 678 1638 actorem
702 1572 920 1644 reconveuiat,
941 1575 978 1636 ut
1005 1590 1122 1656 nempe
1145 1573 1357 1654 recognoscat

177 1695 315 1762 fundum
339 1696 471 1782 gravari
496 1694 631 1779 quodam
656 1715 757 1760 onere
786 1696 877 1775 reali,
901 1699 1015 1780 utputa
1045 1695 1097 1779 pio
1128 1693 1299 1756 Missarum
1314 1690 1358 1753 le-

177 1827 265 1905 gato,
278 1822 422 1905 quaestio
439 1819 478 1885 de
493 1820 605 1884 valore
619 1817 719 1905 legati
736 1817 914 1883 deferenda
929 1822 1014 1882 esset
1028 1816 1069 1882 ad
1086 1815 1223 1881 iudicem
1239 1812 1356 1878 eccles.

177 1943 277 2009 etad
300 1945 390 2009 illum
414 1946 447 2008 iu
470 1945 577 2028 specie
601 1943 652 2008 cui
675 1940 837 2008 subiectus
861 1944 911 2005 est
933 1941 1111 2013 isteactor‚
1128 1938 1277 2021 quiretis
1293 1931 1358 2000 effi·

142 2091 146 2096 '
176 2071 264 2140 citur
290 2071 324 2133 vi
354 2071 623 2135 reconventionis.
648 2070 729 2134 Nam
752 2069 779 2132 si
803 2087 879 2131 reus
903 2065 999 2152 degat
1021 2067 1054 2129 in
1076 2064 1222 2129 Bioecesi
1250 2063 1357 2126 Bouo-

178 2196 294 2275 nieusi,
320 2199 410 2259 actor
441 2196 475 2258 in
507 2193 707 2284 Florentino,
731 2192 771 2258 ab
794 2197 908 2259 actore
934 2189 1173 2257 conveniendus
1197 2188 1258 2252 erit
1281 2205 1360 2250 reus

180 2317 266 2404 apud
291 2317 500 2384 Ordinarium
525 2317 759 2382 Bononiensem
782 2315 838 2400 (2).
1271 2283 1274 2288 Ι

270 2530 311 2600 (l)
330 2531 500 2584 Noto-,iure
518 2529 658 2584 ordinario
672 2557 685 2568 -
699 2528 764 2598 quia
782 2531 817 2582 de
838 2530 900 2582 iure
918 2527 1037 2597 speciali
1054 2525 1219 2594 ampliatum
1238 2526 1292 2577 luit
1304 2523 1358 2576 fori

178 2637 368 2708 privilegium,
387 2636 455 2690 adeo
476 2641 506 2689 ut
524 2636 589 2690 laici
615 2636 693 2706 sequi
712 2635 854 2700 deberent,
874 2636 924 2688 etsi
941 2636 994 2699 rei,
1012 2633 1102 2686 forum
1123 2631 1297 2697 clericorum,
1318 2631 1358 2684 uti

178 2745 280 2800 decisit
299 2745 325 2797 S.
345 2741 374 2797 C.
394 2743 499 2798 Concil.
519 2745 564 2796 die
583 2743 626 2796 26
644 2745 699 2796 inu.
719 2741 805 2794 1623.
821 2739 892 2793 Nam
916 2741 1108 2810 interrogante
1127 2739 1263 2807 Episcopo
1282 2737 1358 2790 Civi-

179 2853 248 2907 tatis
267 2851 383 2906 Castelli
397 2868 433 2904 au
445 2849 580 2904 servanda
598 2855 671 2904 esset
684 2848 863 2913 consuetudo,
877 2865 933 2919 qua
945 2848 1076 2903 adversus
1089 2846 1307 2914 cognitissimam
1322 2846 1360 2899 ci·

180 2961 245 3014 vilis
265 2963 295 3014 et
315 2958 450 3028 pontificii
469 2957 538 3011 iuris
558 2956 682 3025 regulam
702 2973 718 3008 a
737 2965 816 3010 actor
840 2957 966 3025 sequitur
983 2957 1080 3024 forum
1098 2955 1143 3007 rei
1160 2969 1186 3016 r,
1206 2952 1269 3004 laici
1292 2967 1360 3005 rou·

181 3065 259 3120 venti
278 3081 296 3118 a
315 3063 425 3118 clericis
444 3061 583 3115 actoribus
596 3060 631 3114 ad
649 3060 746 3114 eccles.
767 3059 891 3113 tribunal
904 3057 1101 3113 traherentur?
1120 3056 1146 3110 S.
1160 3055 1190 3111 C.
1204 3055 1359 3126 respondit:

180 3191 197 3226 κ
216 3172 356 3228 muratorii
372 3173 515 3240 supposita
530 3169 668 3222 mndnbili
680 3169 888 3233 consuetudine,
899 3168 985 3220 laicos
998 3167 1094 3235 utique
1108 3180 1194 3234 posse
1212 3182 1245 3218 ac
1257 3165 1361 3217 debere

179 3282 217 3334 od
237 3283 335 3350 sorum
354 3279 451 3332 eccles.
472 3277 546 3330 trahi
563 3292 588 3332 >>.
607 3303 643 3316 -
656 3275 821 3329 Benedictus
841 3273 907 3327 XIV
926 3274 954 3326 in
975 3271 1043 3327 Inst.
1062 3273 1105 3326 40
1123 3271 1194 3324 hauc
1214 3270 1362 3324 materiam

180 3391 238 3444 late
259 3388 435 3458 prosequitur
454 3391 482 3440 et
501 3387 589 3450 docet,
602 3387 687 3440 otiam
701 3385 730 3438 in
748 3383 947 3438 archidioecesi
966 3382 1133 3436 Bononiensi
1152 3380 1224 3434 hanc
1243 3397 1360 3435 cousue-

181 3496 307 3550 tudinem
326 3493 458 3562 legitime
472 3493 633 3562 iampridem
648 3492 776 3562 riguisse.
790 3491 882 3544 Etiam
897 3490 977 3544 Alex.
991 3489 1026 3541 lll
1039 3488 1068 3542 in
1082 3491 1128 3542 cit.
1140 3506 1199 3556 cop.
1215 3491 1237 3539 5
1250 3489 1276 3540 li.
1289 3496 1306 3538 t.
1323 3487 1361 3550 X,

183 3604 329 3671 postquam
344 3598 468 3652 docuerit
481 3599 616 3652 clericum
637 3599 715 3667 sequi
733 3598 835 3650 dehere
849 3599 946 3665 sorum
966 3595 1032 3648 laici
1052 3597 1082 3646 in
1103 3595 1195 3646 causis
1221 3593 1359 3655 ciuilibus,

115 3775 117 3778 Ι
181 3710 275 3760 cavet:
296 3721 311 3756 ι
333 3703 397 3757 licet
417 3707 446 3756 in
461 3703 606 3772 pler-isque
623 3703 750 3772 portibus
769 3701 855 3754 older
873 3703 909 3753 de
928 3699 1128 3752 consuetudine
1145 3699 1282 3751 habentur
1297 3713 1324 3752 ».

271 3811 312 3883 (2)
326 3811 397 3872 Quia
410 3811 512 3879 passim
525 3813 674 3878 usurpatur
692 3806 859 3862 vocabulum
870 3807 931 3877 sori
942 3805 972 3857 in
985 3802 1038 3856 hac
1055 3803 1184 3868 materia,
1201 3801 1270 3856 haec
1283 3802 1363 3854 iuvat

182 3919 287 3973 referre
305 3921 378 3988 quae
397 3914 482 3968 hahet
501 3913 618 3982 Pirhing
637 3917 676 3966 tit.
697 3913 737 3966 De
756 3915 819 3982 foro
840 3920 963 3980 compet,
982 3927 1010 3962 n.
1028 3908 1051 3975 13
1070 3908 1111 3960 ait
1130 3907 1217 3961 euim:
1237 3923 1253 3958 ‹
1273 3906 1362 3959 Forus

181 4041 230 4080 seu
249 4021 433 4093 lorum,quod
452 4038 485 4076 es
505 4021 646 4089 primaeva
664 4018 783 4072 nominis
802 4017 979 4086 impositione
1000 4014 1141 4084 significat
1159 4011 1251 4065 locum
1271 4009 1363 4080 publi·

181 4151 244 4187 cum
258 4131 294 4186 ad
306 4147 389 4202 quem
403 4147 446 4184 res
460 4128 572 4182 venales
584 4128 753 4192 deseruntur,
767 4126 795 4178 in
815 4124 985 4194 propositum
1000 4123 1149 4191 significat·
1159 4122 1187 4174 in
1207 4120 1305 4190 primis
1317 4119 1360 4172 lo·

182 4253 246 4293 curn
264 4237 295 4290 in
314 4251 370 4305 quo
388 4233 453 4288 lites
473 4237 501 4286 et
514 4231 616 4286 iudicia
634 4235 808 4294 exercentur,
819 4245 866 4282 seu
881 4228 928 4282 ubi
947 4227 1008 4299 quis
1027 4225 1169 4281 conveniri
1188 4229 1293 4294 potest3
1313 4239 1362 4276 ca·

183 4315 241 4416 pite
261 4345 355 4398 For-us
376 4343 419 4410 10,
440 4343 480 4394 De
506 4343 580 4394 verb.
600 4341 704 4411 sipnif„
726 4340 771 4392 ubi
791 4339 909 4392 dicitur:
927 4351 944 4391 t
965 4338 1058 4390 Forus
1077 4346 1117 4390 est
1135 4335 1362 4390 exercendarum

185 4454 277 4508 litium
298 4453 374 4506 locus
394 4467 417 4502 n.
439 4449 473 4502 ut
494 4449 520 4500 in
540 4448 709 4514 hostorium,
730 4446 799 4500 alias
819 4446 905 4500 etiam
924 4444 1047 4498 tribunal
1066 4443 1111 4497 vel
1130 4442 1297 4496 auditorium
1316 4437 1364 4494 vel
