3350 5117
546 340 591 387 DE
613 340 753 388 litoreus
776 339 1041 388 nectnsmsrlcls
1316 315 1384 384 229

198 458 306 524 solum
328 462 355 526 si
379 463 439 548 ipsi
458 463 684 548 possideamus,
701 463 759 530 sed
774 465 871 529 etiam
886 465 913 529 si
928 469 1045 531 nostro
1060 463 1199 530 nomine
1213 462 1330 548 aliquis
1346 463 1379 528 in

201 584 404 666 possessione
419 587 503 652 sit...
517 593 550 652 et
560 588 623 652 hoc
638 593 688 654 est
703 587 786 672 quod
802 589 900 674 vulgo
915 587 1044 662 dicitur,
1061 587 1196 653 retineri
1213 586 1384 673 possessio-

202 729 278 776 nem
301 731 360 797 per
382 713 563 798 quemlibet,
588 717 643 798 qui
665 720 783 782 nostro
805 714 944 781 nomiae
966 714 1011 781 sit
1031 714 1069 780 ln
1087 713 1301 798 possessione
1324 733 1357 777 ».

296 836 368 901 196.
393 838 476 912 Quia
500 860 520 900 1
542 837 751 923 adipiscimur
773 841 1006 924 possessionem
1034 859 1173 926 corpore
1204 845 1236 904 11
1263 840 1382 912 animo,

201 978 309 1043 neque
331 981 449 1046 perse
471 965 587 1035 animo,
612 982 718 1047 neque
740 984 799 1048 per
822 983 857 1028 se
881 983 1019 1048 corpore
1042 985 1060 1026 s
1086 984 1128 1028 ex
1152 964 1173 1026 1.
1198 962 1270 1046 3,§
1293 963 1321 1035 1,
1344 962 1381 1045 ff.

202 1084 255 1150 De
276 1087 476 1170 1111111111
498 1088 672 1154 omittend.
685 1107 841 1171 possess,
856 1089 938 1154 haec
961 1088 1024 1153 duo
1047 1089 1206 1153 elementa
1231 1107 1382 1152 necessa·

202 1213 253 1274 rio
276 1233 490 1296 perseverare
504 1212 623 1280 debent
638 1221 673 1279 ut
687 1216 844 1298 acquisita
858 1216 1016 1300 possessio
1033 1217 1226 1289 retineatur;
1244 1234 1380 1298 quorum

199 1335 288 1399 alter
309 1339 336 1401 si
362 1338 553 1411 resolvatur,
579 1341 737 1425 possessio
761 1340 933 1415 amil.litur;
958 1341 1044 1406 1111.
1069 1341 1089 1404 1.
1115 1337 1148 1412 3,
1173 1339 1195 1421 5
1219 1339 1260 1421 6,·
1276 1343 1307 1404 11
1323 1337 1380 1414 tt,

198 1458 446 1544 §afflat

291 1583 434 1658 Verum,
458 1586 504 1650 uli
534 1587 757 1672 exposuimus,
781 1606 819 1650 ac
845 1585 939 1650 uisila
966 1587 1126 1682 possessio
1158 1587 1254 1673 etium
1270 1585 1380 1682 ,pudo

198 1705 319 1786 naimo
346 1707 514 1798 retinetur,
527 1726 623 1792 quum
647 1714 680 1773 et
702 1709 827 1772 animus
847 1679 1028 1808 possidendi
1052 1707 1243 1788 habitualis,
1268 1713 1299 1774 11
1318 1727 1382 1792 po·

199 1829 349 1894 lenticulis
372 1831 518 1916 corporis
540 1837 631 1896 actus
654 1829 825 1898 sufficiant.

293 1955 367 2019 197.
382 1957 486 2020 Porro
499 1957 548 2021 ius
559 1959 729 2042 positivum
743 1958 962 2022 Romanorum
977 1955 1157 2021 naturalem
1170 1956 1383 2041 possessionis

200 2079 365 2143 notionem
390 2081 545 2165 expolivit
567 2087 600 2146 et
622 2082 796 2166 ampliavit,
821 2081 966 2146 eamdem
983 2085 1102 2154 111010,
1119 2079 1312 2164 praesertim
1328 2099 1382 2144 ve·

198 2203 337 2265 iustiore
361 2205 494 2288 epocha,
518 2203 687 2269 admodum
711 2205 891 2270 coarctavit
914 2203 1019 2288 quoad
1047 2203 1233 2269 subiectum
1256 2207 1289 2266 et
1311 2219 1383 2286 pos

198 2324 354 2388 sessionis
376 2323 550 2396 obiectum,
572 2345 610 2389 eo
634 2327 708 2408 quia
738 2327 770 2389 in
794 2327 924 2390 civitate
952 2343 1086 2388 romana
1109 2322 1285 2386 nonnullae
1306 2329 1379 2390 tau-

200 2453 269 2512 tum
293 2469 450 2534 personae
481 2457 513 2516 11
542 2458 653 2517 certae
684 2473 737 2517 res
768 2451 960 2517 fruebantur
985 2451 1073 2518 civili
1104 2453 1183 2516 iure
1211 2451 1273 2518 Sed
1297 2451 1380 2515 haec

201 2575 353 2658 persequi
376 2594 459 2659 quae
480 2575 521 2640 ad
544 2579 624 2641 iuris
652 2577 820 2642 historiam
851 2578 1025 2662 pertinent,
1051 2581 1195 2641 nostrum
1230 2596 1295 2640 non
1322 2580 1381 2642 est.

197 2698 372 2766 Caeterum
397 2701 460 2764 hae
482 2702 688 2766 limitationes
711 2703 829 2765 sensim
853 2700 1099 2777 obsoleverunt;
1129 2705 1162 2767 et
1184 2702 1380 2786 praecipuae

201 2844 266 2888 non
290 2827 499 2892 continentur
521 2828 592 2890 iure
617 2827 831 2901 lustiuianeo;
857 2827 997 2911 reliquas
1013 2847 1092 2891 vero
1117 2827 1164 2891 ius
1188 2827 1379 2892 canonicum

197 2949 370 3032 expunxit.
384 2985 427 2997 -
445 2948 658 3025 Quamobrem
677 2969 719 3013 ex
735 2951 806 3014 iure
823 2950 958 3034 positivo
975 2951 1035 3014 civ.
1054 2955 1086 3014 et
1103 2969 1172 3013 can.
1191 2949 1236 3013 illi
1258 2953 1381 3014 certam

201 3093 271 3138 rem
295 3073 461 3158 possidere
483 3081 616 3159 possunt
638 3074 690 3157 qui
715 3073 859 3137 eamdem
888 3075 920 3138 in
948 3093 1039 3138 suum
1063 3074 1291 3158 patrimonium
1318 3073 1380 3140 sibi

197 3195 373 3275 acquirere
397 3199 546 3276 possunl;
570 3198 612 3273 et,
638 3193 786 3263 vicissim,
812 3213 850 3256 11
874 3192 1028 3277 possideri
1053 3199 1186 3278 possunt
1217 3213 1300 3277 quae
1329 3199 1380 3261 ta·

199 3315 276 3380 liter
292 3323 425 3400 possunt
447 3317 578 3399 acquiri.
599 3315 688 3381 Unde
712 3336 751 3380 ea
775 3336 838 3379 non
864 3316 974 3381 ualent
996 3315 1152 3401 possideri
1179 3337 1261 3400 quae
1285 3323 1382 3382 extra

197 3443 432 3506 commercium
455 3447 539 3506 sunt.

290 3565 381 3629 Laici
412 3566 445 3629 in
476 3566 632 3638 Ecclesia,
657 3585 700 3630 eu
723 3566 855 3630 decreto
887 3568 966 3631 iuris
996 3587 1078 3640 can..
1105 3573 1179 3631 sunt
1197 3570 1382 3668 ¹incapaces

200 3710 277 3773 usus
300 3696 356 3755 aut
376 3692 587 3782 possessionis
610 3690 810 3776 quorundam
835 3692 952 3772 iurium
975 3695 1031 3773 aut
1053 3689 1246 3762 officiorum.

293 3813 366 3879 198.
394 3816 501 3899 lpsum
532 3820 638 3881 autem
673 3813 832 3880 obiectum
869 3815 1017 3880 naturale
1053 3817 1262 3900 possessionis
1297 3815 1381 3899 quod

198 3941 334 4021 spectat,
359 3934 498 4002 sufficiat
528 3937 674 4018 innuere,
698 3958 753 4002 res
781 3943 905 4002 tautum
938 3939 1125 4024 corporales
1156 3957 1191 4003 se
1222 3937 1382 4004 exhibere

197 4061 363 4127 obiectum
385 4062 552 4147 proprium
575 4067 608 4126 et
629 4063 778 4127 naturale
809 4064 1027 4148 possessionis,
1053 4063 1203 4127 nimirum
1235 4063 1383 4147 phisicae

199 4184 394 4250 detentionis
416 4204 474 4251 seu
499 4187 688 4262 activitatis3
721 4186 805 4252 unde
835 4186 957 4250 Paulus
987 4187 1048 4250 ait:
1072 4188 1109 4264 (t.
1135 4185 1168 4268 3,
1189 4205 1246 4269 pr.
1264 4183 1306 4272 ff.
1331 4187 1383 4255 De

200 4310 332 4394 acquic
357 4310 409 4375 oel
432 4313 538 4375 omitt.
551 4330 641 4393 poss.
641 4309 658 4398 )
676 4331 693 4373 ‹
711 4309 886 4376 Possideri
902 4315 1015 4375 uatem
1034 4317 1180 4393 possunt
1196 4331 1285 4396 quiue
1303 4317 1382 4376 sunt

199 4438 398 4519 corporatio
420 4459 452 4500 1.
480 4438 530 4501 Ε1
560 4443 675 4502 contra
704 4438 866 4519 statuitur,
891 4439 910 4502 1.
937 4435 969 4509 3,
994 4437 1016 4518 ἓ
1046 4436 1105 4513 27,
1131 4437 1181 4503 De
1204 4458 1323 4521 icsuip.
1349 4446 1382 4505 et
