3350 5117
289 257 355 322 666
811 274 896 325 roes
919 275 942 322 1.

379 399 441 465 Sed
465 398 620 464 Doctores
643 398 842 464 contrariam
865 396 1097 482 amplectentes
1119 395 1301 481 opinionem
1328 411 1371 456 er
1397 391 1468 475 ipso

290 527 360 591 iure
384 544 517 590 romano
540 525 675 611 positivo
699 528 968 609 argumentantur
991 523 1129 588 citantes
1151 522 1187 589 ll.
1209 520 1261 586 20
1286 524 1318 585 et
1345 517 1406 599 25,
1428 518 1467 600 ff.

291 649 340 715 De
364 647 503 714 heredit.
523 646 686 732 petitione
709 667 788 731 quas
810 647 845 712 in
868 666 959 712 suam
981 647 1173 712 sententiam
1199 645 1399 728 detorquent
1423 673 1470 688 -

291 775 415 841 Verum
438 774 572 840 istarum
595 774 703 860 legum
734 775 894 841 sententia
916 793 987 838 rem
1017 793 1083 838 non
1105 770 1246 853 conticit,
1265 771 1381 856 quippe
1403 766 1470 832 alio

290 905 427 987 spectat;
444 911 526 964 'nam
549 899 726 984 loquuntur
752 898 792 964 de
814 898 1007 979 hereditate,
1038 898 1165 966 scilicet
1185 897 1227 963 de
1256 895 1471 962 universitate

290 1025 447 1091 bonorum
472 1028 503 1090 in
527 1045 590 1109 qna
620 1026 747 1092 fructus
778 1025 924 1092 eamdem
946 1030 1081 1110 augent:
1104 1024 1262 1091 bonorum
1287 1024 1372 1088 enim
1401 1022 1472 1087 uni-

291 1149 461 1214 versitates
485 1148 683 1213 constituunt
702 1167 800 1213 unum
817 1167 876 1212 ens
892 1147 1025 1228 morale,
1042 1144 1199 1219 fictitium,
1216 1150 1328 1231 suapte
1351 1146 1473 1208 natura

291 1274 434 1360 singulas
457 1295 511 1340 res
534 1273 813 1361 comprehendens
835 1293 1012 1358 earumque
1034 1272 1237 1356 fructus,qui
1260 1290 1280 1336 u
1303 1290 1340 1336 re
1363 1271 1472 1355 singu·

291 1400 353 1464 lari
377 1400 517 1486 separati
540 1398 725 1466 reincidunt
749 1400 782 1463 in
799 1400 899 1484 ipsam
916 1396 1074 1463 bonorum
1099 1397 1351 1476 universitatem,
1368 1393 1472 1478 qnod-

293 1526 364 1592 dam
387 1546 447 1593 ens
467 1525 639 1593 iuridioum
662 1544 722 1613 per
745 1546 781 1592 se
805 1527 994 1595 consistens,
1019 1519 1251 1588 efformantem.

381 1651 457 1716 701.
483 1651 578 1716 Ratio
601 1649 641 1715 ob
665 1669 759 1734 quam
789 1650 966 1734 possessori
997 1647 1027 1711 b.
1052 1646 1074 1710 f.
1108 1649 1313 1731 consumptos
1342 1643 1474 1709 fruetus

293 1797 356 1842 non
381 1778 552 1843 restituere
575 1769 761 1863 indulgetur
785 1781 834 1843 est
857 1776 926 1860 ipsa
948 1774 1034 1841 bona
1052 1771 1148 1848 fldes;
1172 1769 1308 1858 proinde
1322 1771 1349 1834 si
1365 1768 1475 1833 bonae

293 1899 365 1965 fidei
389 1900 542 1968 succedat
568 1900 662 1982 mala,
688 1918 730 1964 ex
761 1899 1012 1985 superveniente
1042 1897 1227 1983 cognitione
1257 1897 1306 1961 rei
1332 1895 1472 1979 alienae,

293 2044 405 2090 omues
426 2002 552 2090 tructus
574 2023 614 2090 ab
642 2025 697 2090 illo
728 2029 899 2097 momento,
924 2041 990 2086 non
1019 2041 1100 2087 vero
1129 2025 1225 2085 antea
1255 2023 1471 2102 consumptos,

295 2148 450 2214 restituet.
477 2150 514 2212 ln
539 2148 610 2214 loro
635 2148 852 2214 conscientiae
875 2146 958 2212 haec
981 2145 1132 2231 obligatio
1159 2141 1326 2208 moraliter
1356 2146 1473 2224 urget;

295 2271 327 2335 in
351 2272 423 2336 foro
446 2277 584 2336 externo
607 2275 712 2356 potest
734 2271 846 2356 urgeri
863 2270 958 2334 etiam
974 2267 1177 2339 iudicialiter,
1191 2265 1219 2330 si
1235 2268 1344 2351 pateat
1365 2261 1472 2327 bonae

295 2391 369 2460 fidei
391 2393 507 2459 malam
531 2396 766 2479 supervenisse,
790 2393 887 2479 idque
909 2392 1079 2479 probatum
1102 2393 1152 2456 sit.

385 2516 474 2581 Bona
492 2514 571 2581 fides
594 2522 701 2581 autem
726 2535 855 2600 semper
870 2515 1089 2601 praesumitur
1111 2531 1265 2584 cessasse,
1282 2511 1303 2576 t.
1321 2510 1381 2583 25,
1398 2510 1420 2591 ἓ
1436 2509 1473 2589 7,

293 2642 328 2726 ff.
346 2642 396 2708 De
415 2643 528 2709 hered.
544 2642 636 2726 petit.
661 2663 681 2707 a
703 2647 850 2728 tempore
874 2642 942 2708 litis
964 2645 1175 2708 contestatae.
1197 2639 1307 2714 Quare
1331 2636 1371 2702 de
1394 2635 1474 2701 iudi·

295 2769 345 2832 cio
375 2764 646 2831 revendicationis
675 2768 725 2832 rei
756 2785 876 2853 posses.
910 2786 972 2851 quo
1002 2784 1022 2830 a
1051 2763 1179 2832 domino
1210 2783 1266 2829 res
1299 2761 1473 2841 evincitur,

295 2887 355 2953 tec·
378 2887 418 2968 4,
442 2885 517 2968 §a
540 2887 575 2970 ff.
601 2885 676 2952 Flu.
700 2906 773 2974 rep.
797 2889 929 2970 asserit,
953 2887 983 2954 b.
1006 2887 1032 2970 f.
1053 2903 1264 2971 possessores
1289 2887 1474 2968 praestare

295 3011 428 3095 fructus
451 3017 619 3094 ecstantes,
639 3017 718 3095 post
741 3019 856 3079 autem
883 3014 950 3079 titis
976 3011 1261 3084 contestationem,
1284 3010 1472 3076 ser-iomsos.

296 3140 366 3204 Imo
393 3139 449 3204 teor
471 3137 531 3220 25,
556 3137 609 3204 eit.
633 3139 655 3220 ἓ
680 3137 712 3219 7,
737 3137 787 3203 De
815 3137 928 3205 hered.
947 3139 1042 3223 petit.
1067 3136 1207 3204 advertit
1236 3135 1353 3202 bonam
1377 3131 1473 3199 tidem

293 3257 360 3329 lion
384 3265 519 3351 intelligi
550 3272 622 3350 post
649 3267 905 3331 controversiam
935 3269 1070 3340 motam;
1094 3265 1140 3328 ait
1166 3263 1270 3328 enim:
1297 3280 1316 3325 ‹
1340 3259 1374 3326 Si
1396 3263 1475 3322 ante

296 3387 384 3452 litem
409 3393 630 3470 contestatam,
646 3388 749 3472 inquit
765 3386 917 3472 (edictum
942 3388 1121 3470 Praetoris)
1143 3387 1301 3462 fecerint3
1317 3385 1382 3452 hoc
1400 3384 1475 3450 ideo

296 3510 465 3584 adiectum,
482 3512 630 3593 quoniam
647 3515 718 3596 post
732 3512 822 3577 litem
838 3515 1050 3577 contestatam
1065 3530 1178 3578 omnes
1191 3511 1351 3598 incipiunt
1369 3509 1475 3574 molae

298 3630 371 3697 fidei
394 3651 594 3716 possessores
609 3653 690 3708 esse,
707 3635 848 3718 quinimo
867 3640 947 3718 post
962 3635 1229 3702 controversiam
1250 3639 1424 3700 motam...
1441 3636 1476 3697 et

296 3754 360 3820 hoo
382 3756 454 3818 iure
475 3755 572 3822 hodie
594 3757 731 3832 utimum
748 3757 854 3842 coepit
877 3758 963 3823 enim
986 3758 1072 3824 scire
1095 3775 1166 3824 rem
1188 3756 1229 3823 ad
1251 3777 1287 3822 se
1309 3775 1375 3820 non
1398 3776 1475 3841 per-

298 3881 453 3947 tinentem
478 3880 642 3967 possidere
665 3904 699 3948 se
722 3885 759 3956 is,
776 3885 831 3966 qui
853 3882 1080 3967 interpellatur
1092 3931 1155 3947 ......
1172 3881 1336 3948 »Verum
1359 3887 1477 3946 eontra

298 4001 512 4068 animadverti
540 4009 653 4088 potest,
678 4003 869 4088 quandoque
891 4025 1109 4090 possessorem
1141 4024 1180 4069 ea
1203 4003 1268 4068 frui
1284 4004 1381 4068 animi
1404 4023 1476 4089 per·

298 4129 455 4202 suasione,
484 4135 528 4202 ut,
553 4149 618 4193 non
642 4129 788 4196 obstante
812 4131 992 4196 adversarii
1016 4128 1276 4215 interpellatione
1303 4128 1372 4193 sive
1398 4130 1476 4191 ante

297 4253 363 4318 litis
393 4254 666 4326 contestationem,
695 4254 763 4322 sive
791 4261 863 4340 post
889 4255 978 4320 litem
1010 4258 1234 4326 contestatam,
1259 4254 1409 4339 opinetur
1438 4272 1477 4316 se

299 4379 382 4442 iuste
405 4381 437 4441 et
462 4377 609 4464 legitime·
628 4399 696 4444 rem
721 4377 895 4464 possidere.
