3350 5117
553 352 597 399 un
622 353 761 401 runicus
785 353 1050 401 noonesusurers
1343 332 1388 399 55

301 476 334 541 Si
356 478 390 541 iu
413 476 524 562 plures
547 481 812 565 compromissum
834 481 884 555 sit,
910 480 1056 546 standum
1079 484 1129 545 est
1151 479 1331 545 sententiae
1353 479 1387 543 in

208 624 305 688 quam
321 606 424 669 maior
439 603 569 670 illorum
586 625 663 691 pars
678 608 870 673 convenerit
884 626 928 672 ex
942 624 1017 689 cap.
1030 606 1058 677 1,
1075 604 1106 669 h.
1124 610 1145 671 t.
1160 604 1206 669 in.
1226 604 1249 669 6
1263 602 1303 687 (1,
1319 602 1385 688 22),

207 728 271 793 nisi
294 730 558 812 compromissum
583 731 625 795 sit
647 749 686 794 ea
716 730 789 817 lege
811 736 848 797 ut
877 749 989 796 omnes
1015 728 1216 795 concordare
1239 727 1385 794 debeant.

208 848 391 915 Praeterea
413 870 457 915 ex
480 870 554 935 cap.
578 851 613 925 2,
632 852 661 915 b.
688 858 708 917 t.
725 852 764 917 ia
779 852 811 926 6,
828 853 855 918 si
879 872 962 917 unus
985 871 1028 917 ex
1049 850 1183 917 arbitris
1206 851 1387 915 constitutis

206 971 361 1036 invitatus
392 970 432 1035 ad
463 973 655 1038 sententiam
684 972 925 1059 preferendam,
948 974 1038 1040 nullo
1068 974 1214 1041 obstante
1243 972 1387 1057 legitimo

206 1094 445 1181 impedimento,
471 1098 552 1163 nolit
574 1098 697 1173 adesse,
722 1098 811 1165 valet
832 1101 969 1165 aliorum
996 1100 1192 1166 arbitrorum
1215 1098 1385 1170 sententia,

208 1224 327 1288 ceteris
350 1222 491 1309 paribus,
520 1228 553 1289 et
582 1226 643 1289 nisi
673 1246 828 1311 expresse
859 1229 892 1292 in
923 1229 1153 1314 compromisso
1182 1232 1312 1291 cautum
1334 1226 1385 1306 sit,

206 1369 320 1414 omnes
344 1350 502 1415 interesse
533 1348 664 1425 debere,
688 1352 729 1418 ad
756 1352 884 1418 arbitrii
911 1352 1119 1418 validitatem.
1143 1350 1278 1426 Quando
1304 1370 1385 1416 vero

207 1492 320 1537 omnes
343 1473 429 1537 inter
453 1492 488 1537 se
511 1471 704 1546 discordent,
722 1480 754 1539 et
777 1477 937 1539 sententia
951 1476 1046 1540 nnius
1061 1476 1178 1560 partim
1202 1474 1386 1541 continetur

207 1596 240 1659 in
265 1600 478 1681 pronunciato
502 1598 645 1681 alterius,
668 1600 767 1666 veluti
793 1602 818 1667 si
844 1621 927 1665 unus
950 1601 988 1665 in·
1009 1599 1059 1671 15,
1085 1600 1167 1664 alius
1191 1598 1224 1661 in
1251 1598 1301 1670 10,
1316 1601 1385 1661 ter-

208 1720 271 1783 tius
294 1739 373 1784 vero
398 1722 430 1785 in
454 1722 476 1786 5
498 1724 718 1807 pronuntiant,
743 1724 799 1808 (ex
822 1742 897 1805 cap.
914 1723 941 1794 1,
967 1723 998 1786 b.
1017 1727 1038 1787 t.
1055 1722 1092 1787 in
1115 1721 1152 1806 6)
1168 1723 1327 1787 retinetur
1346 1741 1386 1787 ea

205 1846 386 1911 sententiae
409 1866 495 1931 pars,
520 1848 552 1911 in
577 1867 640 1932 qua
664 1868 774 1914 omnes
802 1848 1011 1920 concordant,
1035 1850 1082 1915 uti
1112 1848 1199 1913 iubet
1222 1854 1254 1913 et
1277 1868 1384 1913 exem·

204 1971 274 2056 plat
295 1972 349 2037 cit.
374 1990 448 2055 cap.
473 1971 500 2045 1,
525 1971 556 2035 h.
583 1976 602 2036 t.
626 1972 665 2037 ia
688 1972 719 2036 6.
746 1972 778 2038 si
803 1991 882 2037 vero
906 1974 1035 2037 omnino
1062 1972 1256 2052 discordant,
1281 1971 1384 2055 quoad

206 2092 355 2161 arbitros
376 2094 463 2161 iaris
486 2094 581 2161 debet
603 2115 622 2159 a
646 2095 789 2180 partibus
812 2098 865 2162 vel
881 2116 901 2161 a
916 2096 1021 2162 iudice
1044 2095 1210 2161 ordinario
1232 2096 1315 2160 alius
1329 2115 1383 2160 ar-

204 2217 289 2283 biter
312 2219 473 2304 suppleri:
497 2220 600 2304 quoad
625 2219 773 2287 arbitros
796 2219 1121 2304 compromissarios,
1147 2222 1308 2305 integrum
1333 2227 1381 2286 est

206 2341 352 2427 partibus
375 2344 427 2407 vel
451 2342 622 2408 arbitrium
646 2342 798 2409 deserere
829 2343 881 2408 vel
912 2344 1011 2409 alium
1034 2342 1186 2409 sufficere
1212 2343 1380 2419 arbitrum,

205 2467 258 2531 rel
281 2472 454 2553 acceptare
476 2467 634 2533 arbitrum
657 2466 698 2532 ab
721 2468 793 2533 aliis
817 2466 948 2533 arbitris
970 2465 1148 2533 suffectum.

293 2590 347 2655 27.
372 2590 581 2657 Arbitrorum
605 2598 744 2677 potestas
767 2596 859 2657 tauta
882 2597 932 2657 est
954 2597 1074 2676 quanta
1090 2592 1136 2656 eis
1159 2592 1381 2666 demandatur,

207 2736 315 2781 «curn
338 2717 451 2783 arbitri
477 2717 533 2803 (ait
556 2736 630 2801 cap.
657 2718 689 2792 6,
714 2718 744 2782 b.
770 2722 808 2800 t.)
832 2688 983 2783 iud-care*
1000 2690 1065 2782 non
1088 2716 1228 2790 valeant,
1253 2719 1315 2782 nisi
1342 2718 1382 2783 de

204 2840 256 2906 bis
279 2845 413 2916 tantum,
438 2862 536 2927 super
559 2841 672 2926 quibus
695 2842 728 2905 iu
752 2860 807 2905 eos
830 2841 976 2905 extiterit
999 2842 1298 2926 compromissum»
1324 2840 1380 2925 (l).

208 3086 272 3141 Coa.
292 3088 319 3139 b.
337 3098 356 3140 t.
376 3089 388 3153 ξ
409 3088 439 3139 11
457 3098 512 3141 aot.
532 3090 563 3153 4)
583 3086 652 3141 baec
671 3086 805 3141 advertit:
826 3106 842 3137 s
862 3085 902 3141 Ut
921 3103 954 3141 ea
976 3102 1048 3156 quae
1075 3087 1148 3140 inter
1172 3086 1240 3139 duas
1262 3085 1311 3139 bas
1330 3086 1382 3140 De-

207 3193 328 3248 cretales
346 3210 406 3250 esse
425 3194 534 3249 videtur
554 3211 647 3264 pugna
666 3198 851 3261 removeatur,
870 3193 911 3247 sie
930 3194 1119 3263 componenda
1141 3209 1185 3248 res
1209 3196 1253 3247 est
1271 3197 1302 3247 ut
1320 3192 1379 3248 liti-

207 3304 307 3367 gantes
325 3300 408 3354 initio
426 3304 567 3371 nequeant
584 3300 613 3353 in
633 3300 768 3355 incertam
787 3316 932 3369 personam
954 3299 1101 3353 arbitrium
1123 3302 1258 3365 conferre,
1276 3300 1381 3369 possint

204 3408 299 3459 tamen
319 3404 371 3473 ipsi
386 3406 494 3472 arbitri,
507 3423 569 3460 cum
583 3422 678 3461 eorum
691 3405 796 3459 discors
814 3405 954 3459 sententia
972 3410 1023 3470 est,
1042 3406 1158 3460 tertium
1171 3422 1289 3471 sumere,
1300 3405 1380 3458 modo

206 3508 233 3561 id
252 3510 360 3563 faciant
379 3528 397 3563 a
415 3510 549 3566 Praetore
567 3512 633 3565 iussi
654 3515 703 3565 aut
721 3526 783 3564 cum
802 3509 949 3565 voluntate
967 3514 996 3564 et
1014 3526 1148 3563 consensu
1171 3509 1343 3579 litigantium
1355 3527 1379 3561 n.

206 3613 242 3666 Et
261 3613 334 3667 idem
354 3616 459 3669 Auctor
478 3615 506 3668 in
526 3630 640 3683 corpore
659 3613 827 3684 paragraphi
847 3614 975 3667 advertit·
990 3613 1072 3667 «Sed
1091 3613 1172 3669 hodie
1190 3613 1379 3683 semperduo·

207 3718 258 3771 bus
277 3718 401 3785 arbitris,
419 3736 535 3789 quorum
555 3725 598 3775 est
616 3719 748 3775 dissimile
767 3718 908 3785 iudicium,
927 3719 1067 3789 integrum
1090 3724 1133 3773 est
1151 3719 1275 3785 tertium,
1293 3718 1378 3773 etiam

210 3839 263 3877 non
283 3825 466 3892 nominatum,
479 3844 596 3893 sumere,
609 3828 656 3897 qui
675 3826 753 3881 litem
772 3828 861 3892 finiat,
877 3828 959 3881 modo
980 3828 1150 3896 diripentium
1168 3842 1318 3882 consensus
1335 3845 1380 3879 ac·

204 3930 284 3984 cedat
302 3940 351 3983 aut
369 3932 399 3984 id
418 3934 496 3985 tussa
515 3943 542 3987 ae
554 3935 718 3987 auctoritato
730 3934 886 4003 superioris
903 3934 952 4001 fiat
965 3951 991 3985 ›.
1006 3933 1113 4001 Reapse
1126 3932 1201 3986 aliud
1214 3935 1264 3998 est,
1277 3932 1306 3984 in
1319 3931 1379 4001 ipso

202 4038 267 4089 actu
277 4035 341 4088 initi
353 4035 543 4104 compromissi
557 4038 719 4105 permittere
732 4036 856 4103 arbitris,
869 4037 922 4091 etsi
936 4037 1170 4104 dissentientibus,
1184 4036 1269 4091 alium
1281 4052 1379 4107 quem·

203 4160 319 4215 cumque
339 4144 392 4196 sibi
412 4144 595 4210 substituer03
614 4150 642 4199 et
661 4144 736 4199 alind
755 4150 805 4211 eet,
824 4162 861 4199 aa
876 4150 1040 4217 post-sacto,
1053 4152 1143 4200 ratam
1156 4144 1260 4201 habere
1277 4146 1377 4199 substi-

201 4250 339 4306 tutionem
357 4252 393 4305 ab
412 4252 527 4306 arbitris
544 4254 655 4307 factam.

291 4358 331 4428 (l)
353 4357 463 4413 Revera
481 4360 738 4429 compromittentes
750 4360 847 4416 valent
865 4380 932 4417 snae
950 4363 1126 4417 conventioni
1145 4380 1207 4418 eam
1226 4363 1317 4433 legem
1336 4364 1378 4417 di-

204 4480 267 4519 cere
286 4482 369 4536 quam
388 4466 479 4535 magis
498 4466 626 4535 expedire
652 4472 764 4537 putant:
789 4470 936 4525 dummodo
960 4470 1133 4525 conditiones
1157 4486 1213 4527 non
1237 4476 1378 4542 apponant
1402 4544 1407 4554 ,
