3350 5117
387 310 454 375 236
733 298 736 309 '
922 331 1006 378 nass
1030 330 1052 377 1.

388 450 478 525 Quae
501 452 661 519 distinctio
684 472 756 517 cum
788 454 888 538 ipsam
919 460 1069 517 naturam
1098 455 1308 538 possessionis
1336 455 1478 538 attingat,
1498 454 1540 517 ni·

388 595 460 639 rum
483 596 548 640 non
572 582 621 643 est
643 578 668 641 si
685 596 768 661 pene
791 578 978 641 innumeras
1000 578 1195 642 excitaverit
1217 576 1383 643 discordes
1398 578 1542 661 opiniones
1614 573 1616 598 '

386 704 470 789 apud
495 706 667 781 Doctores;
692 710 725 769 at
746 724 806 771 nos
829 725 873 770 ex
895 705 989 770 dictis
1004 704 1158 769 facillime
1181 708 1214 769 et
1236 702 1377 769 dilucide
1401 723 1468 768 rem
1487 721 1543 766 con·

386 826 486 893 ficere
509 827 714 893 arbitramur.
741 828 891 892 lamvero
914 829 988 910 quia
1010 826 1233 911 praemisimus
1249 826 1372 890 factum
1389 825 1542 910 possessio·

387 953 436 1016 nis
452 952 483 1015 in
501 972 611 1017 rerum
628 957 743 1017 natura
760 952 929 1024 contineri,
947 952 1094 1035 idemque
1110 971 1190 1015 vero
1206 949 1403 1035 expolivisse
1420 951 1467 1014 ius
1481 949 1544 1033 posi-

381 1076 487 1169 ltisum
507 1080 539 1141 et
553 1076 585 1139 vi
602 1074 736 1140 iuridica
758 1076 902 1150 auxisse;
926 1074 1081 1158 sequitur,
1094 1074 1342 1156 possessionem
1367 1071 1543 1137 notmatem

105 1286 108 1295 y
131 1253 137 1300 ,
188 1217 233 1294 p„
250 1202 305 1279 ,as
313 1172 466 1295 'gv‘esse
484 1221 566 1285 quae
586 1202 731 1266 consistit
749 1202 781 1297 ip
801 1198 925 1291 phisica
945 1199 993 1263 rei
1013 1196 1197 1264 detentione
1219 1196 1541 1283 iuxtapmmgemm

75 1308 134 1403 *gp
146 1292 189 1389 ,ug
202 1334 252 1397 iv,
267 1302 295 1419 sl
387 1327 636 1420 ejpgpgpprani,
661 1324 845 1419 destitutam
861 1324 1083 1411 recognitione
1098 1328 1131 1387 et
1146 1321 1334 1387 defensione
1350 1321 1432 1385 iuris
1448 1319 1544 1392 civilis

130 1392 216 1439 ihm*

174 1542 179 1555 ,
295 1543 299 1557 1
321 1435 1104 1563 Ι,«ῐὲᾗιιίξὲιῖιφζι11116111οεεεεεῐοῃεξῳ,9111111139ι
1151 1470 1203 1514 am
1227 1451 1276 1514 ius
1291 1449 1388 1513 civile
1406 1466 1544 1533 recogno-

98 1564 241 1674 μὴ,
276 1570 308 1659 tl
387 1577 457 1647 scit,
482 1583 515 1641 et
542 1575 693 1661 dejertdit
715 1576 859 1641 eamdem
891 1577 1038 1640 muniens
1066 1573 1211 1641 iuridicis
1237 1570 1423 1648 effectibus;
1452 1590 1545 1655 quara

392 1648 550 1679 μ...

387 1700 526 1781 brevius,
545 1701 701 1785 possessio
724 1700 895 1765 maturatis
911 1704 960 1765 est
975 1700 1077 1783 ipsum
1095 1698 1214 1762 factum
1229 1697 1442 1781 possessionis
1457 1717 1476 1760 a
1490 1698 1548 1759 iure

387 1825 474 1890 civili
499 1846 563 1889 non
587 1824 767 1899 defensum;
793 1824 901 1890 ciuilis
923 1824 1089 1907 possessio,
1106 1827 1265 1895 econtra,
1283 1829 1333 1887 est
1356 1822 1478 1887 iactum
1492 1839 1548 1905 pos·

316 2030 320 2035 ,
387 1951 537 2015 sessionis
561 1950 669 2035 prouti
691 1969 710 2013 a
733 1950 804 2013 iure
827 1948 923 2012 civile
946 1948 1192 2032 recognoscitur
1207 1954 1239 2011 et
1261 1948 1295 2011 vi
1318 1946 1456 2011 iuridica
1471 1964 1551 2030 auge

387 2080 451 2140 tur.
476 2111 519 2124 -
543 2074 758 2148 Quamobrem
782 2074 815 2137 in
839 2073 1039 2159 fragmentis,
1060 2091 1143 2156 qnae
1165 2071 1258 2157 large
1274 2073 1352 2137 citat
1375 2078 1411 2135 et
1433 2072 1551 2157 exponit

388 2199 429 2264 cl.
455 2198 598 2285 ltuggori
624 2218 678 2281 op.
700 2198 751 2264 cit.
776 2199 798 2279 ἓ
824 2199 870 2263 96
886 2216 964 2281 seq..
978 2200 1149 2283 opponitur
1173 2197 1329 2281 possessio
1346 2196 1453 2260 civilis
1475 2198 1551 2257 natu·

389 2324 450 2387 rali
466 2324 667 2407 possessioni,
683 2324 798 2409 quippe
822 2322 927 2386 altera
949 2342 970 2386 a
992 2324 1064 2385 iure
1088 2320 1175 2392 civili
1198 2319 1378 2386 admittitur
1402 2316 1553 2384 ad'certos

388 2450 467 2514 iuris
491 2444 633 2520 effectus,
658 2446 772 2531 quihus
794 2447 898 2511 altera
921 2444 1121 2522 destituitur;
1150 2446 1294 2529 quamvis
1320 2445 1405 2510 haec
1429 2444 1471 2510 ab
1492 2446 1551 2529 ipss

387 2573 461 2657 lege
484 2590 548 2635 non
576 2570 675 2635 semel
707 2570 835 2634 nomine
862 2567 1084 2652 possessionis
1115 2573 1147 2633 et
1177 2586 1240 2631 non
1263 2566 1431 2649 simplicis
1452 2567 1554 2632 cleteo-

389 2698 488 2765 tt'onis
511 2697 657 2763 donetur.

477 2822 553 2889 206.
579 2825 629 2887 lta
651 2822 789 2888 colonus
809 2821 863 2904 qui
878 2840 898 2883 a
914 2819 1042 2884 domino
1057 2838 1171 2905 agrum
1187 2818 1403 2883 excolendum
1419 2816 1554 2910 obtinuit

389 2945 678 3013 commodatortus
700 2941 805 3027 quoad
829 2962 898 3007 rem
922 2942 980 3007 sibi
1001 2941 1243 3014 commodatam,
1268 2940 1507 3023 depositariae,
1528 2940 1553 2999 in

389 3090 426 3136 re
449 3070 532 3156 apud
556 3088 591 3133 se
614 3068 766 3153 deposita,
790 3066 980 3152 inquilinus
1002 3067 1136 3131 alterius
1159 3066 1287 3149 domum
1310 3064 1508 3143 inhabitans,
1527 3062 1554 3125 hi

389 3213 501 3276 onmes
523 3212 565 3257 ex
588 3194 659 3256 iure
683 3210 827 3271 romano,
852 3196 885 3255 et
908 3192 1004 3254 etiam
1019 3192 1090 3254 iure
1106 3209 1176 3253 can.
1193 3191 1427 3274 possessionem
1443 3189 1555 3253 habent

390 3319 580 3390 naturalem,
599 3338 661 3381 non
679 3318 815 3390 civilem,
833 3336 916 3400 quae
938 3320 1108 3381 reservata
1127 3320 1184 3385 est,
1210 3315 1401 3399 respective,
1427 3314 1555 3379 domino,

390 3449 441 3513 cui
469 3445 604 3533 proinde
634 3450 709 3509 sunt
735 3448 921 3528 comparata
951 3441 1140 3513 inradiata,
1172 3446 1206 3507 et
1236 3446 1365 3526 praesto
1396 3446 1448 3506 est
1467 3457 1557 3523 prus·

390 3571 538 3653 scriptio.

478 3693 692 3758 Nihilominus
715 3710 809 3755 nemo
833 3688 957 3755 inficias
980 3693 1076 3756 iverit
1098 3691 1158 3755 has
1181 3710 1292 3755 omnes
1314 3676 1477 3775 personas
1499 3706 1559 3771 pos

390 3817 566 3882 sessionem
589 3833 747 3879 exercere
759 3814 764 3841 ⁵
777 3814 811 3877 in
842 3812 939 3877 rebus
961 3832 981 3876 a
1004 3832 1039 3878 se
1062 3797 1201 3877 detentis
1222 3812 1315 3877 iuxta
1341 3811 1559 3896 primigenium

390 3947 579 4025 conceptum
607 3940 816 4025 possessionis
840 3940 901 4003 iam
927 3939 1131 4024 explicatum.
1157 3938 1267 4020 Neque
1291 3934 1395 4001 obstat
1422 3934 1511 4019 qnod
1530 3933 1557 3996 hi

390 4062 575 4129 detentores
598 4076 663 4126 noh
693 4082 750 4126 suo
781 4062 909 4125 nornine
940 4060 997 4125 sed
1027 4062 1156 4124 nomine
1184 4058 1291 4123 alieno
1319 4058 1497 4124 detineant.
1519 4054 1560 4117 al·

388 4187 452 4251 teri
475 4189 687 4252 ministerium
712 4187 855 4271 phisicae
878 4185 1071 4250 detentionis
1095 4182 1297 4256 exhibentes,
1319 4184 1466 4262 nam,uti
1490 4182 1561 4245 scito

390 4317 481 4377 notat
504 4314 543 4377 cl.
569 4314 713 4398 Ruggeri
739 4313 759 4377 l.
784 4333 811 4378 c.
835 4312 857 4394 ἕ
880 4311 937 4383 48,
963 4311 995 4374 in
1026 4308 1207 4375 huiusmodi
1236 4307 1494 4394 possessionibus
1515 4304 1560 4369 de

391 4434 501 4499 bemus
525 4433 683 4519 duplicem
706 4437 871 4518 aspectum
894 4450 1069 4496 secernere
1089 4430 1318 4514 possessionis;
1342 4429 1481 4493 alterum
1506 4442 1561 4509 quo
