3350 5117
527 340 571 388 ne
596 336 735 389 rumous
758 336 1024 389 accuesmsrrcrs
1319 316 1365 384 69

186 462 295 529 bulum
318 464 499 548 promiscue
529 462 710 537 adhibetur,
733 466 770 529 ut
801 462 962 527 evincitur
984 481 1027 526 ex
1050 480 1077 526 c.
1102 480 1129 526 c.
1153 460 1206 539 19,
1231 458 1281 525 De
1303 460 1361 543 off.

182 596 218 657 ct
235 595 306 673 pot.
331 593 354 654 i.
379 590 411 656 d.
437 590 471 653 X
490 588 612 676 (1-29);
637 598 670 655 et
692 590 736 654 12
758 588 864 655 auso.
890 587 938 652 tit.
960 586 999 651 in
1022 587 1045 651 6
1067 584 1123 671 (l).

274 716 327 779 44.
354 715 417 780 llic
432 720 607 801 conceptus
622 714 853 781 iurisdictionis
867 714 1025 779 hactenus
1041 712 1220 797 explicatus
1236 711 1365 795 integer

181 840 375 924 pertransiit
397 842 431 904 in
454 841 504 905 ius
526 840 727 920 canonicum,
751 838 898 923 quamvis
926 837 1029 921 ipsum
1057 834 1248 899 vocabulum
1271 834 1365 900 iuris·

181 962 333 1028 dictionis
356 968 525 1029 extensum
548 965 590 1028 sit
611 961 652 1027 ad
674 960 919 1048 significandam
942 977 1069 1023 omnem
1091 961 1281 1042 potestatem
1304 977 1365 1042 gu·

179 1087 396 1156 bernativam.
421 1126 465 1139 -
493 1092 548 1155 lus
575 1090 763 1155 canonicum
796 1108 876 1153 vcro
904 1092 973 1153 tum
996 1086 1030 1148 in
1055 1083 1365 1151 iurisdictionem

178 1212 324 1278 dinaric
345 1219 414 1280 tum
437 1216 471 1278 in
494 1214 698 1291 voluntaria,
724 1212 827 1297 quoad
851 1211 1038 1279 facultatem
1062 1208 1242 1295 delegandi,
1265 1209 1362 1274 aliam

182 1336 312 1402 induxit
334 1338 582 1423 ampliationem.
606 1338 684 1403 lure
714 1338 799 1402 euim
832 1355 965 1400 romano
988 1332 1182 1401 arctioribus
1207 1331 1364 1398 limitibus

177 1462 467 1549 constringebatur
490 1463 628 1530 facultas
643 1462 828 1550 delegandi:
846 1464 1053 1548 magistratus
1069 1464 1153 1526 enim
1169 1461 1365 1527 iurisdictio·

181 1604 258 1651 uem
282 1584 439 1651 habentes
469 1585 676 1659 ordinariam,
707 1590 858 1672 poterant
888 1584 1050 1671 delegere,
1081 1583 1133 1647 vel
1164 1584 1363 1650 catumeum

178 1707 446 1789 iurisdictionem,
474 1709 525 1773 vel
549 1710 721 1776 notionem
744 1714 878 1781 tantum,
902 1728 960 1773 seu
981 1707 1104 1773 iudices
1127 1706 1206 1771 dare
1221 1706 1287 1791 (qui
1304 1726 1363 1771 no-

176 1836 303 1899 tionem
326 1834 546 1900 tantummodo
569 1834 759 1922 habebant);
784 1836 951 1920 delegatus
973 1852 1052 1899 vero
1076 1835 1267 1916 quicumque
1290 1831 1362 1897 sub-

178 1956 338 2045 delegare
361 1978 425 2023 non
449 1964 589 2043 poterat;
614 1961 689 2043 quia
702 1960 758 2025 lex
773 1959 806 2028 5,
822 1961 858 2043 ff.
877 1958 928 2023 De
949 1957 1057 2041 officio
1074 1958 1145 2023 eius
1161 1956 1216 2021 cui
1237 1956 1355 2021 stand.

180 2086 288 2151 iubet:
316 2106 334 2149 ‹
358 2087 564 2152 Mondatcm
588 2086 651 2153 sibi
673 2086 941 2152 iurisdictionem
971 2083 1135 2148 mundari
1157 2083 1267 2163 atteri,
1291 2102 1362 2149 non

175 2228 280 2293 posse
302 2208 522 2291 manifestum
546 2228 616 2275 esse
631 2232 663 2274 ».
681 2210 748 2275 Cfr.
765 2210 878 2273 Devoti
902 2207 978 2287 (Ius
1003 2208 1085 2273 Can.
1108 2207 1203 2272 Unio.
1225 2206 1288 2273 Tit.
1312 2210 1364 2274 De

178 2336 236 2417 off.
260 2334 331 2399 iud.
357 2334 461 2420 dclep.
487 2355 520 2399 n.
545 2332 593 2416 A).
620 2335 697 2399 lure
727 2352 797 2397 cau.
826 2353 907 2398 vero
938 2332 1165 2398 iurisdictionis
1198 2332 1359 2419 delegatio

177 2457 371 2543 ampliorem
395 2456 508 2525 habuit
531 2478 632 2538 usum,
649 2456 729 2521 adeo
753 2461 787 2521 ut
810 2456 941 2521 habenti
965 2455 1227 2529 iurisdictionem,
1245 2458 1277 2520 in
1301 2477 1361 2543 ge·

177 2600 270 2654 nere,
291 2581 483 2666 permissum
507 2581 606 2646 fuerit
622 2580 766 2645 eamdem
782 2579 935 2664 delegare
951 2580 1002 2645 rel
1019 2583 1115 2646 etiam
1131 2580 1354 2667 subdelegare‚

177 2712 265 2795 quod
288 2711 411 2779 factum
435 2716 493 2784 est,
518 2716 552 2775 ut
574 2712 621 2774 ait
642 2710 852 2775 Innocentius
877 2711 925 2773 lll
950 2712 982 2774 in
1007 2729 1081 2792 cup.
1105 2709 1164 2785 27¹,
1181 2710 1232 2775 De
1254 2712 1312 2794 off.
1328 2716 1359 2777 et

175 2841 247 2918 pot.
272 2837 344 2902 iud.
369 2836 475 2921 delcp.
503 2835 538 2899 X
565 2832 679 2919 (1-29),
706 2853 725 2896 s
748 2838 785 2898 ut
814 2834 1000 2900 auctoritas
1023 2833 1200 2900 ludiciotis
1222 2833 1363 2901 libertus

180 2963 293 3027 voleat
316 2962 516 3027 exerceri».
535 2960 724 3039 Praeterea,
740 2978 800 3043 per
815 2978 964 3031 canones,
981 2959 1120 3045 amplior
1136 2978 1261 3043 quoque
1276 2957 1364 3024 facta

177 3090 229 3151 est
256 3084 396 3152 facultas
427 3085 596 3171 delegandi
626 3088 816 3170 potestatem
847 3086 1052 3150 executivam
1082 3106 1139 3149 seu
1170 3089 1360 3171 potestatem

176 3209 326 3293 imperii,
352 3208 572 3274 demandando
596 3210 692 3273 ctiam
716 3228 830 3274 munus
854 3230 936 3295 pure
951 3210 1171 3275 executoriale
1187 3231 1244 3275 seu
1267 3210 1357 3274 mini-

168 3384 172 3391 *
268 3403 308 3471 (l)
328 3404 359 3457 ln
379 3402 442 3471 lege
462 3404 508 3457 cit.
528 3405 552 3457 1.
572 3404 613 3457 De
632 3403 678 3474 off.
698 3406 758 3457 cius
783 3406 828 3457 cui
852 3406 974 3458 mandor.
994 3406 1023 3475 ff
1044 3404 1096 3467 51
1122 3408 1251 3459 cavetur:
1271 3422 1287 3457 ι
1306 3402 1361 3466 Qui

178 3510 340 3563 mandatam
358 3509 578 3565 iurisdictionem
602 3511 723 3579 suscepit
749 3512 890 3583 proprium
915 3510 984 3564 nibil
1004 3510 1097 3576 babet,
1117 3510 1164 3565 sed
1183 3516 1212 3564 et
1230 3512 1290 3565 eius
1308 3512 1356 3582 qui

177 3726 321 3776 mentatur
340 3720 458 3793 Pirbing
476 3724 517 3792 (in
537 3728 575 3778 tit.
593 3724 643 3791 29,
664 3726 710 3779 tio.
731 3725 755 3793 I,
774 3744 801 3779 η.
821 3726 848 3792 1)
873 3724 1027 3791 advertens,
1047 3724 1207 3777 distinctam
1231 3740 1292 3779 esse
1311 3725 1354 3777 iu·

180 3826 370 3882 mediationem
395 3828 551 3898 delegantis
574 3848 591 3885 a
615 3831 737 3901 delegati
756 3831 955 3899 iurisdictione,
975 3837 1004 3886 et
1028 3831 1178 3897 concludit,
1196 3836 1214 3895 ἓ
1233 3832 1359 3886 Additur

175 3931 307 4002 denique,
323 3933 410 3987 eiimd.
425 3952 510 3989 num:
524 3953 541 3988 ι
612 3936 766 3991 iurisdictio
784 3936 883 3990 iudicis
901 3936 1023 4005 delegati
1043 3936 1216 4006 potissimum
1235 3937 1356 3993 differta

178 4038 371 4095 iurisdictione
389 4040 494 4096 Vicarii
513 4042 657 4098 Generalis
676 4044 803 4113 Episcopi
823 4044 918 4113 (quam
937 4042 1104 4096 ordinariam
1116 4060 1177 4097 esse
1196 4060 1281 4113 supra
1293 4058 1356 4113 pro·

180 4147 317 4217 bavimus)
337 4149 447 4219 quippe,
460 4151 507 4222 qui
523 4168 577 4206 uon
596 4152 732 4207 diversam
751 4152 799 4207 sed
817 4151 942 4233 eamdem
956 4150 1174 4206 iurisdictionem
1192 4169 1255 4206 cum
1273 4152 1360 4206 iuris-

176 4255 301 4312 dictione
319 4259 522 4314 committantis
545 4258 644 4323 babet;
669 4258 814 4329 delegatus
839 4276 905 4315 vero
929 4261 1088 4315 distinctam
1113 4258 1207 4326 habat,
1229 4260 1357 4331 quamvis

179 4362 340 4418 inferiorem
358 4369 388 4419 at
405 4365 558 4420 subiectam
577 4366 760 4420 iurisdictioni
779 4366 935 4435 delegantis
953 4371 1036 4423 etc.»
1053 4366 1124 4421 Hinc
1142 4384 1159 4419 a
1178 4366 1308 4435 delegato
1321 4367 1357 4420 ad

177 4467 356 4540 delegantem
376 4472 546 4543 appellatur,
