3350 5117
331 289 401 356 388
861 309 947 356 enas
970 309 993 356 1.

431 431 483 496 Ex
499 431 629 496 diverso
645 432 672 496 si
688 451 753 496 non
769 433 1020 518 incompetentia
1042 432 1099 498 sed
1121 433 1260 519 suspicio
1275 453 1296 496 a
1309 431 1451 518 partibus
1466 434 1515 498 iu-

333 554 398 620 dici
423 555 604 630 obiiciatur.
629 563 706 625 tunc
730 555 769 622 de
793 577 892 622 causa
914 559 1106 644 suspicionis
1128 561 1197 644 ipse
1227 557 1340 624 videre
1370 577 1432 622 non
1461 579 1517 644 po-

332 683 417 756 lest;
443 682 517 764 quia
541 679 640 746 iudex
664 687 713 746 est
736 688 904 768 suspectus
926 683 980 747 vel
1002 681 1042 747 ob
1064 684 1164 747 animi
1189 679 1339 747 affectum
1370 683 1403 746 in
1432 681 1512 746 alte·

334 823 404 869 ram
428 811 555 890 partem
578 806 632 869 vel
656 805 697 872 ob
720 806 848 890 aliquod
872 808 1031 873 interesse
1053 807 1179 872 morale
1205 812 1262 872 aut
1290 805 1519 892 patrimoniale

332 931 394 996 sibi
419 930 572 997 derivans
599 932 639 999 ab
671 933 783 998 eadem
815 953 930 1010 causa;
962 934 1055 1000 unde
1084 935 1180 1020 fieret
1209 933 1317 999 tudem
1345 935 1383 997 in
1409 953 1518 999 causa

329 1053 488 1137 morea·

422 1181 502 1246 351.
527 1180 663 1256 Quando
686 1184 850 1249 excitatur
873 1183 1102 1250 controversia
1123 1203 1222 1269 super
1236 1183 1454 1267 competentia
1469 1183 1518 1244 in·

332 1309 388 1368 ter
419 1305 499 1372 duos
531 1306 652 1372 indices
683 1308 935 1383 ecclesiasticos;
970 1327 1087 1392 nempe
1117 1308 1247 1391 quinam
1275 1309 1361 1371 inter
1390 1325 1450 1371 eos
1475 1306 1517 1369 sit

332 1435 533 1517 competens,
557 1431 745 1499 decernitur
768 1433 992 1499 controversia
1014 1431 1054 1496 ab
1078 1452 1190 1497 eornm
1218 1431 1401 1497 immediato
1425 1451 1521 1516 snpe-

334 1557 424 1620 riore
449 1556 570 1622 iudice:
594 1557 637 1621 cf.
655 1576 753 1641 supra
768 1556 819 1622 De
842 1557 992 1638 arbitris,
1008 1577 1043 1622 a.
1059 1556 1113 1621 21.
1130 1555 1214 1622 Orta
1228 1575 1307 1620 vero
1328 1556 1519 1638 quaestione

332 1677 372 1742 de
392 1679 607 1764 competentia
623 1679 696 1750 lori,
715 1678 851 1744 iudicem
869 1678 1131 1744 Ecclesiasticum
1148 1679 1235 1743 inter
1248 1683 1282 1742 et
1295 1677 1427 1758 laicum,
1444 1697 1520 1742 sen-

332 1803 439 1870 tentia
461 1801 626 1870 definitiva
649 1803 755 1869 danda
769 1809 819 1869 est
833 1802 875 1869 ab
898 1805 1127 1874 ecclesiastico.
1145 1807 1253 1887 utpote
1269 1801 1519 1872 excellentiore,

331 1947 378 1992 ex
405 1945 480 2009 cup.
506 1927 537 2000 6,
563 1928 614 1995 De
636 1929 783 1996 roaioait.
807 1935 841 1995 et
862 1928 955 1996 obed.
979 1929 1015 1993 X
1034 1925 1074 2013 (Ι,
1098 1927 1155 2012 33)
1178 1932 1211 1992 et
1228 1927 1273 1991 12
1288 1926 1339 1992 De
1353 1931 1440 1992 sent.
1457 1946 1521 1992 enr-

331 2068 421 2116 com.
446 2050 484 2114 ia
507 2051 530 2114 6
552 2049 606 2136 (V,
633 2051 697 2136 ll).

423 2173 498 2239 352.
524 2174 568 2238 At
590 2175 761 2259 aliquando
786 2177 919 2242 evenire
942 2180 1047 2262 potest
1069 2180 1104 2240 ut
1126 2174 1223 2240 iudici
1246 2193 1310 2239 non
1333 2173 1441 2238 solum
1461 2172 1520 2237 de-

331 2298 373 2363 sit
396 2300 610 2384 competentia
634 2321 690 2365 sen
714 2305 856 2387 potestas
871 2300 1099 2366 iurisdictionis
1112 2299 1215 2384 quoad
1231 2306 1339 2367 certas
1355 2317 1474 2365 causas
1485 2303 1520 2361 et

333 2441 499 2506 personae,
524 2423 580 2487 sed
604 2424 707 2489 omnis
731 2425 759 2488 ei
783 2423 864 2489 desit
889 2424 1103 2509 competentia
1129 2421 1170 2486 ob
1202 2421 1362 2488 deiectum
1387 2423 1519 2488 iurisdi-

333 2545 460 2626 ctionis,
486 2546 531 2612 ita
561 2553 596 2611 ut
623 2546 798 2612 nullimode
828 2546 927 2611 iudex
957 2546 1009 2627 sit,
1038 2546 1090 2611 vel
1120 2545 1301 2630 praelatus;
1338 2550 1456 2632 utputa
1489 2549 1518 2612 si

333 2669 408 2736 Vic.
434 2673 526 2754 Gen,
551 2674 742 2738 constitutus
764 2672 804 2737 ad
828 2678 953 2737 certum
978 2677 1113 2757 tempus,
1136 2672 1201 2737 hoe
1222 2671 1355 2758 dilapso,
1380 2673 1435 2738 vel
1460 2695 1519 2738 re-

332 2799 476 2868 vocatus.
503 2801 718 2880 prosequatur
745 2817 860 2862 causas
888 2796 1077 2869 decernere,
1101 2797 1168 2882 agit
1195 2816 1398 2881 quacumque
1422 2797 1521 2863 desti-

332 2924 423 2986 tutus
448 2921 679 2986 iurisdictione.
697 2921 779 2996 Quid
803 2923 883 2986 iuris
906 2921 946 2987 de
968 2920 1078 2987 taliter
1100 2920 1197 2996 actis;
1214 2940 1271 2986 seu
1287 2923 1459 3004 quaeritur
1474 2943 1518 2987 an

332 3044 418 3109 haec
441 3043 679 3109 sustineantur?

426 3170 628 3237 Viderentur
651 3171 797 3236 absolute
820 3192 884 3237 non
908 3171 1030 3244 valere.
1055 3173 1129 3256 quia
1151 3177 1229 3237 lunc
1255 3173 1346 3238 deest
1369 3175 1444 3260 ipsa
1467 3176 1520 3239 iu-

331 3289 412 3355 dicis
443 3291 581 3374 qualitas
612 3299 644 3358 et
674 3293 793 3376 privati
824 3295 912 3358 cives
943 3295 1119 3357 sententias
1149 3293 1240 3359 ferre
1271 3314 1336 3358 non
1367 3301 1517 3379 possunt,

331 3414 477 3498 partibus
501 3435 625 3498 quoque
650 3415 932 3491 consentientibus,
958 3436 1031 3482 nam
1056 3435 1099 3482 ex
1122 3419 1143 3482 l.
1164 3415 1388 3485 Petatomm
1407 3420 1443 3486 0.
1460 3419 1520 3486 Dc

331 3538 454 3603 iurisrl.
479 3559 569 3605 oron.
595 3540 663 3605 iud.
692 3542 925 3626 «privatorum
958 3561 1134 3608 consensus
1168 3543 1303 3608 iudicem
1335 3565 1402 3608 non
1434 3545 1521 3610 iacit

329 3684 404 3729 enm
430 3665 483 3747 qni
514 3665 593 3729 nulli
626 3673 755 3750 praeest
786 3667 998 3733 iurisdictioni
1024 3689 1054 3731 ».
1084 3669 1126 3732 Et
1155 3688 1233 3733 sane
1264 3670 1310 3733 ita
1333 3676 1429 3743 esset,
1451 3671 1517 3734 nisi

329 3789 419 3855 alind
443 3793 607 3857 statuisset
632 3793 680 3858 ius
703 3794 884 3878 positivum.
910 3795 988 3860 Cum
1012 3796 1124 3880 primis
1149 3797 1198 3860 ius
1221 3817 1301 3859 rom.
1322 3795 1387 3861 hoc
1411 3796 1518 3862 edixit

330 3913 509 3978 incelebri
535 3915 555 3979 l.
581 3915 826 4000 Borbcriusff.
854 3916 902 3982 De
925 3918 980 4000 off.
1000 3923 1132 4000 pract.;
1159 3922 1192 3982 et
1221 3922 1334 4003 postea
1365 3920 1416 3983 ins
1439 3938 1514 3983 can.

330 4037 366 4102 iu
391 4058 467 4103 cun.
493 4038 641 4121 infamis
659 4059 811 4122 persona
835 4040 869 4122 3,
894 4061 926 4126 q.
952 4042 983 4106 7.
1010 4047 1043 4108 et
1066 4061 1141 4125 cap.
1158 4042 1217 4106 24.
1241 4041 1292 4107 De
1310 4049 1391 4108 seat.
1418 4047 1452 4108 et
1473 4062 1517 4107 re

330 4163 403 4228 iud.
428 4163 464 4228 X
483 4161 539 4246 (ΙΙ,
565 4161 638 4248 27);
663 4169 695 4228 et
717 4167 892 4251 praecipue
916 4167 978 4231 hoc
998 4167 1134 4233 obtinuit
1149 4189 1191 4232 ex
1206 4170 1303 4254 praxi
1318 4174 1351 4233 et
1366 4167 1511 4232 unanimi

333 4287 401 4351 llll.
428 4285 562 4352 calculo.
590 4287 627 4350 ln
652 4287 723 4373 leqe
748 4289 938 4355 Hortarius
960 4289 1116 4376 agebatur
1131 4289 1171 4355 de
1191 4290 1327 4374 quodam
1352 4289 1515 4355 Barbario

331 4407 495 4492 Philippo,
522 4428 616 4473 servo
641 4409 785 4494 fugitivo,
817 4430 855 4475 ac
886 4410 1021 4495 proinde
1051 4411 1178 4496 publico
1205 4412 1333 4477 muneri
1363 4409 1515 4476 obeundo

1624 4862 1640 5084 l
