3350 5117
558 356 602 402 nn
628 356 765 403 ruurcns
789 352 1055 404 sccansmsrrcrs
1332 340 1394 403 441

215 479 414 544 berationem
438 500 535 564 super
559 479 669 544 iisdem
686 478 838 545 iudicium
855 479 1068 550 instaurandi,
1081 479 1120 543 ad
1145 480 1316 545 ineundam
1331 482 1398 546 litis

214 605 491 668 contestationem.
509 638 551 651 -
568 603 683 669 Obiter
698 605 859 669 innuimus
877 604 965 668 hanc
980 603 1170 668 industriam
1187 604 1399 689 simpliciores

216 726 371 791 reddendi
395 726 468 791 lites
484 728 517 790 in
534 726 605 791 soro
621 726 700 793 eccl.
719 746 835 812 magno
863 746 936 791 cum
957 727 1171 791 emolumento
1186 726 1397 810 frequentari,

216 856 259 929 et,
284 856 360 914 nata
383 850 563 920 occasione,
588 868 717 934 semper
734 849 892 914 inculcari
925 851 958 912 in
982 847 1180 915 documentis
1205 848 1397 925 Pontificiis;

217 983 249 1043 et
280 977 320 1044 de
343 978 407 1042 1100
432 974 549 1042 redibit
571 996 687 1039 sermo.
715 976 807 1040 Nunc
834 996 894 1059 pro
923 980 1035 1039 nostro
1066 996 1162 1060 scopo
1189 976 1397 1048 advertimus.

217 1102 307 1166 litem
333 1106 440 1187 partes
464 1121 528 1165 non
552 1103 727 1165 contestari
745 1119 803 1187 per
826 1102 1052 1186 responsiones
1067 1102 1274 1186 positionibus
1297 1102 1397 1177 datas,

216 1226 321 1291 donec
344 1223 544 1310 significetur
568 1225 704 1291 animus
727 1224 884 1311 litigandi.

308 1350 383 1415 419.
413 1350 491 1414 Litis
522 1350 711 1417 contestatio
742 1349 962 1413 tantummodo
989 1350 1028 1413 de
1052 1350 1128 1414 inre
1154 1351 1299 1433 positivo
1323 1369 1397 1415 cna.

219 1476 403 1539 necessaria
431 1480 480 1539 est
510 1476 542 1537 in
567 1494 720 1558 processu
745 1474 944 1540 ordinario:
978 1474 1106 1538 nonde
1136 1475 1212 1540 iure
1242 1479 1398 1539 naturae.

219 1598 342 1663 Natura
366 1600 450 1663 enim
476 1596 581 1661 iudicii
607 1597 790 1683 expostulat
806 1604 841 1664 ut
855 1598 1021 1681 litigantes
1036 1600 1068 1661 in
1093 1597 1332 1683 probationibus
1355 1597 1399 1661 af·

218 1721 362 1789 terendis
385 1722 486 1807 probe
509 1722 573 1787 litis
596 1720 754 1788 obiectum
772 1730 979 1807 cognoscant.
999 1730 1186 1787 nouantem
1212 1724 1347 1805 requirit
1366 1728 1400 1787 ut

220 1843 419 1918 conficiatur,
437 1848 527 1911 initio
544 1846 661 1921 iudicii,
679 1854 768 1912 actus
786 1846 938 1911 solemnis
954 1846 994 1909 ad
1015 1846 1094 1911 illud
1111 1845 1398 1911 determinandum.

220 1970 380 2055 Siquidem
398 1977 511 2057 suapte
534 1977 650 2036 natura
666 1972 902 2039 determinatur
917 1972 981 2038 litis
998 1972 1158 2036 obiectum
1176 1974 1208 2035 in
1225 1991 1400 2057 progressu

220 2098 434 2161 contentionis
458 2097 625 2179 iudicialis,
647 2120 719 2163 cum
744 2106 882 2183 uterque
904 2100 1035 2184 litigans
1059 2098 1169 2163 sedulo
1193 2097 1336 2162 intendat
1359 2097 1400 2162 ad

219 2221 301 2287 bene
325 2222 601 2287 determinandam
627 2244 694 2288 rem
720 2230 984 2299 controversam;
1001 2225 1057 2288 sed
1077 2224 1262 2289 solemnitas
1278 2222 1399 2286 decreti

219 2343 331 2409 iudicis
356 2344 418 2409 boc
444 2346 605 2429 negotium
630 2344 735 2410 reddit
759 2345 942 2430 expeditius
966 2352 998 2409 et
1014 2343 1184 2409 efficacius.
1202 2344 1326 2409 Verum
1351 2346 1401 2408 ins
1437 2338 1444 2349 '

219 2482 290 2527 can.
316 2484 382 2528 non
406 2466 507 2549 exigit
530 2466 594 2529 litis
626 2468 892 2531 contestationem
924 2468 956 2529 in
982 2465 1105 2529 iudiciis
1128 2466 1341 2537 suntmma'is,
1366 2470 1401 2528 ut

218 2584 405 2657 videbimus,
424 2594 455 2651 et
479 2588 511 2651 in
536 2589 641 2653 causis
664 2588 924 2669 appellationis:
948 2588 989 2654 cf.
1006 2585 1206 2673 Schmalzgr.
1232 2588 1261 2651 b.
1281 2587 1398 2651 1114.

309 2712 386 2776 420.
411 2714 482 2777 llos
506 2713 657 2779 solemnis
681 2715 924 2778 contestationis
941 2714 1006 2778 litis
1021 2714 1180 2779 derivavit
1203 2716 1235 2777 in
1260 2716 1399 2777 tuscan.

219 2854 262 2899 ex
285 2836 366 2931 iure
380 2834 535 2909 Romano,
556 2840 589 2902 in
614 2858 676 2922 quo
700 2858 760 2903 nec
788 2856 916 2922 semper
940 2839 1084 2902 eamdem
1105 2837 1217 2901 habuit
1240 2843 1399 2900 naturam.

220 2964 405 3048 Antiquitus
430 2970 496 3030 tum
521 2966 553 3028 in
578 2970 752 3049 systemate
776 2965 950 3031 notionum
975 2967 1057 3051 lepis
1079 2972 1144 3029 tum
1171 2966 1203 3028 in
1227 2970 1401 3051 systemate

219 3085 455 3167 formularum
481 3085 736 3173 distinguebatur
759 3087 943 3171 procedure
965 3088 1002 3153 in
1025 3090 1100 3152 inre
1122 3108 1142 3151 a
1165 3086 1347 3172 procedura
1364 3087 1402 3150 in

219 3207 356 3273 iudicio.
383 3208 425 3272 la
449 3207 526 3271 iure
540 3205 580 3271 lis
596 3206 862 3274 introducebatur
879 3227 988 3272 coram
1008 3208 1211 3293 mapistrntu
1226 3206 1400 3276 ordinario,

220 3333 274 3415 qui
298 3334 476 3417 appositam
500 3332 680 3397 instruebat
696 3335 857 3398 actionem
883 3333 1079 3398 iudicialem:
1098 3335 1136 3398 in
1151 3334 1276 3400 iudicio
1292 3339 1402 3419 postea

220 3476 279 3541 per
294 3462 393 3523 testes
410 3462 442 3521 et
459 3457 524 3521 alia
540 3458 738 3542 probationis
762 3458 868 3522 media
882 3460 1085 3542 quaestiones
1098 3459 1182 3542 sacti
1197 3458 1403 3545 agitabantur

220 3596 330 3641 coram
354 3578 466 3642 iudice
489 3598 509 3641 a
532 3578 722 3663 magistratu
740 3577 844 3642 electo
861 3584 893 3642 et
904 3572 956 3642 'lis
978 3598 1038 3663 per
1061 3582 1251 3646 senteutiam
1275 3576 1403 3642 definie-

220 3696 325 3763 batur.
342 3734 387 3745 -
403 3698 482 3763 Litis
505 3700 695 3764 contestatio
712 3696 808 3765 fiebat
833 3702 871 3763 in
894 3700 978 3771 iure,
995 3700 1058 3763 imo
1074 3700 1156 3765 baec
1179 3702 1314 3785 primam
1337 3700 1402 3765 litis

220 3819 386 3904 periodum
403 3819 599 3895 absolvebat,
618 3822 797 3885 consistens
813 3820 849 3884 io
868 3820 1081 3906 productione
1093 3825 1231 3896 testium,
1245 3824 1299 3905 qui
1315 3842 1405 3907 prae-

218 4035 337 4101 putoria,
353 4032 453 4103 quibus
478 4032 680 4086 determinatur
697 4033 726 4085 111
755 4048 810 4103 quo
839 4034 1016 4100 conveniant,
1041 4034 1146 4103 inquo
1174 4034 1329 4103 discrepent
1348 4033 1404 4088 liti·

220 4146 329 4209 gantes,
348 4142 420 4195 unde
439 4141 501 4195 fluit
527 4142 582 4194 litis
607 4144 752 4196 obiectum.
773 4168 807 4181 -
828 4142 1047 4209 Interrogatoria
1071 4142 1158 4195 etiam
1183 4142 1211 4194 in
1236 4158 1311 4194 caus.
1335 4148 1402 4196 mat.

219 4246 346 4299 facienda
370 4264 442 4318 quae
461 4246 547 4301 tradit
565 4248 714 4315 obsignata
734 4249 797 4318 Das.
818 4258 883 4301 mat.
898 4266 935 4301 ex
954 4250 1009 4318 effi,
1023 4246 1189 4315 respondent
1207 4247 1405 4317 positionibus:

220 4352 254 4405 cf.
272 4350 336 4407 lust.
357 4353 383 4406 S.
403 4353 432 4406 C.
453 4353 558 4407 Concil.
572 4355 666 4409 Monet
681 4353 780 4407 Glossa
795 4382 808 4395 ·
825 4354 903 4421 1840,
916 4384 930 4395 -
944 4359 973 4408 et
986 4354 1014 4407 iu
1032 4352 1091 4407 end.
1106 4354 1152 4407 cit.
1166 4353 1257 4423 Greg„
1271 4354 1365 4409 Sestio
1379 4354 1404 4407 V

219 4460 382 4513 inscribitur
399 4461 466 4516 «De
485 4462 668 4531 positionibus
687 4467 736 4517 aut
754 4463 980 4532 interrogatoriis
1000 4462 1213 4517 iudicialibus».
