3350 5117
523 344 568 389 nn
593 342 733 391 runicus
760 342 1025 393 aconasmsrrcrs
1292 325 1358 391 427

189 464 222 529 X
239 464 298 549 (ΙΙ.
317 464 381 549 19),
398 466 430 530 in
448 465 544 533 Clem.
563 486 636 550 cup.
649 467 685 540 2,
702 466 753 533 De
774 472 857 535 sent.
874 473 905 533 et
918 487 958 534 re
972 468 1042 533 tud.
1056 467 1113 553 (Il,
1128 467 1182 552 11)
1197 473 1229 532 et
1243 468 1361 553 passim

184 588 217 651 in
240 588 323 653 aliis.
354 588 448 654 Ratio
472 589 649 675 repetenda
671 594 721 655 est
743 590 783 654 ab
806 590 944 655 historia
967 590 1103 655 instituti
1126 590 1298 657 citationis.

277 712 407 777 Revera
430 711 548 798 duplici
572 712 723 778 methodo
746 716 851 797 potest
865 711 1026 778 introduci
1041 712 1091 777 lis.
1115 712 1180 777 Vel
1199 714 1267 796 ipse
1282 713 1362 777 civis

185 837 299 903 voleus
314 838 403 905 litem
427 840 619 911 instaurare,
637 838 735 905 alium
752 841 855 903 civem
880 844 975 903 vocat
989 858 1100 904 coram
1115 836 1220 903 iudice
1234 836 1276 901 ad
1289 856 1362 902 cau·

186 977 254 1022 sam
278 959 472 1045 agitandam,
490 960 697 1044 quamobrem
720 960 886 1045 negotium
913 960 1154 1025 convocationis
1176 958 1229 1024 rei
1251 976 1361 1023 coram

186 1084 290 1150 iudice
321 1086 497 1151 remittitur
528 1087 686 1152 voluntati
718 1092 751 1151 et
780 1086 992 1153 sollicitudini
1022 1087 1156 1154 actores.
1187 1085 1252 1151 Vel
1282 1086 1362 1150 civis

184 1210 309 1277 directe
339 1211 405 1277 adit
428 1214 575 1296 iudicem,
592 1216 645 1297 qui
669 1215 781 1280 habita
804 1215 968 1300 petitionis
997 1216 1127 1287 notitia.
1156 1220 1189 1280 et
1214 1218 1363 1299 suscepta

185 1336 304 1420 negotii
329 1334 458 1421 litigiosi
484 1338 677 1422 cognitione,
694 1337 888 1403 auctoritate
911 1357 969 1401 sua
992 1357 1083 1402 reum
1108 1345 1202 1405 vocat
1230 1337 1271 1402 ad
1301 1357 1359 1401 re-

182 1457 402 1544 spondendum
419 1461 531 1526 actori.

275 1585 371 1671 Apud
403 1588 566 1653 Romanos
589 1589 661 1653 iure
682 1588 727 1652 12
756 1587 967 1653 Tabularum
986 1570 1088 1672 viguit
1106 1588 1194 1673 prius
1209 1592 1361 1674 systema,

189 1710 230 1775 de
263 1730 326 1794 quo
349 1712 394 1775 ait
421 1712 506 1777 Aull.
532 1712 614 1779 Geli.
641 1710 749 1797 (Xlll,
770 1712 839 1798 lat:
868 1731 921 1776 «a
937 1710 1074 1793 priuato
1104 1710 1141 1777 in
1169 1711 1223 1777 ius
1245 1713 1363 1778 uocari

185 1837 234 1897 est
254 1838 405 1915 potestus
422 1853 452 1897 ›.
478 1833 510 1899 Si
541 1836 573 1897 in
599 1834 647 1898 ius
670 1838 802 1907 vocatus
829 1832 958 1898 nolebat
984 1834 1073 1916 sequi
1101 1834 1133 1896 in
1160 1835 1210 1897 ius
1236 1852 1360 1897 vocan-

183 1959 376 2037 tumetium
402 1978 420 2021 a
439 1958 567 2026 obtorto
591 1960 675 2027 cotto
698 1979 729 2032 a.
755 1966 790 2025 ut
812 1959 987 2043 loquuntur
1009 1959 1055 2023 12
1083 1957 1212 2030 Tabai„
1235 1963 1363 2043 poterat

180 2082 254 2167 cogi
278 2080 335 2169 (1).
360 2082 501 2169 Vigente
517 2085 666 2169 Imperio,
684 2083 767 2169 apud
789 2086 951 2149 Romanos
973 2084 1111 2148 alterum
1135 2089 1277 2169 systema
1292 2104 1361 2147 mo-

186 2204 280 2271 ribus
303 2210 473 2292 exceptum
498 2208 615 2290 iuerat,
633 2210 694 2273 iam
711 2209 751 2274 ab
767 2214 873 2273 aetate
888 2208 1025 2293 Ulpiani,
1049 2207 1196 2291 idemque
1219 2209 1290 2272 iure
1313 2208 1362 2271 lu·

185 2330 345 2395 stinianeo
362 2329 586 2397 confirmatum
603 2332 671 2403 luit,
690 2332 772 2416 quod
789 2331 967 2397 absolutam
982 2330 1094 2395 habuit
1116 2331 1362 2415 applicationem

188 2454 261 2541 iure
285 2454 510 2519 Decretalium.
537 2455 620 2529 Quia
646 2455 709 2519 hoo
733 2459 907 2540 systemate
931 2454 1028 2519 iudex
1055 2474 1097 2518 ex
1123 2452 1232 2518 libello
1256 2452 1362 2517 oblato

190 2582 224 2641 et
246 2584 393 2663 suscepto
414 2598 494 2643 onus
517 2577 615 2643 habet
639 2579 774 2643 uocandi
798 2598 889 2643 reum
913 2584 946 2643 et
969 2579 1115 2663 cogendi,
1132 2583 1168 2644 ut
1183 2579 1361 2664 legitimum

188 2702 303 2768 subeat
325 2702 475 2769 iudicium
499 2704 590 2769 iuxta
612 2705 796 2789 petitionem
819 2704 953 2780 actoris;
978 2704 1054 2768 hinc
1077 2705 1186 2769 citatio
1209 2702 1245 2767 fit
1267 2709 1359 2767 actus

187 2826 391 2891 auctoritatis
414 2827 579 2899 iudicialis.
598 2827 739 2893 edendus
753 2826 792 2891 ab
808 2829 877 2913 ipso
902 2826 1006 2892 iudice
1029 2848 1101 2892 cum
1125 2826 1271 2892 omnibus
1286 2847 1359 2892 cau·

188 2952 272 3031 telis,
290 2957 322 3017 et
338 2972 376 3017 eo
393 2953 536 3033 consilio,
554 2957 588 3017 ut
604 2972 680 3017 rcus
703 2952 821 3017 habeat
844 2954 990 3019 notitiam
1014 2952 1174 3038 petitionis
1197 2953 1291 3036 eique
1313 2972 1364 3017 co·

187 3096 258 3141 ram
284 3077 388 3144 iudice
412 3078 612 3164 respondeat.
640 3079 821 3163 Progressu
848 3080 1019 3164 temporis,
1051 3098 1111 3163 ope
1141 3077 1362 3162 iurispruden—

186 3202 251 3264 tiae
266 3205 300 3265 et
315 3220 390 3265 usus
415 3200 562 3282 sorensis,
580 3204 685 3286 coepit
707 3202 915 3267 determinari
938 3201 1051 3266 modus
1073 3205 1182 3266 certus
1205 3219 1268 3285 quo
1290 3197 1363 3263 fieri

189 3324 306 3391 debeat
321 3326 440 3409 citatio,
458 3332 490 3391 et
512 3327 583 3392 fuse
607 3328 787 3413 explicatur
809 3348 829 3391 a
852 3329 1028 3394 Comment.
1044 3327 1260 3391 Decretalium
1283 3331 1357 3390 eta

190 3452 415 3538 Pragmaticis.
441 3444 489 3518 Cf.
514 3450 595 3518 Inst.
612 3450 646 3516 S.
669 3450 701 3516 0.
717 3453 787 3518 EE.
803 3458 834 3517 ct
849 3451 922 3517 BR.
947 3452 984 3515 11
1006 3451 1093 3517 iunii
1114 3450 1216 3532 1880,
1233 3455 1297 3515 ort.
1321 3450 1363 3514 14

190 3594 260 3662 req.
273 3612 317 3625 -
330 3576 465 3643 Codices
480 3576 638 3649 hodierni,
652 3578 834 3642 insistentes
850 3577 993 3661 vestigiis
1017 3575 1086 3641 cod.
1104 3574 1228 3644 Gallici,
1246 3576 1362 3660 passim

184 3708 364 3788 sequuntur
387 3704 547 3789 antiquius
561 3708 703 3789 systema
725 3722 904 3775 romanum,
922 3702 1110 3786 interposita
1132 3707 1241 3767 tamen
1257 3701 1363 3765 cuius-

182 3828 256 3893 dam
280 3826 426 3914 publicae
449 3846 607 3912 personae
630 3828 823 3892 auctoritate
839 3824 965 3908 (italice
980 3825 1119 3900 meiere,
1137 3825 1261 3891 Gallice
1277 3824 1364 3890 huis·

278 4037 318 4109 (l)
338 4036 377 4093 Cf.
393 4038 481 4093 Cicer.
496 4038 537 4091 De
553 4038 661 4108 lepidus
674 4036 714 4100 ΙΙ,
725 4038 782 4102 23,·
792 4036 955 4098 Quintilian.
969 4035 1035 4089 Inst.
1050 4034 1089 4099 II,
1108 4035 1137 4087 4.
1157 4064 1190 4076 -
1204 4035 1234 4088 ln
1248 4035 1364 4105 digestis

183 4137 271 4193 huius
290 4142 452 4211 systematis
469 4142 589 4212 vestigia
602 4141 748 4209 habentur,
762 4140 809 4195 lib.
824 4140 856 4205 ll,
869 4140 912 4193 tit.
931 4140 962 4193 5:
982 4157 998 4190 a
1012 4140 1043 4192 St
1059 4140 1090 4190 in
1114 4139 1158 4190 ius
1176 4147 1289 4191 uocatus
1307 4154 1363 4190 raon

184 4244 285 4313 terit»,
299 4251 328 4299 et
340 4246 371 4299 7:
385 4263 401 4298 ‹
415 4246 461 4302 Na
479 4249 539 4318 puis
560 4264 623 4301 eam
641 4251 688 4318 qui
706 4248 735 4299 in
751 4248 796 4300 ius
814 4247 958 4301 vocaoour
976 4246 1004 4296 ui
1022 4247 1166 4297 eximat».
1189 4242 1293 4296 Verum
1306 4243 1363 4296 iam

182 4356 279 4407 aetate
299 4350 415 4422 Ulpiani
434 4360 463 4409 at
482 4354 562 4408 Pauli
575 4354 653 4408 illum
666 4354 820 4408 obtinuisse
839 4368 953 4419 morem,
966 4355 998 4404 ut
1010 4350 1161 4405 nemosine
1180 4349 1364 4418 magistratus

183 4464 356 4518 auctoritate
367 4463 395 4517 in
406 4464 449 4517 ius
457 4468 611 4529 vocaretur,
621 4462 741 4516 ostendit
751 4462 892 4528 Douellus,
901 4462 943 4515 De
953 4464 1007 4515 iar.
1019 4462 1068 4515 ciu.
1081 4461 1127 4514 liu.
1138 4462 1188 4524 23,
1199 4460 1322 4530 cup.2‚§
1335 4460 1363 4514 6.
