3350 5117
346 305 413 371 418
875 322 959 369 rans
983 323 1005 367 1.

344 451 473 515 cinunta
498 448 666 535 industria¹
682 448 800 533 privati
825 447 969 513 doctoris
984 448 1089 533 legem
1113 466 1176 510 non
1202 447 1352 512 condunt.
1370 482 1413 495 -
1429 448 1521 511 Ratio

344 592 423 638 vero
451 572 492 637 ob
519 592 613 657 quam
645 570 726 635 haec
754 569 909 636 adiicitur
932 572 1092 657 exceptio,
1112 577 1170 652 est,
1194 572 1269 655 quia
1292 572 1326 635 in
1350 571 1522 636 summario

343 698 460 764 iudicio
484 720 548 764 non
571 700 765 767 adhibentur
788 701 864 765 illae
892 698 1113 764 solemnitates
1140 702 1174 763 et
1199 697 1357 771 cautelae,
1381 716 1464 779 quae
1490 695 1523 761 in

343 823 490 907 plenario
507 844 563 889 seu
580 824 707 889 formali
733 823 850 889 iudicio
870 821 1047 892 adhibitae.
1064 822 1189 886 erroris
1204 825 1238 886 et
1253 820 1376 885 fraudis
1398 818 1526 883 facilem

299 1010 302 1015 .
344 949 557 1033 suspicionem
580 947 752 1033 repellunt.
777 984 821 997 -
849 946 912 1013 Sed
939 946 1022 1011 haec
1046 948 1128 1011 ratio
1152 951 1202 1011 est
1229 945 1324 1010 nimis
1345 943 1526 1031 generalis;

343 1090 418 1134 nam
434 1072 530 1134 etiam
543 1072 576 1135 iu
593 1070 705 1136 eodem
720 1070 848 1152 iudici0,
862 1072 923 1135 etsi
940 1069 1069 1134 formali
1082 1070 1147 1136 ritu
1164 1070 1294 1155 agitato,
1304 1072 1409 1154 potest
1421 1068 1528 1153 excipi

345 1204 459 1263 contra
473 1190 573 1265 testes
597 1204 628 1263 et
651 1200 875 1263 attestationes
900 1203 998 1263 antea
1021 1202 1177 1281 receptas,
1195 1196 1242 1261 uti
1264 1216 1322 1261 suo
1343 1195 1417 1260 loco
1434 1193 1524 1259 vide·

343 1318 456 1385 bimus
475 1320 583 1395 Quare
607 1322 711 1406 potius
735 1323 830 1387 statui
853 1320 949 1385 debet
965 1321 1028 1386 hoc
1044 1320 1248 1405 principium;
1268 1321 1431 1392 nimirum,
1448 1323 1527 1384 acta

342 1461 466 1508 causae
488 1444 602 1509 vetere
626 1444 715 1509 inter
737 1444 880 1510 easdem
901 1462 1072 1527 pesonae
1093 1444 1131 1509 in
1153 1444 1225 1509 alia
1239 1444 1427 1526 instantia3
1444 1462 1526 1527 quae

342 1574 460 1643 tamen,
485 1571 570 1635 omni
594 1569 718 1635 fraudis
749 1575 876 1635 remoto
906 1570 1052 1655 periculo
1083 1575 1116 1636 et
1142 1569 1255 1635 iudicis
1285 1571 1527 1635 interueniente

344 1714 518 1776 consensu,
543 1696 725 1781 impugnari
749 1700 892 1780 possunt,
918 1697 945 1760 si
971 1696 1134 1781 legitimae
1157 1700 1292 1760 exortae
1319 1697 1384 1761 sint
1407 1712 1527 1761 causae

345 1819 526 1904 excipiendi
557 1826 670 1885 contra
693 1826 789 1886 antea
817 1826 920 1907 gesta,
949 1823 1017 1886 sive
1046 1824 1171 1886 ratione
1197 1822 1353 1886 materiae
1375 1822 1449 1886 sire
1473 1841 1527 1886 ra·

343 1941 432 2004 tione
455 1960 667 2025 personarum
691 1943 759 2007 sive
784 1942 913 2007 ratione
937 1942 1033 2007 modi.

656 2230 677 2307 5
703 2228 732 2291 l.
758 2226 810 2292 De
834 2225 967 2292 actibus
988 2216 1205 2293 iudicialibus

444 2354 568 2435 saepto
593 2354 643 2417 vel
667 2358 824 2419 oretenus
847 2354 900 2417 oet
932 2352 1039 2418 nemo
1062 2357 1242 2437 systemate
1264 2350 1427 2431 confectis

543 2483 574 2543 et
597 2478 639 2543 de
662 2478 846 2543 audientiis
870 2478 922 2543 oet
946 2478 1082 2549 secretis
1105 2479 1156 2542 oet
1175 2476 1331 2559 publicis.

342 2683 558 2741 summarium.
568 2686 674 2747 -391,
694 2685 771 2746 Quod
790 2687 885 2739 omnia
910 2687 980 2739 liant
997 2686 1027 2738 in
1046 2685 1272 2749 contradictorio,
1285 2638 1409 2754 pertindt
1421 2683 1460 2737 ad
1473 2684 1528 2737 sor·

433 2808 505 2843 mam
525 2792 706 2847 intrinsecam
719 2808 870 2861 processus.
881 2820 920 2831 -
934 2791 996 2845 392.
1010 2790 1052 2844 Ad
1064 2792 1183 2843 formam
1202 2791 1391 2844 extrinsecam
1403 2790 1529 2859 pertinet

433 2897 529 2951 modus
548 2898 711 2967 procedendi
730 2902 779 2951 aut
792 2901 860 2951 vina
876 2914 943 2952 noce
956 2901 1077 2962 tantum,
1089 2900 1138 2950 erit
1151 2899 1262 2949 tantum
1274 2895 1445 2965 perscripta
1458 2898 1528 2958 acta

434 3008 484 3058 aut
501 3004 589 3058 mixto
602 3010 763 3077 systemate.
779 3034 813 3045 -
829 3004 891 3057 393.
907 3006 952 3058 lus
965 3021 1025 3057 can.
1039 3002 1092 3058 hoc
1104 3004 1223 3057 mixtum
1236 3007 1360 3074 systema
1373 3001 1528 3071 adoptavit

434 3140 468 3153 -
486 3110 548 3165 394.
568 3112 667 3165 Atius
686 3128 745 3165 oan.
766 3128 865 3166 comm.
888 3128 943 3165 non
962 3110 1088 3163 admittit
1106 3110 1210 3163 iudicia
1228 3108 1349 3179 publica.

435 3311 510 3375 391.
535 3311 655 3375 Forma
678 3311 864 3376 intrinseca
889 3330 947 3375 seu
970 3304 1155 3375 necessarie
1174 3326 1345 3393 processus
1368 3306 1530 3373 iudicialis

345 3436 394 3497 est
417 3438 452 3499 ut
468 3454 506 3497 ea
523 3433 714 3499 iudicialiter
730 3440 933 3499 censeantur
949 3434 1044 3507 facta,
1062 3452 1143 3517 quae
1167 3431 1308 3496 obnoxia
1322 3435 1400 3495 sunt
1417 3429 1531 3497 iudicis

344 3561 537 3632 auctoritati,
562 3566 595 3625 et
614 3560 750 3625 ‘alterius
775 3560 878 3645 partis
904 3558 1167 3633 contradictioni;
1186 3563 1219 3621 et
1241 3556 1304 3621 hoc
1327 3557 1391 3620 iam
1423 3556 1528 3643 expli·

349 3684 502 3747 cavimus.

434 3806 510 3873 392.
536 3807 654 3872 Forma
684 3807 879 3873 extrinseca
914 3807 1087 3892 praecipue
1111 3805 1257 3870 consistit
1286 3806 1320 3869 in
1342 3803 1439 3868 modo
1468 3820 1531 3887 quo

346 3931 560 3999 conficiuntur
572 3940 644 3999 acta
657 3934 827 4000 iudicialis.
849 3934 962 4000 Potest
975 3933 1059 3997 enim
1077 3934 1239 3998 contentio
1252 3932 1410 3997 iudicialis
1423 3930 1531 3995 evolvi

346 4060 424 4124 viva
447 4080 534 4133 occe,
552 4059 632 4124 adeo
649 4064 684 4125 ut
707 4066 780 4125 ncta
797 4058 963 4126 iudicialis
979 4060 1011 4122 iu
1028 4060 1156 4143 scriptis
1173 4078 1237 4121 non
1253 4056 1453 4128 reserantur,
1471 4055 1529 4120 sed

347 4178 453 4251 iudex,
479 4179 594 4243 auditis
611 4180 754 4263 partibus
779 4198 958 4261 earumque
973 4177 1226 4263 allegationibus.
1244 4178 1437 4262 pronunciet
1454 4197 1532 4242 sen·

346 4305 489 4385 tentiam,
504 4303 543 4368 de
567 4324 630 4389 qua
652 4310 763 4389 postea
779 4323 844 4367 non
871 4308 1007 4385 constet,
1020 4304 1081 4367 nisi
1104 4323 1163 4387 per
1186 4304 1397 4368 assertionem
1413 4302 1531 4369 iudicis

346 4431 401 4491 aut
425 4448 484 4513 per
507 4428 636 4493 testium
660 4427 905 4512 depositionem.
