3350 5117
538 299 582 346 on
609 296 751 347 runicus
775 297 1042 347 accusarasrrcrs
1314 276 1382 343 563

291 422 326 509 2)
349 424 515 504 lamrero,
543 422 601 489 lite
631 422 772 489 nondum
796 426 987 504 contestata,
1012 422 1045 487 in
1070 440 1160 486 reum
1183 418 1384 507 proceditur,

197 544 411 613 concedendo
437 547 540 611 actori
567 566 610 611 ex
634 545 751 629 primo
776 544 910 610 decreto
934 543 1110 610 custodiam
1134 544 1183 609 rei
1209 543 1386 629 litigiosam

198 689 246 735 ex
268 669 416 738 secando
439 668 573 734 decreto
599 670 700 753 ipsam
724 669 774 733 rei
801 668 1036 752 possessionem
1060 666 1188 733 civilem
1212 670 1320 753 aptam
1343 664 1385 731 ad

202 794 375 860 interdicta
405 800 438 859 et
467 793 508 858 ad
538 792 844 878 praescriptionem,
876 792 982 877 prouti
1013 790 1160 857 decernit
1189 791 1307 858 titulus
1330 790 1384 873 15,

198 915 259 983 td).
272 916 321 999 ll,
338 918 388 983 Dc
403 936 442 983 eo
458 916 518 1002 qui
528 915 673 982 mittitur
683 916 721 981 in
733 915 983 999 possessionem
995 934 1101 981 causa
1116 892 1168 981 rei
1181 914 1384 981 amandae.

202 1041 367 1128 Siquidem
390 1042 498 1124 index,
515 1042 681 1108 declarata
696 1040 737 1107 ad
761 1043 948 1107 instantiam
968 1042 1087 1107 actoris
1104 1040 1152 1105 rai
1172 1040 1384 1117 contumacia,

198 1168 358 1252 patmum
381 1168 497 1234 emittit
524 1166 690 1232 decretum
715 1167 919 1232 immissionis
943 1168 1063 1232 actoris
1086 1166 1120 1230 in
1143 1164 1237 1243 bona,
1261 1166 1308 1229 rei
1333 1186 1386 1233 cvr

200 1292 335 1359 stadiae
357 1310 472 1361 causa.
490 1309 532 1356 ex
548 1309 610 1374 quo
625 1295 719 1355 actor
742 1310 808 1355 non
830 1287 867 1356 tlt
889 1290 1007 1355 horum
1031 1289 1188 1355 bonorum
1212 1308 1275 1354 nac
1289 1308 1388 1355 verus

203 1436 369 1503 possessor
392 1417 497 1483 civilis
521 1436 583 1481 nec
603 1416 760 1490 dominus,
777 1414 833 1481 sed
851 1421 957 1481 custos
981 1420 1014 1482 et
1037 1417 1084 1479 rei
1109 1420 1141 1479 et
1160 1414 1324 1481 fructuum
1345 1434 1384 1481 ao

201 1541 351 1615 consilio,
375 1544 412 1606 ut
435 1561 511 1605 reus
534 1539 640 1605 taedio
670 1537 806 1605 affectus
829 1540 1010 1605 huiusmodi
1033 1540 1154 1606 tutelae
1178 1540 1210 1603 in
1235 1538 1386 1604 iudicium

201 1668 401 1751 compareat.

258 1800 261 1805 ’
294 1792 329 1873 3)
355 1791 400 1857 At
422 1790 455 1853 in
478 1788 658 1855 actionibus
681 1788 906 1874 personalibus
930 1808 995 1854 non
1018 1793 1124 1874 potest
1138 1785 1211 1852 fleri
1235 1787 1387 1853 immissio

202 1914 238 1977 in
261 1914 495 1999 possessionem
519 1914 567 1977 rei
591 1913 766 1999 litigiosae;
792 1914 867 1997 quia
889 1914 1025 1979 actionis
1048 1912 1229 1999 personalis
1252 1912 1387 1977 intentio

201 2041 264 2119 est,
288 2057 381 2103 reum
406 2036 526 2102 debere
549 2036 670 2129 aliquid
694 2038 790 2118 dare,
813 2038 940 2120 facere,
954 2042 1157 2121 praesturc,·
1173 2043 1205 2103 at
1219 2042 1298 2103 tunc
1315 2058 1388 2124 pro·

203 2162 333 2230 ceditur
356 2162 397 2228 ad
419 2164 649 2227 immissionem
681 2165 713 2227 in
737 2163 823 2228 bona
845 2162 951 2229 debito
974 2164 1228 2247 aequivalentia;
1260 2164 1287 2229 si
1311 2184 1387 2230 cen-

200 2304 303 2349 surae
325 2290 381 2350 aut
405 2285 487 2349 aliae
511 2303 635 2370 poenae
658 2305 723 2349 non
747 2286 887 2371 prosint:
912 2286 957 2350 ita
982 2286 1053 2350 lnn.
1070 2287 1120 2351 111
1145 2284 1231 2351 iubet
1255 2286 1288 2349 in
1312 2304 1387 2369 cap.

204 2378 299 2491 ultssg
316 2408 348 2483 8,
371 2408 411 2475 Ut
423 2409 479 2474 tite
490 2428 560 2475 noo
573 2414 772 2479 contestata.
790 2410 824 2473 X
843 2408 898 2493 (11,
916 2408 949 2494 6)
966 2410 1074 2475 aiens:
1095 2430 1113 2471 a
1129 2409 1163 2475 Si
1178 2414 1275 2475 antea
1291 2428 1389 2495 super

204 2536 366 2621 personali
390 2536 517 2600 actione
540 2536 762 2616 conveniatur,
782 2536 836 2601 vel
861 2534 1033 2603 mittendus
1065 2541 1113 2603 est
1140 2540 1232 2601 actor
1256 2536 1288 2601 in
1312 2555 1387 2621 pos·

202 2658 380 2721 sessionem
404 2655 568 2721 mobilium
591 2657 691 2742 ipsius
715 2654 790 2743 (rea)
806 2657 858 2721 vel
879 2657 1086 2723 immobilium
1102 2658 1129 2723 si
1145 2658 1231 2723 forte
1253 2655 1385 2722 mobilia

206 2798 271 2845 non
296 2778 423 2861 habeat,
448 2799 508 2864 pro
532 2778 625 2843 modo
648 2777 764 2854 debiti;
788 2778 842 2844 vel
866 2780 899 2843 in
916 2784 1137 2846 contumacem
1161 2784 1211 2845 est
1234 2778 1388 2844 ecclesia-

202 2907 288 2971 stica
308 2908 470 2971 sententia
494 2902 563 2989 (seu
586 2904 738 2990 censura)
762 2904 969 2989 proferenda,
994 2905 1039 2969 ita
1062 2904 1212 2970 videlicet
1235 2902 1319 2988 quod
1345 2904 1389 2969 al-

203 3028 332 3092 terutra
354 3045 468 3113 poena,
482 3045 563 3109 quae
586 3026 689 3111 magis
712 3026 819 3091 timeri
844 3024 970 3107 debeat,
994 3024 1092 3091 iudex
1123 3044 1143 3089 a
1166 3026 1324 3111 principio
1348 3027 1389 3091 sit

202 3156 394 3218 contentus:
418 3151 459 3216 ad
481 3145 618 3217 alt'eram
642 3152 850 3218 nihilominus
867 3171 1081 3236 processurus
1100 3153 1126 3217 si
1151 3152 1214 3217 hoc
1229 3152 1388 3217 meruerit

168 3264 175 3275 ⁴
205 3276 401 3359 protervitas
425 3276 625 3339 contumacis
639 3296 671 3339 ›.
1106 3280 1109 3287 ⁴

296 3400 329 3485 4)
354 3398 426 3463 Hoc
449 3400 656 3465 immissionis
679 3398 846 3463 decretum
875 3398 970 3464 durat
992 3396 1033 3463 ad
1055 3418 1186 3480 annum,
1210 3418 1273 3483 quo
1296 3399 1390 3464 inuti·

205 3522 282 3588 liter
304 3524 430 3609 elapso,
463 3522 561 3587 index
592 3520 723 3588 devenit
754 3522 793 3587 ad
826 3522 1015 3589 secundum
1046 3522 1213 3590 decretum
1243 3524 1390 3588 severius

199 3648 327 3732 primo.
353 3650 433 3714 Nam
449 3650 476 3714 sl
499 3668 576 3713 reus
599 3665 665 3712 non
689 3647 799 3712 veniat
812 3646 904 3712 infra
926 3666 1055 3729 annum,
1072 3648 1124 3711 vel
1148 3648 1282 3713 veniens
1302 3646 1390 3710 infra

205 3790 325 3835 annum
341 3791 406 3835 non
422 3775 565 3857 praestet
581 3770 728 3835 idoneam
745 3771 937 3837 cautionem
954 3788 988 3836 se
1005 3771 1038 3834 in
1053 3768 1171 3835 indicio
1186 3771 1257 3835 sine
1272 3769 1390 3835 fraude

204 3913 441 3978 processurum,
458 3915 521 3960 nec
535 3899 679 3980 praestet
695 3914 913 3979 expensarum
931 3913 1108 3980 congruam
1125 3895 1388 3973 satisfactionem,

203 4025 299 4085 actor
320 4041 380 4106 per
402 4021 589 4088 secumdum
621 4020 795 4087 decretum
820 4022 1003 4085 immittitur
1034 4022 1067 4085 in
1090 4040 1203 4085 veram
1230 4020 1390 4086 bonorum

205 4146 456 4227 possessionem
481 4146 526 4211 ita
549 4150 584 4211 ut
606 4151 717 4231 postea
739 4165 931 4229 comparens
955 4164 1040 4227 reus,
1063 4118 1219 4231 praestita
1242 4147 1392 4211 cautione

206 4273 239 4333 et
263 4269 395 4335 relectis
419 4270 579 4354 expensis,
597 4289 662 4333 non
684 4268 836 4334 audiatur
852 4269 913 4333 nisi
938 4287 1035 4353 snper
1051 4269 1237 4352 quaestione
1253 4268 1296 4335 dc
1307 4289 1391 4352 pro·

199 4364 360 4473 'prietata
386 4392 529 4475 Namque
551 4392 585 4455 in
608 4389 796 4457 octonibus
817 4390 981 4473 reatibus,
999 4410 1084 4472 reus,
1109 4392 1226 4456 omissa
1249 4392 1298 4457 rei
1315 4409 1392 4456 con-
