3350 5117
470 330 513 376 na
538 326 677 376 runicus
700 324 966 373 accrasrnsrrors
1244 307 1309 374 499

131 460 250 522 tionem
274 455 300 520 si
324 453 463 540 deneget
483 451 591 532 iudex,
615 451 655 516 ab
678 449 859 516 huiusmodi
881 452 1043 516 sententia
1066 452 1232 538 appellare
1255 474 1311 540 po-

131 586 195 648 test
217 601 293 667 pars
316 580 407 644 cuius
428 577 539 662 petitio
563 576 687 641 reiecta
709 574 785 641 fuit:
808 595 883 661 erp.
909 595 982 658 cop.
1007 577 1071 648 22,
1092 576 1143 644 De
1168 583 1254 644 sent.
1280 585 1311 645 et

130 728 171 773 re
193 707 263 774 iud.
288 705 323 771 X
343 702 400 790 (ll,
415 703 482 788 27).
500 704 543 768 Et
564 707 643 767 tunc
665 702 699 765 iu
719 720 818 766 causa
832 700 1056 786 appellationis
1073 705 1250 786 quaeritur,
1268 725 1310 770 an

132 830 231 896 iudex
253 827 294 892 ob
317 824 484 914 lepitimas
507 826 649 888 rationes
671 822 904 909 publicationes
936 823 1166 910 denegaverit;
1199 829 1313 911 utputa

130 951 174 1018 ob
197 951 315 1016 bonum
337 948 499 1036 publicum
523 968 581 1013 seu
604 947 643 1012 ob
667 949 892 1013 necessitatem
915 947 1068 1013 servandi
1084 957 1245 1016 secretum
1256 969 1271 1032 ;1
1281 956 1315 1016 et

132 1075 313 1140 huiusmodi
338 1093 455 1140 musae
478 1077 557 1139 sunt
579 1073 758 1159 lepitimaa
772 1072 941 1138 dummodo
961 1073 1091 1138 aliunde
1114 1071 1312 1141 sufficienter

129 1196 316 1261 consultum
339 1197 381 1259 sit
402 1194 581 1259 defensioni
613 1195 762 1279 partium.
787 1229 831 1242 -
857 1195 1035 1260 Praeterea
1067 1197 1099 1259 iu
1131 1193 1314 1260 huiusmodi

129 1322 241 1384 causis
264 1319 507 1404 respicientibus
529 1317 647 1384 bonurn
678 1318 849 1404 publicum,
875 1321 901 1383 si
933 1318 1032 1384 iudex
1062 1321 1189 1384 secreto
1214 1323 1316 1383 testes
1350 1373 1352 1378 ,

130 1447 318 1530 interroget
339 1462 385 1508 esu
407 1442 526 1527 efficto,
546 1443 766 1508 attestationes
790 1441 1002 1528 publicandae
1025 1448 1101 1508 sunt
1123 1462 1168 1530 eac
1192 1441 1315 1527 officio,

131 1577 171 1635 ut
194 1569 351 1635 adversus
374 1568 502 1634 easdem
529 1569 623 1634 locus
653 1570 693 1634 sit
723 1571 928 1635 necessariae
958 1570 1148 1636 defensioni.
1179 1571 1317 1654 Inquam

130 1697 232 1760 toan
253 1693 296 1758 sit
309 1691 499 1775 defensioni
502 1713 517 1776 ;
539 1694 566 1758 si
590 1677 675 1757 enim
691 1693 811 1760 iactum
827 1695 1083 1759 attestationibus
1101 1695 1319 1779 comprehen-

131 1837 209 1882 sum
233 1817 273 1880 sit
294 1815 475 1888 animum,
501 1817 553 1880 vel
577 1784 707 1881 aliunde
728 1815 885 1881 adversae
909 1819 993 1902 parti
1018 1819 1080 1882 iarn
1107 1817 1203 1902 plena
1227 1817 1320 1882 facta

130 1942 181 2005 sit
203 1939 341 2004 facultas
362 1936 519 2023 probandi
543 1957 602 2023 per
624 1942 732 2020 testes,
758 1945 789 2003 et
813 1939 894 2003 nihil
917 1940 1058 2024 probare
1074 1941 1223 2025 potuerit,
1238 1939 1320 2005 adeo

132 2073 185 2146 ut,
200 2065 370 2151 publicatis
385 2064 650 2136 attestationibus.
667 2067 766 2129 tirnor
781 2067 823 2129 sit
846 2085 888 2130 ue
912 2071 1010 2132 testes
1034 2066 1179 2152 corrupti
1204 2065 1321 2151 produ·

131 2195 271 2273 cantur,
295 2196 373 2256 tuno
402 2210 422 2254 a
452 2189 667 2274 publicatione
697 2191 847 2256 iacienda
878 2191 1099 2258 abstinendum
1125 2197 1184 2256 est.
1212 2189 1322 2257 Nihilo

130 2315 249 2382 secius
270 2315 436 2399 processui
458 2312 567 2377 nullus
596 2315 679 2378 inest
709 2314 853 2379 defectus
874 2314 1110 2391 ‘substantialis3
1136 2315 1211 2399 quia
1239 2317 1322 2378 atte-

128 2440 298 2506 stationes
320 2436 360 2501 de
383 2458 418 2502 se
440 2435 537 2502 iudici
559 2438 749 2511 inserviunt,
778 2443 811 2505 et
838 2437 932 2503 alteri
957 2439 1041 2522 parti
1065 2441 1190 2501 tanturn
1219 2434 1321 2520 publi·

130 2561 267 2629 candae
289 2564 363 2628 sunt
385 2561 419 2624 iu
441 2581 574 2647 scopum
597 2561 800 2627 defensionis.
818 2561 880 2628 Sed
905 2583 998 2628 casus
1022 2567 1157 2648 negatae
1182 2560 1325 2646 publica·

127 2687 241 2754 tionis
263 2691 312 2751 est
333 2689 452 2772 gravis,
478 2692 511 2752 et
532 2687 610 2752 binc
633 2707 708 2752 raro
732 2686 962 2753 admittendus.

235 2810 309 2874 484.
333 2809 517 2884 Quaeritur,
535 2829 576 2874 an
592 2817 701 2896 partes
718 2814 848 2895 possint,
863 2811 1030 2897 publicatis
1051 2809 1324 2880 attestationibus.

126 2937 227 3000 alios
249 2933 429 3019 producere
452 2932 568 2999 testesl
593 2936 647 2999 lus
670 2937 860 3000 canonicum
888 2935 988 3021 probe
1020 2954 1219 3022 cognoscens
1251 2932 1327 2999 labi-

128 3065 212 3126 lem
236 3078 305 3124 esse
328 3060 414 3124 hano
436 3059 632 3144 probationis
654 3061 804 3145 speciem,
816 3062 878 3126 nisi
903 3060 1049 3126 omnibus
1073 3061 1209 3126 cautelis
1226 3058 1328 3122 ualle-

128 3198 212 3260 tur‚
238 3190 346 3252 statuit
376 3207 481 3270 suuper
510 3189 637 3254 eisdem
667 3189 820 3254 articulis
844 3194 953 3274 partes
984 3194 1113 3256 veteres
1146 3193 1245 3254 testes
1275 3186 1328 3250 vel

129 3334 252 3382 novos
273 3313 453 3398 producere
475 3333 540 3378 nou
567 3334 670 3398 posse,
695 3334 767 3379 cum
791 3313 962 3379 didicerint
993 3317 1217 3382 attestationes
1246 3317 1330 3401 prio-

130 3461 223 3510 rum
254 3442 391 3506 testium.
419 3440 521 3506 Adest
552 3443 637 3506 enirn
668 3443 851 3526 proximum
883 3442 1061 3527 periculum
1091 3442 1331 3508 subornationis

128 3561 256 3651 quoad
277 3568 375 3628 testes
398 3583 437 3627 eo
460 3563 594 3628 consilio
617 3563 799 3649 productos,
812 3569 847 3628 ut
871 3566 1039 3650 corrigant
1062 3565 1209 3649 priorum
1233 3565 1329 3628 dicta.

243 3681 421 3748 Praeterea
444 3704 600 3771 expressa
620 3685 677 3749 lex
700 3689 761 3766 est,
786 3704 860 3768 cup.
878 3687 930 3758 17,
956 3687 986 3750 b.
1005 3691 1025 3750 t.
1042 3685 1083 3767 X,
1109 3691 1141 3750 et
1167 3685 1271 3751 Clam.
1295 3685 1330 3756 2,

130 3814 181 3879 h.
206 3813 226 3871 t.
244 3809 299 3890 (ll,
316 3811 364 3893 8);
389 3809 539 3874 nimirum
555 3830 653 3896 super
668 3810 780 3875 iisdem
796 3811 944 3877 articulis
960 3831 1060 3876 noros
1078 3812 1129 3876 vol
1145 3816 1244 3876 testes
1268 3811 1332 3874 iarn

124 3931 309 4003 adductos
342 3935 460 3997 iterum
493 3932 628 4017 produci
655 3934 688 3998 in
716 3933 818 4019 gradu
850 3953 975 4018 quoque
1007 3934 1231 4020 appellationis
1268 3953 1333 3996 non

127 4076 259 4151 posse.
284 4056 424 4122 Proinde
447 4079 523 4143 pars
547 4057 693 4129 adversa,
718 4076 799 4141 quae
823 4058 902 4122 velit
926 4079 1115 4144 oppugnare
1140 4064 1238 4123 testes
1262 4077 1335 4142 pro·

128 4188 269 4255 ductos
303 4183 343 4248 ab
377 4185 483 4249 altera
512 4192 616 4270 parte,
640 4187 768 4270 cognito
792 4185 1012 4270 productionis
1035 4185 1176 4258 decreto,
1203 4189 1235 4248 et
1266 4185 1335 4268 ipsa

127 4305 253 4376 debet
286 4307 366 4371 alios
401 4309 553 4373 articulos
588 4307 748 4373 deducere
787 4307 972 4373 eorumdem
1011 4308 1064 4372 uel
1102 4307 1238 4372 aliorum
1278 4312 1332 4371 te-

128 4432 254 4504 stium
276 4432 581 4517 interrogationibus
600 4431 832 4517 supponendos,
850 4432 903 4496 vel
918 4421 1084 4516 postquarn
1102 4437 1268 4516 peractum
1279 4437 1337 4524 *est
