3350 5117
682 347 884 399 reoouurun
1348 328 1371 393 9

200 474 326 552 canon,
348 490 450 555 aeque
473 476 604 537 servato
627 491 716 537 nexu
737 472 855 558 logico,
878 472 911 536 in
935 472 1070 558 singulis
1092 470 1301 537 enucleandis
1322 470 1371 534 le-

199 613 270 679 gum
286 595 604 682 praescriptionibus.
623 597 690 660 lmo
706 597 769 662 hoc
787 596 900 663 lacere
914 616 1112 682 magnopere
1128 597 1218 660 iurat
1233 594 1369 678 quando,

199 719 242 782 uti
265 718 439 792 docuimus,
456 726 649 789 statutorum
673 720 752 787 ordo
767 722 881 808 legalis
905 723 1000 787 nimis
1023 721 1161 786 distata
1183 720 1289 806 logica
1308 738 1372 784 ma·
1479 805 1484 813 4

196 842 297 907 teriae
320 847 523 909 tractatione.

285 966 465 1032 Praeterea
488 966 585 1032 hodie
613 968 695 1033 haec
727 968 898 1035 methodus
924 988 962 1031 eo
986 970 1087 1053 magis
1118 965 1372 1033 commendanda

198 1090 324 1155 ridetur
346 1094 421 1175 quia
444 1095 586 1159 omniurn
609 1095 742 1166 animos,
764 1095 860 1159 etiam
884 1094 1052 1160 Ecclesiae
1076 1094 1273 1165 Antistitum
1297 1112 1370 1179 per·

198 1219 277 1281 rasit
298 1220 424 1303 opinio,
449 1226 593 1285 veterem
623 1239 781 1285 canonum
809 1219 1033 1283 collectionem
1065 1216 1234 1283 admodum
1262 1218 1371 1281 immu-

196 1342 280 1403 tatae
297 1338 467 1405 Ecclesiae
490 1340 676 1426 disciplinae
700 1361 765 1405 non
788 1341 926 1427 amplius
949 1340 1157 1425 respondere,
1180 1340 1305 1421 iamque
1320 1358 1372 1403 co

197 1461 296 1528 dicem
320 1464 573 1550 comparandum
598 1484 668 1530 esse
692 1484 754 1549 quo
777 1467 903 1550 aptiore
925 1463 1040 1529 ordine
1071 1465 1256 1528 inserantur
1282 1463 1372 1549 leges

197 1584 362 1652 hodiernis
385 1586 528 1653 moribus
551 1589 788 1671 accomodatas,
805 1587 904 1653 claris
926 1595 959 1653 et
982 1587 1146 1673 expressis
1166 1584 1275 1650 verbis
1298 1603 1372 1649 con-

197 1718 316 1796 ceptae,
334 1711 377 1777 ad
393 1714 496 1779 instar
512 1713 667 1797 codicum,
686 1716 804 1799 passim
820 1734 841 1779 a
856 1711 943 1779 civili
959 1714 1152 1778 auctoritate
1168 1710 1337 1777 editorum.
1353 1744 1370 1757 ·

198 1834 232 1898 ln
254 1835 404 1902 Concilio
426 1838 587 1904 Vaticano
611 1838 728 1905 Patres
751 1840 919 1908 unanimes
943 1837 1189 1922 expostularunt
1213 1854 1372 1901 canonum

198 1962 458 2027 reformationem
483 1969 517 2029 et
538 1964 647 2049 plures
671 1964 805 2030 huiusce
833 1966 964 2049 generis
995 1962 1115 2027 codicis
1138 1962 1372 2027 ordinationem

196 2105 229 2149 se
251 2091 411 2171 exoptare
430 2084 669 2172 significarunt;
687 2089 857 2173 postremis
872 2108 951 2152 vero
974 2087 1065 2152 hisce
1081 2084 1287 2170 temporibus,
1305 2087 1372 2170 pri-

197 2216 344 2275 vatorum
362 2211 535 2275 Doctorum
551 2210 716 2285 industria,
731 2212 763 2276 in
779 2212 895 2297 vulgus
911 2208 1103 2295 prodierunt
1117 2208 1192 2273 libri
1208 2210 1372 2296 inscripti:

201 2330 335 2400 Codices
354 2334 484 2421 Lequm
506 2334 830 2408 ecclesiasticarum,
849 2343 959 2422 utpote
982 2336 1034 2419 qui
1059 2353 1218 2399 canonum
1243 2338 1371 2416 statuta,

197 2454 348 2524 brevibus
365 2458 510 2524 articulis
522 2459 655 2545 digesta,
668 2462 753 2526 inter
768 2481 804 2527 se
816 2480 961 2548 congrue
973 2461 1132 2542 ordinata,
1146 2459 1301 2526 exhibent
1312 2458 1369 2543 (l).

198 2578 292 2645 Hisce
315 2582 399 2645 viris
422 2602 500 2647 sane
523 2602 590 2648 non
612 2583 782 2650 mediocris
806 2583 943 2650 debetur
965 2584 1051 2649 laus:
1076 2590 1228 2656 attamen,
1245 2584 1271 2649 si
1295 2583 1373 2667 quid

196 2707 317 2789 opinor,
345 2706 525 2772 huiusmodi
549 2711 726 2795 proposito,
751 2709 871 2776 codicis
892 2712 1044 2775 nimirum
1067 2710 1177 2776 taliter
1200 2710 1371 2784 condendi,

197 2828 307 2894 melius
332 2830 515 2896 inserviunt
538 2831 589 2915 qui
607 2831 640 2895 in
657 2833 722 2897 suis
738 2832 937 2907 tractatibus,
954 2833 1207 2898 ecclesiasticam
1230 2831 1371 2918 discipli·

198 2973 266 3017 nam
290 2952 392 3018 hodie
413 2956 577 3039 vigentem
601 2956 730 3042 copiose
752 2963 785 3023 et
799 2956 951 3024 distincte
966 2962 1176 3043 pertractant,
1194 2956 1305 3021 sedulo
1321 2955 1375 3021 do-

198 3084 306 3145 centes
333 3100 470 3163 quonam
495 3082 630 3146 iuridico
650 3101 765 3167 gressu
781 3103 799 3146 e
814 3086 919 3147 veteri
935 3082 987 3146 vel
1004 3081 1148 3146 obsoleta
1163 3075 1326 3146 effluxerit
1342 3088 1374 3146 et

138 3262 141 3268 ,
198 3206 285 3286 quusi
310 3206 467 3289 eruperit,
486 3224 623 3289 quacum
640 3206 751 3270 intima
767 3206 971 3271 connexione
989 3223 1089 3287 usque
1105 3203 1297 3268 devincitur.
1314 3203 1375 3268 No-

200 3349 272 3395 vum
289 3329 378 3393 enim
396 3328 538 3395 codicem
562 3328 644 3413 quod
660 3304 784 3403 attinet,
801 3350 867 3395 non
882 3329 983 3401 labor,
1000 3348 1063 3391 non
1088 3348 1167 3414 opus
1191 3333 1240 3393 est
1263 3329 1296 3391 in
1312 3329 1374 3393 col·

200 3449 339 3537 ligendis
362 3471 522 3517 canonum
545 3452 753 3538 fragmentis;
778 3452 834 3517 sed
860 3453 893 3517 in
924 3458 973 3518 tot
1003 3450 1111 3536 legum
1141 3450 1309 3535 farragine
1331 3452 1376 3515 ita

197 3572 414 3659 disquirenda,
437 3574 569 3657 utquid
592 3574 700 3640 adhuc
721 3575 802 3639 iuris
824 3576 866 3640 sit
889 3579 1005 3660 pateat,
1022 3572 1160 3656 quidque
1183 3574 1294 3659 magis,
1315 3592 1374 3657 pro

197 3702 379 3785 temporum
410 3699 536 3763 ratione
568 3703 600 3763 et
623 3699 862 3763 ecclesiasticae
888 3697 1077 3783 disciplinae
1100 3698 1295 3780 intentione,
1320 3718 1375 3763 ex-

198 3821 303 3905 pediat
328 3822 360 3885 in
383 3821 488 3907 legem
513 3841 678 3895 revocare,
704 3820 901 3887 confirmare
923 3827 978 3886 aut
1000 3822 1159 3887 inducere
1184 3820 1240 3908 (2).

286 4032 327 4106 (l)
345 4034 466 4103 Speciali
484 4035 625 4089 mentione
643 4039 673 4090 et
692 4034 773 4089 laude
792 4035 893 4104 dignus
913 4040 956 4089 est
972 4036 1066 4089 Codex
1081 4036 1198 4089 Sanctae
1215 4034 1375 4089 Catholicae

200 4140 341 4196 Rernenee
362 4142 506 4197 Ecclesiae
527 4142 670 4196 conlectus
694 4147 723 4197 et
749 4142 906 4212 explicatus
933 4144 968 4195 ab
990 4142 1110 4197 Henrico
1135 4141 1228 4196 Maria
1247 4141 1374 4195 Pezzani,

201 4239 286 4312 ipsius
303 4244 396 4315 operis
414 4244 470 4297 iam
488 4244 617 4299 exierunt
635 4248 755 4315 quatuor
774 4245 928 4313 ponderosa
946 4244 1099 4298 volumina.
1140 4281 1143 4287 ,

286 4352 325 4421 (2)
344 4353 475 4408 Ceterum
494 4354 621 4424 quaestio
639 4353 672 4407 de
691 4354 893 4421 coditlcatione,
911 4357 942 4408 et
966 4353 1093 4424 quaestio
1115 4352 1148 4407 de
1167 4350 1297 4406 methodo
1316 4369 1375 4406 ser-

201 4458 286 4512 vande
306 4459 333 4512 in
352 4459 560 4513 commentariis
579 4458 645 4512 iuris
665 4474 724 4511 can.
745 4459 817 4512 inter
836 4476 865 4512 se
884 4462 944 4511 toto
963 4457 1041 4512 coelo
1059 4457 1173 4510 distant.
1232 4528 1235 4535 Ι
