3350 5117
313 289 383 356 260
843 308 928 356 roas
953 308 975 354 1.

314 437 366 534 est
383 432 620 530 peremptoria
642 432 699 498 sed
723 432 885 499 dilatoria
909 431 1015 498 iudicii
1036 451 1153 498 «cum
1175 431 1353 515 spoliatori
1375 433 1502 516 spolia-

314 532 369 624 tas
391 563 470 623 ante
491 555 736 624 restitutiatem
759 575 831 623 aaa
855 562 998 642 capatus
1029 556 1201 621 ullatenus
1230 555 1439 638 respondere
1465 576 1502 620 t».

314 681 454 746 Proinde
484 681 547 747 hac
577 683 770 767 exceptione
792 679 942 768 repulsus
966 701 985 744 a
1007 681 1118 746 limine
1141 679 1248 746 iudicii
1273 680 1440 766 spoliator,
1454 681 1501 746 ad

313 803 398 868 idem
423 803 554 890 regredi
578 824 643 868 non
666 805 763 876 valet.
789 805 850 868 nisi
875 805 1033 870 restituat.

404 931 507 996 Iudex
530 950 611 996 vero
635 932 726 995 cuius
742 936 791 998 est
806 929 950 995 iudicare
975 930 1059 996 iusta
1074 931 1184 1013 petita,
1202 949 1274 994 cum
1291 930 1359 1014 agit
1381 929 1428 994 ad
1443 930 1500 994 ia·

310 1052 474 1119 stantiam
496 1054 647 1138 partium,
664 1054 691 1117 si
712 1054 914 1118 instauratur
937 1054 1025 1119 actio
1050 1053 1247 1137 possessoris
1270 1057 1303 1118 et
1326 1053 1422 1118 huius
1445 1054 1501 1117 in-

311 1175 413 1239 tentio
437 1195 582 1260 congrue
610 1171 775 1259 probetur,
796 1179 893 1260 coget
916 1173 1123 1258 spoliatorem
1140 1180 1175 1240 ut
1190 1175 1355 1250 restituat3
1372 1175 1399 1238 si
1415 1193 1498 1238 vero

311 1301 437 1362 tantum
466 1302 647 1383 opponatur
678 1298 832 1381 eaceptio
861 1297 971 1380 spolii,
1001 1297 1136 1382 probato
1167 1297 1364 1382 spoliationis
1395 1298 1498 1372 facts),

311 1418 410 1508 (qaia
432 1441 513 1489 reus
536 1423 739 1506 excipiendo
761 1423 799 1508 [tt
821 1421 931 1508 actor)
955 1425 1062 1488 exitus
1079 1430 1128 1490 est
1144 1421 1291 1510 utssiudex
1307 1422 1434 1493 differat
1449 1428 1500 1493 iu-

312 1545 440 1619 dicium,
466 1548 569 1613 donec
600 1547 756 1632 spoliator
778 1566 848 1612 rem
872 1549 1043 1644 restituat.¹
1058 1547 1129 1614 Hoc
1153 1550 1311 1634 praecipit
1336 1551 1495 1619 Pontifex

311 1671 366 1736 cit.
390 1690 465 1753 cap.
489 1672 581 1736 aiens
601 1672 624 1753 ἓ
646 1672 711 1735 1.·«
739 1671 862 1736 Veram
876 1672 1079 1753 spoliatione
1101 1673 1138 1738 ia
1162 1673 1302 1739 modam
1326 1675 1496 1757 eorreptio-

311 1797 366 1862 ais
394 1801 525 1862 tantam
553 1795 703 1878 probata
734 1815 804 1863 noa
834 1801 883 1861 est
910 1815 976 1878 per
1007 1797 1069 1862 boe
1097 1796 1261 1864 restitutio
1283 1797 1448 1880 facienda
1473 1821 1496 1864 a

311 1938 428 2005 nempe
451 1920 586 2005 imperio
609 1917 733 1984 iudicis.
758 1951 802 1966 -
826 1918 868 1983 Et
892 1920 936 1984 ita
960 1925 1159 1984 evanescunt
1181 1917 1395 2002 difficultates,
1412 1941 1498 2004 quas

311 2041 458 2130 Savigny
481 2045 633 2130 congerit
655 2046 689 2108 in
713 2046 733 2110 t.
758 2064 785 2110 c.
810 2045 844 2109 in
868 2043 931 2110 hoc
958 2046 1064 2129 capite
1095 2044 1294 2130 exponenda
1319 2051 1351 2110 et
1381 2066 1493 2132 prece-

311 2169 407 2235 dendi
432 2172 516 2235 ratio
544 2169 701 2258 probatur
730 2171 901 2256 perspicue
931 2171 1107 2238 conformis
1138 2173 1387 2240 elementaribus
1410 2176 1499 2242 iuris

310 2296 487 2381 principiis.

400 2417 476 2483 225.
502 2419 622 2482 Tamen
647 2418 722 2500 quia
743 2418 892 2502 exceptio
908 2423 957 2482 est
979 2419 1098 2483 actioni
1123 2418 1269 2492 relatIva,
1286 2419 1313 2482 si
1337 2419 1497 2505 spoliator

309 2545 536 2628 exceptionem
568 2543 799 2628 pertimescens
829 2541 936 2607 iudicii
969 2543 1072 2607 aleam
1106 2543 1232 2629 ingredi
1266 2551 1491 2628 praecaveret,

309 2665 493 2732 huiusmodi
522 2666 700 2733 remedium
729 2668 889 2732 incassum
922 2666 1064 2733 cedebat.
1091 2667 1178 2732 Hinc
1203 2669 1412 2753 spoliatorum
1436 2671 1495 2734 mi·

309 2793 469 2857 serrimae
493 2791 667 2858 conditioni
692 2800 727 2859 ut
749 2795 952 2879 prospiceret
968 2794 1174 2860 Innocentius
1197 2795 1246 2860 lll
1271 2797 1305 2859 in
1328 2815 1401 2879 cap.
1419 2797 1493 2862 iam

309 2918 363 2983 cit.
387 2915 497 3001 Saepe
519 2916 691 3002 contingit,
705 2916 910 2982 interdictum
935 2917 1028 2984 aade
1050 2918 1084 2984 ei
1108 2919 1198 2985 iussit
1225 2920 1361 2985 concedi
1392 2923 1491 2986 etiam

308 3049 424 3109 contre
447 3045 562 3110 tertios
586 3042 772 3109 detentores
795 3046 843 3109 rei
868 3045 1033 3130 spoliatae,
1055 3047 1108 3128 qui
1131 3065 1197 3110 non
1227 3045 1495 3130 percellebantur

308 3169 436 3234 actione
460 3169 659 3254 possessoris
681 3168 761 3233 iuris
787 3170 920 3232 romani.
941 3205 985 3216 -
1010 3169 1137 3254 Reapse
1161 3171 1193 3233 in
1218 3189 1292 3252 cap.
1309 3169 1359 3242 18,
1379 3168 1495 3254 Saepe

308 3289 480 3378 contingit,
495 3291 658 3362 statuitur,
685 3309 753 3354 rem
777 3307 904 3354 omnem
928 3288 1069 3355 ablatam
1085 3289 1278 3355 immobilem
1295 3291 1362 3354 sive
1387 3292 1489 3357 mobi-

306 3413 390 3486 lem,
415 3413 617 3498 corporalem
648 3412 717 3476 sive
749 3413 986 3497 incorporalem
1020 3408 1227 3498 repetendam
1258 3432 1328 3478 esse
1358 3415 1494 3479 actione

176 3577 179 3580 ⁴
306 3540 505 3624 possessoris
528 3559 548 3602 a
570 3539 745 3624 spoliatore
769 3544 802 3604 et
824 3537 865 3602 ab
888 3537 950 3600 alio
974 3538 1092 3602 iniusto
1107 3557 1164 3603 seu
1185 3537 1292 3626 malae
1315 3535 1390 3603 fidei
1413 3557 1489 3622 pos·

305 3679 444 3726 sessore.
470 3661 564 3726 Ratio
586 3679 667 3724 vero
691 3659 786 3724 huius
810 3659 1076 3744 generalissimae
1094 3658 1313 3744 dispositionis
1337 3665 1395 3741 est,
1412 3661 1490 3744 quia

308 3801 422 3849 «aaa
444 3781 589 3846 maltum
612 3781 748 3847 interest
771 3779 887 3864 quoad
906 3780 1099 3864 persarum
1123 3779 1260 3846 animae
1285 3779 1408 3846 iniuste
1432 3781 1493 3847 de-

306 3905 413 3972 tinere
435 3910 467 3971 et
488 3905 652 3971 inuadere
674 3904 826 3970 alienam
848 3925 880 3966 ».

395 4032 457 4099 Sed
481 4031 557 4116 quid
580 4032 660 4097 iuris
682 4033 708 4096 si
732 4051 786 4096 res
809 4031 944 4116 spoliata
967 4030 1137 4096 devenerit
1169 4031 1201 4096 in
1225 4051 1340 4096 manus
1363 4051 1490 4116 posses·

304 4155 390 4219 soris
413 4153 516 4220 bonae
540 4152 624 4227 fidei,
648 4155 854 4220 succurritne
877 4155 961 4219 actio
989 4153 1029 4218 ab
1062 4155 1132 4220 lnn.
1158 4153 1359 4253 introducta?
1384 4155 1487 4240 Nega·

303 4278 370 4343 tive
394 4275 670 4364 respondendum;
693 4277 804 4344 littera
825 4279 911 4342 euim
937 4279 1031 4342 nimis
1055 4279 1145 4342 clara
1168 4285 1226 4344 est:
1253 4278 1317 4345 «si
1340 4278 1418 4364 qais
1441 4279 1491 4348 dc

303 4406 415 4468 cetero
438 4420 604 4468 screares
632 4420 708 4468 rem
739 4403 840 4467 tatem
871 4402 1046 4485 receperit,
1072 4422 1150 4468 eura
1180 4402 1359 4487 spoliatori
1383 4404 1487 4488 paesi
