3350 5117
549 315 593 363 ua
616 314 756 362 runicus
779 311 1045 362 accussnsrrcis
1319 293 1385 360 667

297 439 360 507 Sed
388 441 531 524 quaestio
562 441 607 506 ita
633 437 826 504 resolvenda
850 444 908 504 est.
932 437 966 505 Si
988 457 1154 524 possessor
1176 437 1206 506 b.
1232 439 1254 502 f.
1279 440 1385 511 statiiu

206 586 246 631 ac
269 565 493 631 controversia
516 563 555 629 ab
579 563 767 628 adversario
790 570 876 629 mota
899 569 957 636 est,
979 562 1127 629 dubitare
1148 564 1290 650 incipiat.
1315 583 1385 629 rem

208 707 390 776 possessam
412 689 550 754 alienam
575 707 655 760 esse,
673 693 705 754 et
726 688 809 794 haec
832 689 1026 773 possessoris
1049 687 1134 752 mala
1153 685 1232 753 fides
1254 686 1386 774 probari

212 817 312 902 possit
335 817 368 880 in
384 814 511 888 iudicio,
529 818 665 900 cogetur
688 811 868 880 huiusmodi
890 832 1056 898 possessor
1072 812 1199 879 fructus
1214 815 1387 879 restituere

211 959 234 1006 a
256 945 350 1006 moto
372 937 604 1006 controversia
625 941 805 1022 perceptos,
830 937 927 1001 etiam
952 941 1030 1003 anto
1050 935 1140 1002 litem
1164 941 1385 1004 contestatam.

212 1067 283 1132 Hoc
307 1064 384 1132 dicit
409 1064 465 1130 lex
488 1065 595 1130 citata.
621 1062 654 1130 Si
677 1081 757 1127 vero
787 1062 1011 1126 controversia
1041 1081 1106 1126 non
1131 1066 1310 1142 moveatur,
1333 1060 1387 1124 rel

210 1211 376 1278 possessor
398 1189 427 1254 b.
453 1189 475 1253 f.
500 1188 564 1254 hac
586 1205 652 1252 non
675 1185 832 1268 obstante,
845 1206 869 1250 a
892 1205 949 1251 sua
972 1186 1180 1270 persuasione
1203 1204 1268 1250 non
1290 1183 1388 1250 dimo

211 1319 336 1388 reatui,
360 1319 470 1378 tamen
493 1331 553 1397 per
575 1311 664 1376 litem
688 1315 898 1376 contestatam
922 1309 1126 1374 constituitur
1149 1309 1182 1373 in
1205 1310 1299 1374 mata
1321 1309 1389 1393 fide

208 1437 323 1502 saltem
346 1434 496 1502 iuridica
519 1455 576 1500 seu
600 1433 703 1518 quoad
727 1429 860 1497 effectus
882 1431 981 1507 iuris;
1004 1432 1079 1515 quia
1105 1449 1324 1515 quaecumque
1347 1431 1388 1494 sit

210 1563 280 1629 eius
303 1563 480 1647 persuasio,
498 1561 624 1644 quando
647 1579 702 1626 res
716 1559 856 1644 litigiosa
879 1558 1025 1644 perlitis
1047 1557 1314 1624 contestationem
1337 1556 1389 1621 de

213 1688 387 1754 terminata
410 1655 518 1760 tuerit,
536 1685 575 1752 de
591 1685 704 1752 eadem
724 1683 954 1750 contendentes
975 1684 1019 1748 ita
1034 1683 1153 1769 pacisci
1176 1680 1337 1763 videntur,
1355 1687 1389 1746 ut

212 1813 259 1878 illi
280 1833 353 1879 cum
370 1812 516 1880 omnibus
532 1813 597 1880 suis
613 1811 851 1878 accessionibus
868 1809 1079 1892 adiudicetur,
1095 1811 1148 1875 cui
1162 1810 1322 1876 sententia
1344 1808 1389 1874 la-

209 1935 362 2000 vorabilis
387 1934 547 2000 extiterit:
572 1935 606 1998 in
628 1932 692 1998 hoc
718 1930 864 1998 consistit
890 1933 978 2016 quasi
1002 1936 1188 1996 contractus
1210 1931 1306 1995 initus
1329 1949 1390 2015 per

210 2057 275 2123 litis
299 2059 563 2124 contestationem
580 2053 636 2142 (l).

302 2183 377 2250 702.
404 2183 492 2248 Idem
516 2183 709 2268 principium
732 2181 904 2247 neminem
931 2200 1009 2247 cum
1040 2180 1154 2248 atiena
1183 2180 1317 2246 iactura
1340 2181 1389 2245 lo-

212 2306 379 2389 cupletem
402 2306 477 2391 ficri
500 2305 620 2377 debere
643 2304 763 2390 obligat
785 2305 947 2370 dominum
970 2325 1041 2369 rem
1064 2323 1158 2372 suam
1172 2303 1388 2369 vindicantem

211 2432 253 2497 ad
275 2431 495 2498 retundendas
517 2450 678 2517 expensas
693 2451 713 2495 a
728 2450 913 2517 possessore
929 2431 1041 2502 factas,
1058 2450 1137 2514 quas
1153 2434 1185 2494 et
1200 2431 1268 2515 ipse
1283 2431 1317 2494 in
1331 2450 1389 2494 sua

213 2577 252 2624 re
275 2549 415 2632 lecisset,
434 2558 503 2623 sive
525 2559 558 2622 in
582 2576 621 2624 ea
644 2556 868 2622 conservanda
883 2557 951 2620 sive
967 2556 1000 2619 in
1016 2553 1175 2621 fructibus
1190 2552 1388 2640 colligendis.

218 2681 282 2746 Sed
305 2683 401 2747 aliter
425 2685 652 2766 computantur
669 2699 831 2766 expensae
847 2682 880 2744 in
897 2682 966 2765 ipsa
981 2679 1149 2760 refactae,
1165 2678 1261 2743 aliter
1276 2679 1309 2742 in
1326 2677 1391 2742 tru-

215 2803 319 2870 ctibus
344 2803 542 2890 colligendis,
566 2805 674 2889 prouti
697 2803 796 2868 habet
818 2803 974 2889 Ulpianus
989 2804 1022 2867 in
1039 2803 1060 2866 l.
1076 2801 1112 2886 3,
1128 2804 1165 2886 ff.
1182 2802 1232 2868 De
1246 2803 1388 2886 imperes.

217 2927 255 2991 in
277 2945 342 2992 res.
367 2927 434 2993 dot.
459 2927 577 3010 §1:‹
600 2925 673 2994 Nos
694 2927 900 3013 peneateer
923 2926 1121 3011 definiemus
1142 2927 1288 2991 inultum
1312 2925 1390 2990 iate-

213 3070 306 3118 resse
328 3052 375 3118 oct
394 3057 599 3136 perpetuom
621 3053 797 3119 utilitatem
818 3052 897 3139 apri
911 3054 963 3117 vel
987 3052 1033 3116 od
1056 3069 1134 3117 eom
1149 3070 1237 3136 quoe
1258 3069 1330 3117 non
1344 3051 1411 3114 oct·

212 3177 407 3260 proesentis
436 3179 596 3262 temporis
619 3177 789 3260 pertineat
796 3197 810 3260 ;
833 3196 880 3241 on
910 3196 990 3243 vero
1020 3176 1068 3241 ccl
1091 3175 1285 3259 proesentis
1307 3174 1391 3240 anni

214 3300 379 3383 fructum,
397 3300 435 3367 Si
449 3301 486 3366 in
497 3301 699 3385 praesentis,
717 3321 794 3368 cum
817 3299 985 3383 fructibus
1004 3301 1067 3368 hoc
1085 3299 1391 3384 compensandum

214 3427 245 3492 si
267 3445 347 3493 oero
371 3446 441 3492 non
462 3424 531 3508 suit
553 3426 599 3491 acl
619 3445 785 3510 praesens
809 3431 941 3492 tontum
964 3431 1046 3509 opto
1061 3425 1222 3511 megetio,
1239 3443 1389 3490 necessa·

216 3551 278 3618 riis
307 3553 470 3637 impensis
498 3553 767 3635 computandum
791 3573 821 3616 r».
846 3551 955 3627 Quare
982 3570 1145 3636 expensae
1176 3552 1209 3614 in
1232 3548 1415 3620 fructibus.

215 3674 406 3761 colligendis
429 3675 536 3740 tactae
559 3673 761 3739 deducuntur
776 3672 816 3738 ab
833 3674 909 3758 ipsis
929 3671 1086 3739 fructibus
1101 3692 1218 3756 eosque
1233 3673 1390 3742 minuunt,

216 3797 298 3862 adeo
327 3801 362 3862 ut
392 3815 456 3861 non
487 3795 711 3882 intelligantur
734 3796 862 3862 fructus
885 3796 946 3860 nisi
970 3793 1113 3862 deductis
1137 3793 1299 3879 expensis.
1323 3793 1392 3856 Ex-

214 3940 336 4008 pensae
358 3939 438 3986 vero
467 3922 501 3986 in
532 3941 570 3985 re
599 3921 822 4005 sectaequae
853 3919 1085 4005 quodammodo
1113 3923 1288 4005 perpetuae
1318 3921 1393 3982 sunt

307 4219 347 4291 (1)
367 4219 423 4274 lam
443 4219 550 4274 adverti
569 4220 725 4276 sententiae
737 4220 793 4273 vim
814 4218 965 4274 retrotrahi
983 4219 1018 4273 ad
1034 4225 1203 4274 momentum
1223 4219 1282 4273 litis
1295 4223 1392 4273 conte·

210 4331 311 4394 statae,
325 4331 354 4382 et
371 4328 407 4382 ab
423 4326 476 4382 hac
493 4327 675 4383 dimetiendos
693 4345 753 4383 esse
772 4329 888 4383 effectus
907 4329 947 4382 rsi
965 4328 1104 4383 iudicatae
1122 4327 1212 4399 quoad
1231 4328 1272 4383 rei
1286 4331 1315 4381 et
1331 4328 1391 4379 fru-

215 4434 311 4484 ctuum
331 4429 550 4496 restitutionem
571 4432 606 4485 ob
625 4431 914 4502 quasi-contractuum
932 4416 1100 4486 iudicialem.
