<?xml version="1.0" encoding="UTF-8"?>
<!DOCTYPE html PUBLIC "-//W3C//DTD XHTML 1.0 Transitional//EN"
    "http://www.w3.org/TR/xhtml1/DTD/xhtml1-transitional.dtd">
<html xmlns="http://www.w3.org/1999/xhtml" xml:lang="en" lang="en">
 <head>
  <title>
</title>
<meta http-equiv="Content-Type" content="text/html;charset=utf-8" />
  <meta name='ocr-system' content='tesseract 3.04.00' />
  <meta name='ocr-capabilities' content='ocr_page ocr_carea ocr_par ocr_line ocrx_word'/>
</head>
<body>
  <div class='ocr_page' id='page_1' title='image "./praelectionesin01legagoog_0026.png"; bbox 0 0 3350 5117; ppageno 0'>
   <div class='ocr_carea' id='block_1_1' title="bbox 222 303 951 395">
    <p class='ocr_par' dir='ltr' id='par_1_1' title="bbox 222 303 951 395">
     <span class='ocr_line' id='line_1_1' title="bbox 222 303 951 395; baseline 0 -28"><span class='ocrx_word' id='word_1_1' title='bbox 222 386 225 395; x_wconf 25' lang='grc' dir='ltr'>Ι</span> <span class='ocrx_word' id='word_1_2' title='bbox 293 303 337 367; x_wconf 81' lang='grc'>24</span> <span class='ocrx_word' id='word_1_3' title='bbox 818 322 903 371; x_wconf 76' lang='lat' dir='ltr'>ruas</span> <span class='ocrx_word' id='word_1_4' title='bbox 928 323 951 369; x_wconf 91' lang='lat'>1.</span> 
     </span>
    </p>
   </div>
   <div class='ocr_carea' id='block_1_2' title="bbox 291 444 1474 769">
    <p class='ocr_par' dir='ltr' id='par_1_2' title="bbox 291 444 1474 769">
     <span class='ocr_line' id='line_1_2' title="bbox 293 444 1472 531; baseline 0.003 -22"><span class='ocrx_word' id='word_1_5' title='bbox 293 444 405 509; x_wconf 89' lang='lat' dir='ltr'>dendis</span> <span class='ocrx_word' id='word_1_6' title='bbox 429 466 458 511; x_wconf 67' lang='lat' dir='ltr'>a.</span> <span class='ocrx_word' id='word_1_7' title='bbox 484 446 664 513; x_wconf 86' lang='lat' dir='ltr'>Praeterea</span> <span class='ocrx_word' id='word_1_8' title='bbox 686 446 773 511; x_wconf 90' lang='lat' dir='ltr'>inter</span> <span class='ocrx_word' id='word_1_9' title='bbox 794 446 925 531; x_wconf 83' lang='lat' dir='ltr'>negotia</span> <span class='ocrx_word' id='word_1_10' title='bbox 956 445 1094 531; x_wconf 86' lang='lat' dir='ltr'>Synodis</span> <span class='ocrx_word' id='word_1_11' title='bbox 1121 448 1329 513; x_wconf 83' lang='lat' dir='ltr'>Dioecesanis</span> <span class='ocrx_word' id='word_1_12' title='bbox 1352 447 1472 525; x_wconf 87' lang='lat' dir='ltr'>delata,</span> 
     </span>
     <span class='ocr_line' id='line_1_3' title="bbox 292 566 1473 657; baseline 0.006 -28"><span class='ocrx_word' id='word_1_13' title='bbox 292 566 381 648; x_wconf 92' lang='lat' dir='ltr'>illud,</span> <span class='ocrx_word' id='word_1_14' title='bbox 398 586 459 632; x_wconf 88' lang='lat' dir='ltr'>nec</span> <span class='ocrx_word' id='word_1_15' title='bbox 482 566 635 643; x_wconf 85' lang='lat' dir='ltr'>infimum,</span> <span class='ocrx_word' id='word_1_16' title='bbox 651 568 713 633; x_wconf 85' lang='lat' dir='ltr'>fuit</span> <span class='ocrx_word' id='word_1_17' title='bbox 728 568 941 655; x_wconf 90' lang='lat' dir='ltr'>componendi</span> <span class='ocrx_word' id='word_1_18' title='bbox 963 588 1054 634; x_wconf 90' lang='lat' dir='ltr'>more</span> <span class='ocrx_word' id='word_1_19' title='bbox 1076 568 1223 635; x_wconf 88' lang='lat' dir='ltr'>arbitrali</span> <span class='ocrx_word' id='word_1_20' title='bbox 1247 572 1355 657; x_wconf 87' lang='lat' dir='ltr'>iurgia</span> <span class='ocrx_word' id='word_1_21' title='bbox 1376 572 1473 638; x_wconf 88' lang='lat' dir='ltr'>etiam</span> 
     </span>
     <span class='ocr_line' id='line_1_4' title="bbox 291 690 1474 769; baseline 0.006 -16"><span class='ocrx_word' id='word_1_22' title='bbox 291 690 460 756; x_wconf 90' lang='lat' dir='ltr'>laicorum.</span> <span class='ocrx_word' id='word_1_23' title='bbox 485 691 668 758; x_wconf 90' lang='lat' dir='ltr'>Desumitur</span> <span class='ocrx_word' id='word_1_24' title='bbox 699 692 761 756; x_wconf 90' lang='lat' dir='ltr'>hoc</span> <span class='ocrx_word' id='word_1_25' title='bbox 791 711 857 756; x_wconf 89' lang='lat' dir='ltr'>non</span> <span class='ocrx_word' id='word_1_26' title='bbox 884 690 1022 757; x_wconf 85' lang='lat' dir='ltr'>obscure</span> <span class='ocrx_word' id='word_1_27' title='bbox 1051 711 1072 755; x_wconf 87' lang='lat' dir='ltr'>a</span> <span class='ocrx_word' id='word_1_28' title='bbox 1099 692 1403 769; x_wconf 81' lang='lat' dir='ltr'>Constitutionibus‚</span> <span class='ocrx_word' id='word_1_29' title='bbox 1427 695 1474 760; x_wconf 85' lang='lat' dir='ltr'>ita</span> 
     </span>
    </p>
   </div>
   <div class='ocr_carea' id='block_1_3' title="bbox 291 812 1473 1523">
    <p class='ocr_par' dir='ltr' id='par_1_3' title="bbox 291 812 1473 1263">
     <span class='ocr_line' id='line_1_5' title="bbox 292 812 1472 904; baseline 0.007 -27"><span class='ocrx_word' id='word_1_30' title='bbox 292 812 395 896; x_wconf 87' lang='lat' dir='ltr'>dictis,</span> <span class='ocrx_word' id='word_1_31' title='bbox 419 815 612 901; x_wconf 84' lang='lat' dir='ltr'>Apostoliois</span> <span class='ocrx_word' id='word_1_32' title='bbox 636 816 708 882; x_wconf 84' lang='lat' dir='ltr'>Lib.</span> <span class='ocrx_word' id='word_1_33' title='bbox 732 816 780 891; x_wconf 87' lang='lat' dir='ltr'>ll,</span> <span class='ocrx_word' id='word_1_34' title='bbox 805 837 832 883; x_wconf 88' lang='lat' dir='ltr'>c.</span> <span class='ocrx_word' id='word_1_35' title='bbox 858 816 981 883; x_wconf 72' lang='lat'><em>45-51.</em></span> <span class='ocrx_word' id='word_1_36' title='bbox 1007 817 1103 882; x_wconf 90' lang='lat' dir='ltr'>Hunc</span> <span class='ocrx_word' id='word_1_37' title='bbox 1126 838 1252 884; x_wconf 87' lang='lat' dir='ltr'>morem</span> <span class='ocrx_word' id='word_1_38' title='bbox 1274 819 1416 904; x_wconf 84' lang='lat' dir='ltr'>viguisse</span> <span class='ocrx_word' id='word_1_39' title='bbox 1431 819 1472 885; x_wconf 91' lang='lat' dir='ltr'>ab</span> 
     </span>
     <span class='ocr_line' id='line_1_6' title="bbox 292 935 1473 1025; baseline 0.008 -26"><span class='ocrx_word' id='word_1_40' title='bbox 292 935 460 1001; x_wconf 78' lang='lat' dir='ltr'>Ecclesiae</span> <span class='ocrx_word' id='word_1_41' title='bbox 484 938 693 1012; x_wconf 82' lang='lat' dir='ltr'>incunabulis,</span> <span class='ocrx_word' id='word_1_42' title='bbox 718 938 851 1023; x_wconf 86' lang='lat' dir='ltr'>eiusque</span> <span class='ocrx_word' id='word_1_43' title='bbox 880 940 1017 1025; x_wconf 83' lang='lat' dir='ltr'>vestigia</span> <span class='ocrx_word' id='word_1_44' title='bbox 1046 941 1189 1025; x_wconf 87' lang='lat' dir='ltr'>reperiri</span> <span class='ocrx_word' id='word_1_45' title='bbox 1212 960 1313 1025; x_wconf 91' lang='lat' dir='ltr'>usque</span> <span class='ocrx_word' id='word_1_46' title='bbox 1336 943 1377 1008; x_wconf 86' lang='lat' dir='ltr'>ad</span> <span class='ocrx_word' id='word_1_47' title='bbox 1402 962 1473 1008; x_wconf 89' lang='lat' dir='ltr'>sae·</span> 
     </span>
     <span class='ocr_line' id='line_1_7' title="bbox 292 1057 1471 1151; baseline 0.007 -29"><span class='ocrx_word' id='word_1_48' title='bbox 292 1058 398 1124; x_wconf 87' lang='lat' dir='ltr'>culum</span> <span class='ocrx_word' id='word_1_49' title='bbox 423 1062 455 1126; x_wconf 92' lang='lat' dir='ltr'>X</span> <span class='ocrx_word' id='word_1_50' title='bbox 479 1064 606 1146; x_wconf 84' lang='lat' dir='ltr'>copiose</span> <span class='ocrx_word' id='word_1_51' title='bbox 630 1061 818 1149; x_wconf 88' lang='lat' dir='ltr'>comprobat</span> <span class='ocrx_word' id='word_1_52' title='bbox 841 1057 1035 1130; x_wconf 70' lang='lat' dir='ltr'>Benedictus</span> <span class='ocrx_word' id='word_1_53' title='bbox 1058 1064 1142 1129; x_wconf 87' lang='lat' dir='ltr'>XIV</span> <span class='ocrx_word' id='word_1_54' title='bbox 1167 1064 1200 1128; x_wconf 92' lang='lat' dir='ltr'>in</span> <span class='ocrx_word' id='word_1_55' title='bbox 1221 1084 1320 1149; x_wconf 86' lang='lat' dir='ltr'>opere</span> <span class='ocrx_word' id='word_1_56' title='bbox 1335 1065 1386 1130; x_wconf 86' lang='lat' dir='ltr'>De</span> <span class='ocrx_word' id='word_1_57' title='bbox 1406 1063 1471 1151; x_wconf 74' lang='lat' dir='ltr'>Sy-</span> 
     </span>
     <span class='ocr_line' id='line_1_8' title="bbox 291 1184 894 1263; baseline 0.003 -14"><span class='ocrx_word' id='word_1_58' title='bbox 291 1184 381 1251; x_wconf 80' lang='lat' dir='ltr'>nodo</span> <span class='ocrx_word' id='word_1_59' title='bbox 405 1184 623 1261; x_wconf 71' lang='lat' dir='ltr'>Diocaesarea,</span> <span class='ocrx_word' id='word_1_60' title='bbox 648 1186 720 1253; x_wconf 87' lang='lat' dir='ltr'>Lib.</span> <span class='ocrx_word' id='word_1_61' title='bbox 747 1188 779 1263; x_wconf 86' lang='grc'>4,</span> <span class='ocrx_word' id='word_1_62' title='bbox 805 1209 832 1255; x_wconf 88' lang='lat' dir='ltr'>c.</span> <span class='ocrx_word' id='word_1_63' title='bbox 856 1189 894 1253; x_wconf 79' lang='lat'>2.</span> 
     </span>
    </p>

    <p class='ocr_par' dir='ltr' id='par_1_4' title="bbox 291 1309 1472 1523">
     <span class='ocr_line' id='line_1_9' title="bbox 380 1309 1469 1397; baseline 0.004 -22"><span class='ocrx_word' id='word_1_64' title='bbox 380 1309 465 1375; x_wconf 91' lang='lat' dir='ltr'>Sane</span> <span class='ocrx_word' id='word_1_65' title='bbox 488 1331 553 1376; x_wconf 89' lang='lat' dir='ltr'>non</span> <span class='ocrx_word' id='word_1_66' title='bbox 569 1311 743 1378; x_wconf 82' lang='lat' dir='ltr'>defuerunt</span> <span class='ocrx_word' id='word_1_67' title='bbox 758 1314 822 1397; x_wconf 83' lang='lat' dir='ltr'>qui,</span> <span class='ocrx_word' id='word_1_68' title='bbox 839 1312 1079 1380; x_wconf 87' lang='lat' dir='ltr'>ecclesiasticae</span> <span class='ocrx_word' id='word_1_69' title='bbox 1101 1312 1312 1381; x_wconf 90' lang='lat' dir='ltr'>iurisdictioni</span> <span class='ocrx_word' id='word_1_70' title='bbox 1335 1312 1469 1397; x_wconf 82' lang='lat' dir='ltr'>infensi,</span> 
     </span>
     <span class='ocr_line' id='line_1_10' title="bbox 291 1426 1472 1523; baseline 0.005 -27"><span class='ocrx_word' id='word_1_71' title='bbox 291 1452 391 1517; x_wconf 92' lang='lat' dir='ltr'>prave</span> <span class='ocrx_word' id='word_1_72' title='bbox 415 1438 640 1517; x_wconf 76' lang='lat' dir='ltr'>pervertentes</span> <span class='ocrx_word' id='word_1_73' title='bbox 655 1434 836 1501; x_wconf 90' lang='lat' dir='ltr'>huiusmodi</span> <span class='ocrx_word' id='word_1_74' title='bbox 856 1434 1011 1501; x_wconf 88' lang='lat' dir='ltr'>historica</span> <span class='ocrx_word' id='word_1_75' title='bbox 1029 1426 1222 1501; x_wconf 85' lang='lat' dir='ltr'>documenta</span> <span class='ocrx_word' id='word_1_76' title='bbox 1245 1441 1279 1503; x_wconf 91' lang='lat' dir='ltr'>et</span> <span class='ocrx_word' id='word_1_77' title='bbox 1293 1438 1472 1523; x_wconf 77' lang='lat' dir='ltr'>praecipue</span> 
     </span>
    </p>
   </div>
   <div class='ocr_carea' id='block_1_4' title="bbox 282 1558 1472 4510">
    <p class='ocr_par' dir='ltr' id='par_1_5' title="bbox 283 1558 1472 3760">
     <span class='ocr_line' id='line_1_11' title="bbox 289 1558 1471 1650; baseline 0.007 -28"><span class='ocrx_word' id='word_1_78' title='bbox 289 1558 526 1645; x_wconf 82' lang='lat' dir='ltr'>Imperatorum</span> <span class='ocrx_word' id='word_1_79' title='bbox 558 1562 817 1635; x_wconf 86' lang='lat' dir='ltr'>constitutiones,</span> <span class='ocrx_word' id='word_1_80' title='bbox 841 1566 1065 1642; x_wconf 87' lang='lat' dir='ltr'>autumarunt,</span> <span class='ocrx_word' id='word_1_81' title='bbox 1090 1562 1209 1627; x_wconf 82' lang='lat' dir='ltr'>exinde</span> <span class='ocrx_word' id='word_1_82' title='bbox 1241 1564 1367 1637; x_wconf 88' lang='lat' dir='ltr'>evinci,</span> <span class='ocrx_word' id='word_1_83' title='bbox 1392 1565 1471 1650; x_wconf 88' lang='lat' dir='ltr'>Epi·</span> 
     </span>
     <span class='ocr_line' id='line_1_12' title="bbox 290 1683 1471 1774; baseline 0.005 -25"><span class='ocrx_word' id='word_1_84' title='bbox 290 1704 403 1768; x_wconf 87' lang='lat' dir='ltr'>scopos</span> <span class='ocrx_word' id='word_1_85' title='bbox 433 1683 475 1749; x_wconf 88' lang='lat' dir='ltr'>ab</span> <span class='ocrx_word' id='word_1_86' title='bbox 505 1684 604 1759; x_wconf 79' lang='lat' dir='ltr'>initio,</span> <span class='ocrx_word' id='word_1_87' title='bbox 629 1706 689 1771; x_wconf 89' lang='lat' dir='ltr'>pro</span> <span class='ocrx_word' id='word_1_88' title='bbox 711 1686 784 1751; x_wconf 84' lang='lat' dir='ltr'>loro</span> <span class='ocrx_word' id='word_1_89' title='bbox 807 1692 956 1758; x_wconf 84' lang='lat' dir='ltr'>externo,</span> <span class='ocrx_word' id='word_1_90' title='bbox 980 1706 1045 1751; x_wconf 91' lang='lat' dir='ltr'>non</span> <span class='ocrx_word' id='word_1_91' title='bbox 1076 1688 1265 1752; x_wconf 82' lang='lat' dir='ltr'>exercuisse</span> <span class='ocrx_word' id='word_1_92' title='bbox 1293 1688 1356 1753; x_wconf 89' lang='lat' dir='ltr'>nisi</span> <span class='ocrx_word' id='word_1_93' title='bbox 1384 1694 1471 1774; x_wconf 90' lang='lat' dir='ltr'>pote·</span> 
     </span>
     <span class='ocr_line' id='line_1_13' title="bbox 289 1810 1472 1898; baseline 0.003 -23"><span class='ocrx_word' id='word_1_94' title='bbox 289 1816 404 1876; x_wconf 88' lang='lat' dir='ltr'>statem</span> <span class='ocrx_word' id='word_1_95' title='bbox 428 1810 616 1877; x_wconf 79' lang='lat' dir='ltr'>arbitralem</span> <span class='ocrx_word' id='word_1_96' title='bbox 639 1817 672 1878; x_wconf 90' lang='lat' dir='ltr'>et</span> <span class='ocrx_word' id='word_1_97' title='bbox 688 1812 773 1877; x_wconf 91' lang='lat' dir='ltr'>hanc</span> <span class='ocrx_word' id='word_1_98' title='bbox 797 1832 839 1877; x_wconf 82' lang='lat' dir='ltr'>ex</span> <span class='ocrx_word' id='word_1_99' title='bbox 855 1812 1063 1877; x_wconf 88' lang='lat' dir='ltr'>concessione</span> <span class='ocrx_word' id='word_1_100' title='bbox 1083 1812 1341 1896; x_wconf 63' lang='lat' dir='ltr'>Imperatorum</span> <span class='ocrx_word' id='word_1_101' title='bbox 1359 1818 1472 1898; x_wconf 89' lang='lat' dir='ltr'>postea</span> 
     </span>
     <span class='ocr_line' id='line_1_14' title="bbox 288 1936 1470 2030; baseline 0.003 -30"><span class='ocrx_word' id='word_1_102' title='bbox 288 1955 377 2017; x_wconf 88' lang='lat' dir='ltr'>vero,</span> <span class='ocrx_word' id='word_1_103' title='bbox 401 1938 520 2003; x_wconf 84' lang='lat' dir='ltr'>sensim</span> <span class='ocrx_word' id='word_1_104' title='bbox 544 1937 710 2030; x_wconf 85' lang='lat' dir='ltr'>Ecclesiae</span> <span class='ocrx_word' id='word_1_105' title='bbox 733 1936 954 2004; x_wconf 85' lang='lat' dir='ltr'>invalescente</span> <span class='ocrx_word' id='word_1_106' title='bbox 976 1937 1179 2011; x_wconf 88' lang='lat' dir='ltr'>auctoritate,</span> <span class='ocrx_word' id='word_1_107' title='bbox 1204 1936 1264 2001; x_wconf 90' lang='lat' dir='ltr'>sibi</span> <span class='ocrx_word' id='word_1_108' title='bbox 1287 1936 1470 2003; x_wconf 88' lang='lat' dir='ltr'>vindicasse</span> 
     </span>
     <span class='ocr_line' id='line_1_15' title="bbox 290 2056 1469 2143; baseline 0.003 -22"><span class='ocrx_word' id='word_1_109' title='bbox 290 2062 478 2143; x_wconf 89' lang='lat' dir='ltr'>potestatem</span> <span class='ocrx_word' id='word_1_110' title='bbox 500 2078 580 2123; x_wconf 90' lang='lat' dir='ltr'>vere</span> <span class='ocrx_word' id='word_1_111' title='bbox 603 2056 795 2123; x_wconf 89' lang='lat' dir='ltr'>iudicialem.</span> <span class='ocrx_word' id='word_1_112' title='bbox 814 2058 883 2122; x_wconf 88' lang='lat' dir='ltr'>Non</span> <span class='ocrx_word' id='word_1_113' title='bbox 899 2057 1099 2123; x_wconf 86' lang='lat' dir='ltr'>morabimur</span> <span class='ocrx_word' id='word_1_114' title='bbox 1122 2060 1156 2122; x_wconf 92' lang='lat' dir='ltr'>in</span> <span class='ocrx_word' id='word_1_115' title='bbox 1176 2058 1348 2125; x_wconf 83' lang='lat' dir='ltr'>refutando</span> <span class='ocrx_word' id='word_1_116' title='bbox 1364 2062 1469 2125; x_wconf 90' lang='lat' dir='ltr'>veteri</span> 
     </span>
     <span class='ocr_line' id='line_1_16' title="bbox 289 2179 1469 2268; baseline 0.003 -24"><span class='ocrx_word' id='word_1_117' title='bbox 289 2182 496 2265; x_wconf 63' lang='lat' dir='ltr'>sophismata</span> <span class='ocrx_word' id='word_1_118' title='bbox 520 2181 577 2247; x_wconf 87' lang='lat' dir='ltr'>sed</span> <span class='ocrx_word' id='word_1_119' title='bbox 607 2186 801 2267; x_wconf 85' lang='lat' dir='ltr'>pronastro</span> <span class='ocrx_word' id='word_1_120' title='bbox 829 2201 926 2267; x_wconf 90' lang='lat' dir='ltr'>scopo</span> <span class='ocrx_word' id='word_1_121' title='bbox 949 2179 1067 2247; x_wconf 85' lang='lat' dir='ltr'>sufficit</span> <span class='ocrx_word' id='word_1_122' title='bbox 1098 2183 1253 2255; x_wconf 85' lang='lat' dir='ltr'>innuere,</span> <span class='ocrx_word' id='word_1_123' title='bbox 1278 2187 1469 2268; x_wconf 88' lang='lat' dir='ltr'>potestatem</span> 
     </span>
     <span class='ocr_line' id='line_1_17' title="bbox 288 2302 1472 2394; baseline 0.004 -21"><span class='ocrx_word' id='word_1_124' title='bbox 288 2307 478 2374; x_wconf 87' lang='lat' dir='ltr'>arbitralem</span> <span class='ocrx_word' id='word_1_125' title='bbox 502 2328 595 2393; x_wconf 86' lang='lat' dir='ltr'>quam</span> <span class='ocrx_word' id='word_1_126' title='bbox 619 2309 788 2375; x_wconf 90' lang='lat' dir='ltr'>christiani</span> <span class='ocrx_word' id='word_1_127' title='bbox 812 2310 1031 2394; x_wconf 88' lang='lat' dir='ltr'>Imperatores</span> <span class='ocrx_word' id='word_1_128' title='bbox 1061 2308 1172 2375; x_wconf 92' lang='lat' dir='ltr'>sedulo</span> <span class='ocrx_word' id='word_1_129' title='bbox 1185 2302 1413 2375; x_wconf 75' lang='lat' dir='ltr'>&#39;defenderunt</span> <span class='ocrx_word' id='word_1_130' title='bbox 1436 2316 1472 2378; x_wconf 91' lang='lat' dir='ltr'>et</span> 
     </span>
     <span class='ocr_line' id='line_1_18' title="bbox 288 2434 1469 2519; baseline 0.003 -20"><span class='ocrx_word' id='word_1_131' title='bbox 288 2436 546 2500; x_wconf 89' lang='lat' dir='ltr'>communierunt</span> <span class='ocrx_word' id='word_1_132' title='bbox 568 2440 601 2499; x_wconf 87' lang='lat' dir='ltr'>et</span> <span class='ocrx_word' id='word_1_133' title='bbox 626 2434 853 2500; x_wconf 81' lang='lat' dir='ltr'>Constantinus</span> <span class='ocrx_word' id='word_1_134' title='bbox 875 2435 1033 2519; x_wconf 89' lang='lat' dir='ltr'>ampliare</span> <span class='ocrx_word' id='word_1_135' title='bbox 1056 2436 1192 2507; x_wconf 84' lang='lat' dir='ltr'>curavit,</span> <span class='ocrx_word' id='word_1_136' title='bbox 1217 2440 1284 2504; x_wconf 88' lang='lat' dir='ltr'>toto</span> <span class='ocrx_word' id='word_1_137' title='bbox 1312 2436 1403 2501; x_wconf 90' lang='lat' dir='ltr'>coelo</span> <span class='ocrx_word' id='word_1_138' title='bbox 1425 2436 1469 2502; x_wconf 94' lang='lat' dir='ltr'>di-</span> 
     </span>
     <span class='ocr_line' id='line_1_19' title="bbox 288 2555 1468 2643; baseline 0.005 -22"><span class='ocrx_word' id='word_1_139' title='bbox 288 2562 375 2623; x_wconf 87' lang='lat' dir='ltr'>stare</span> <span class='ocrx_word' id='word_1_140' title='bbox 398 2578 418 2621; x_wconf 94' lang='lat' dir='ltr'>a</span> <span class='ocrx_word' id='word_1_141' title='bbox 440 2556 660 2623; x_wconf 84' lang='lat' dir='ltr'>iurisdictione</span> <span class='ocrx_word' id='word_1_142' title='bbox 683 2576 761 2621; x_wconf 87' lang='lat' dir='ltr'>vere</span> <span class='ocrx_word' id='word_1_143' title='bbox 784 2555 925 2621; x_wconf 88' lang='lat' dir='ltr'>iudiciali</span> <span class='ocrx_word' id='word_1_144' title='bbox 949 2558 1116 2642; x_wconf 88' lang='lat' dir='ltr'>Episcopis</span> <span class='ocrx_word' id='word_1_145' title='bbox 1140 2559 1282 2643; x_wconf 87' lang='lat' dir='ltr'>propria,</span> <span class='ocrx_word' id='word_1_146' title='bbox 1302 2565 1335 2625; x_wconf 88' lang='lat' dir='ltr'>et</span> <span class='ocrx_word' id='word_1_147' title='bbox 1357 2580 1468 2627; x_wconf 90' lang='lat' dir='ltr'>neces·</span> 
     </span>
     <span class='ocr_line' id='line_1_20' title="bbox 287 2677 1468 2767; baseline 0.003 -24"><span class='ocrx_word' id='word_1_148' title='bbox 287 2680 374 2743; x_wconf 90' lang='lat' dir='ltr'>saria</span> <span class='ocrx_word' id='word_1_149' title='bbox 400 2679 575 2764; x_wconf 86' lang='lat' dir='ltr'>eademque</span> <span class='ocrx_word' id='word_1_150' title='bbox 597 2679 637 2743; x_wconf 87' lang='lat' dir='ltr'>ab</span> <span class='ocrx_word' id='word_1_151' title='bbox 661 2677 712 2744; x_wconf 89' lang='lat' dir='ltr'>his</span> <span class='ocrx_word' id='word_1_152' title='bbox 737 2679 941 2765; x_wconf 86' lang='lat' dir='ltr'>Principibus</span> <span class='ocrx_word' id='word_1_153' title='bbox 972 2679 1213 2765; x_wconf 86' lang='lat' dir='ltr'>religiosissime</span> <span class='ocrx_word' id='word_1_154' title='bbox 1237 2682 1408 2767; x_wconf 83' lang='lat' dir='ltr'>recognita</span> <span class='ocrx_word' id='word_1_155' title='bbox 1434 2688 1468 2747; x_wconf 88' lang='lat' dir='ltr'>et</span> 
     </span>
     <span class='ocr_line' id='line_1_21' title="bbox 286 2802 1464 2890; baseline 0.007 -23"><span class='ocrx_word' id='word_1_156' title='bbox 286 2802 429 2869; x_wconf 86' lang='lat' dir='ltr'>detensa.</span> <span class='ocrx_word' id='word_1_157' title='bbox 453 2803 549 2869; x_wconf 89' lang='lat' dir='ltr'>Hanc</span> <span class='ocrx_word' id='word_1_158' title='bbox 579 2805 797 2888; x_wconf 86' lang='lat' dir='ltr'>quaestionem</span> <span class='ocrx_word' id='word_1_159' title='bbox 828 2803 894 2868; x_wconf 86' lang='lat' dir='ltr'>late</span> <span class='ocrx_word' id='word_1_160' title='bbox 923 2810 956 2869; x_wconf 86' lang='lat' dir='ltr'>et</span> <span class='ocrx_word' id='word_1_161' title='bbox 986 2804 1086 2870; x_wconf 92' lang='lat' dir='ltr'>solide</span> <span class='ocrx_word' id='word_1_162' title='bbox 1117 2808 1325 2890; x_wconf 89' lang='lat' dir='ltr'>persequitur</span> <span class='ocrx_word' id='word_1_163' title='bbox 1351 2807 1464 2875; x_wconf 88' lang='lat' dir='ltr'>Devoti</span> 
     </span>
     <span class='ocr_line' id='line_1_22' title="bbox 287 2926 1467 3018; baseline 0.004 -25"><span class='ocrx_word' id='word_1_164' title='bbox 287 2926 657 3012; x_wconf 55' lang='lat' dir='ltr'>(instaurabitur.</span> <span class='ocrx_word' id='word_1_165' title='bbox 687 2928 749 2995; x_wconf 84' lang='lat' dir='ltr'>Tit.</span> <span class='ocrx_word' id='word_1_166' title='bbox 766 2929 796 3014; x_wconf 86' lang='lat'>1)</span> <span class='ocrx_word' id='word_1_167' title='bbox 821 2948 939 3014; x_wconf 84' lang='lat' dir='ltr'>magna</span> <span class='ocrx_word' id='word_1_168' title='bbox 961 2937 1229 3015; x_wconf 83' lang='lat' dir='ltr'>argumentorum</span> <span class='ocrx_word' id='word_1_169' title='bbox 1253 2933 1346 3018; x_wconf 92' lang='lat' dir='ltr'>copia</span> <span class='ocrx_word' id='word_1_170' title='bbox 1369 2933 1467 2998; x_wconf 87' lang='lat' dir='ltr'>refel-</span> 
     </span>
     <span class='ocr_line' id='line_1_23' title="bbox 285 3050 1466 3129; baseline 0.004 -12"><span class='ocrx_word' id='word_1_171' title='bbox 285 3052 356 3118; x_wconf 89' lang='lat' dir='ltr'>lens</span> <span class='ocrx_word' id='word_1_172' title='bbox 379 3052 640 3118; x_wconf 87' lang='lat' dir='ltr'>adversariorum</span> <span class='ocrx_word' id='word_1_173' title='bbox 664 3050 827 3129; x_wconf 83' lang='lat' dir='ltr'>errorem;</span> <span class='ocrx_word' id='word_1_174' title='bbox 852 3052 908 3118; x_wconf 85' lang='lat' dir='ltr'>sed</span> <span class='ocrx_word' id='word_1_175' title='bbox 932 3053 972 3117; x_wconf 91' lang='lat' dir='ltr'>cl.</span> <span class='ocrx_word' id='word_1_176' title='bbox 993 3058 1117 3125; x_wconf 88' lang='lat' dir='ltr'>auctor,</span> <span class='ocrx_word' id='word_1_177' title='bbox 1134 3060 1226 3120; x_wconf 90' lang='lat' dir='ltr'>aestu</span> <span class='ocrx_word' id='word_1_178' title='bbox 1250 3058 1466 3122; x_wconf 87' lang='lat' dir='ltr'>contentionis</span> 
     </span>
     <span class='ocr_line' id='line_1_24' title="bbox 285 3173 1466 3263; baseline 0.005 -24"><span class='ocrx_word' id='word_1_179' title='bbox 285 3175 448 3259; x_wconf 87' lang='lat' dir='ltr'>abreptus,</span> <span class='ocrx_word' id='word_1_180' title='bbox 465 3174 577 3240; x_wconf 88' lang='lat' dir='ltr'>lorsan</span> <span class='ocrx_word' id='word_1_181' title='bbox 601 3194 666 3239; x_wconf 90' lang='lat' dir='ltr'>non</span> <span class='ocrx_word' id='word_1_182' title='bbox 688 3173 887 3241; x_wconf 87' lang='lat' dir='ltr'>sufficienter</span> <span class='ocrx_word' id='word_1_183' title='bbox 909 3174 1058 3249; x_wconf 88' lang='lat' dir='ltr'>advertit,</span> <span class='ocrx_word' id='word_1_184' title='bbox 1076 3177 1152 3260; x_wconf 90' lang='lat' dir='ltr'>quid</span> <span class='ocrx_word' id='word_1_185' title='bbox 1175 3179 1306 3243; x_wconf 87' lang='lat' dir='ltr'>nativae</span> <span class='ocrx_word' id='word_1_186' title='bbox 1330 3179 1466 3263; x_wconf 87' lang='lat' dir='ltr'>Episco-</span> 
     </span>
     <span class='ocr_line' id='line_1_25' title="bbox 285 3298 1466 3397; baseline 0.005 -36"><span class='ocrx_word' id='word_1_187' title='bbox 285 3317 398 3381; x_wconf 89' lang='lat' dir='ltr'>porum</span> <span class='ocrx_word' id='word_1_188' title='bbox 422 3300 571 3397; x_wconf 76' lang='lat' dir='ltr'>potestati</span> <span class='ocrx_word' id='word_1_189' title='bbox 602 3298 750 3365; x_wconf 90' lang='lat' dir='ltr'>arbitrali</span> <span class='ocrx_word' id='word_1_190' title='bbox 774 3302 951 3366; x_wconf 87' lang='lat' dir='ltr'>accesserit</span> <span class='ocrx_word' id='word_1_191' title='bbox 974 3320 1016 3365; x_wconf 83' lang='lat' dir='ltr'>ex</span> <span class='ocrx_word' id='word_1_192' title='bbox 1040 3302 1110 3365; x_wconf 90' lang='lat' dir='ltr'>iure</span> <span class='ocrx_word' id='word_1_193' title='bbox 1133 3300 1219 3367; x_wconf 91' lang='lat' dir='ltr'>illius</span> <span class='ocrx_word' id='word_1_194' title='bbox 1242 3303 1356 3367; x_wconf 88' lang='lat' dir='ltr'>aetatis</span> <span class='ocrx_word' id='word_1_195' title='bbox 1379 3305 1466 3389; x_wconf 87' lang='lat' dir='ltr'>posi-</span> 
     </span>
     <span class='ocr_line' id='line_1_26' title="bbox 283 3422 1465 3509; baseline 0.006 -24"><span class='ocrx_word' id='word_1_196' title='bbox 283 3422 349 3487; x_wconf 90' lang='lat' dir='ltr'>tivo</span> <span class='ocrx_word' id='word_1_197' title='bbox 365 3427 399 3489; x_wconf 89' lang='lat' dir='ltr'>et</span> <span class='ocrx_word' id='word_1_198' title='bbox 414 3427 653 3509; x_wconf 82' lang='lat' dir='ltr'>extemporum</span> <span class='ocrx_word' id='word_1_199' title='bbox 669 3425 804 3489; x_wconf 90' lang='lat' dir='ltr'>ratione.</span> <span class='ocrx_word' id='word_1_200' title='bbox 822 3422 887 3490; x_wconf 92' lang='lat' dir='ltr'>Sub</span> <span class='ocrx_word' id='word_1_201' title='bbox 910 3429 1044 3509; x_wconf 86' lang='lat' dir='ltr'>aspectu</span> <span class='ocrx_word' id='word_1_202' title='bbox 1065 3427 1211 3509; x_wconf 89' lang='lat' dir='ltr'>practico</span> <span class='ocrx_word' id='word_1_203' title='bbox 1235 3427 1318 3493; x_wconf 88' lang='lat' dir='ltr'>haec</span> <span class='ocrx_word' id='word_1_204' title='bbox 1338 3433 1465 3494; x_wconf 81' lang='lat' dir='ltr'>contro</span> 
     </span>
     <span class='ocr_line' id='line_1_27' title="bbox 284 3544 1464 3632; baseline 0.006 -23"><span class='ocrx_word' id='word_1_205' title='bbox 284 3544 412 3610; x_wconf 87' lang='lat' dir='ltr'>versiae</span> <span class='ocrx_word' id='word_1_206' title='bbox 436 3546 617 3632; x_wconf 84' lang='lat' dir='ltr'>explicatur</span> <span class='ocrx_word' id='word_1_207' title='bbox 645 3545 785 3629; x_wconf 82' lang='lat' dir='ltr'>infolio</span> <span class='ocrx_word' id='word_1_208' title='bbox 810 3566 926 3612; x_wconf 86' lang='lat' dir='ltr'>causae</span> <span class='ocrx_word' id='word_1_209' title='bbox 952 3545 1103 3615; x_wconf 82' lang='lat' dir='ltr'>Ciuitatis</span> <span class='ocrx_word' id='word_1_210' title='bbox 1129 3548 1264 3614; x_wconf 84' lang='lat' dir='ltr'>Costetti</span> <span class='ocrx_word' id='word_1_211' title='bbox 1282 3584 1299 3596; x_wconf 95' lang='lat'>·</span> <span class='ocrx_word' id='word_1_212' title='bbox 1318 3549 1464 3616; x_wconf 78' lang='lat' dir='ltr'>iurisdi-</span> 
     </span>
     <span class='ocr_line' id='line_1_28' title="bbox 285 3672 1463 3760; baseline 0.004 -24"><span class='ocrx_word' id='word_1_213' title='bbox 285 3672 403 3738; x_wconf 80' lang='lat' dir='ltr'>ctionis</span> <span class='ocrx_word' id='word_1_214' title='bbox 420 3708 437 3721; x_wconf 97' lang='lat'>-</span> <span class='ocrx_word' id='word_1_215' title='bbox 455 3672 510 3740; x_wconf 85' lang='lat' dir='ltr'>dte</span> <span class='ocrx_word' id='word_1_216' title='bbox 532 3674 559 3738; x_wconf 80' lang='lat'><em>2</em></span> <span class='ocrx_word' id='word_1_217' title='bbox 580 3676 669 3760; x_wconf 73' lang='lat' dir='ltr'>Any.</span> <span class='ocrx_word' id='word_1_218' title='bbox 686 3672 787 3754; x_wconf 66' lang='lat'><strong><em>1749,</em></strong></span> <span class='ocrx_word' id='word_1_219' title='bbox 806 3708 823 3723; x_wconf 95' lang='lat'><em>-</em></span> <span class='ocrx_word' id='word_1_220' title='bbox 843 3672 1005 3738; x_wconf 85' lang='lat' dir='ltr'>discussae</span> <span class='ocrx_word' id='word_1_221' title='bbox 1027 3672 1110 3757; x_wconf 92' lang='lat' dir='ltr'>apud</span> <span class='ocrx_word' id='word_1_222' title='bbox 1136 3673 1168 3739; x_wconf 85' lang='lat' dir='ltr'>S.</span> <span class='ocrx_word' id='word_1_223' title='bbox 1193 3674 1291 3760; x_wconf 85' lang='lat' dir='ltr'>(long.</span> <span class='ocrx_word' id='word_1_224' title='bbox 1318 3674 1463 3741; x_wconf 84' lang='lat' dir='ltr'>Ooncilii.</span> 
     </span>
    </p>

    <p class='ocr_par' dir='ltr' id='par_1_6' title="bbox 282 3796 1469 4510">
     <span class='ocr_line' id='line_1_29' title="bbox 373 3796 1464 3884; baseline -0.001 -20"><span class='ocrx_word' id='word_1_225' title='bbox 373 3798 404 3864; x_wconf 88' lang='grc'>5.</span> <span class='ocrx_word' id='word_1_226' title='bbox 430 3798 532 3864; x_wconf 88' lang='lat' dir='ltr'>Plane</span> <span class='ocrx_word' id='word_1_227' title='bbox 554 3796 699 3883; x_wconf 87' lang='lat' dir='ltr'>partibus</span> <span class='ocrx_word' id='word_1_228' title='bbox 723 3800 885 3884; x_wconf 87' lang='lat' dir='ltr'>integrum</span> <span class='ocrx_word' id='word_1_229' title='bbox 900 3802 973 3863; x_wconf 89' lang='lat' dir='ltr'>erat</span> <span class='ocrx_word' id='word_1_230' title='bbox 995 3796 1035 3863; x_wconf 91' lang='lat' dir='ltr'>ad</span> <span class='ocrx_word' id='word_1_231' title='bbox 1059 3798 1293 3883; x_wconf 89' lang='lat' dir='ltr'>Episcoporum</span> <span class='ocrx_word' id='word_1_232' title='bbox 1315 3798 1368 3864; x_wconf 91' lang='lat' dir='ltr'>vel</span> <span class='ocrx_word' id='word_1_233' title='bbox 1392 3799 1464 3865; x_wconf 88' lang='lat' dir='ltr'>Ma-</span> 
     </span>
     <span class='ocr_line' id='line_1_30' title="bbox 283 3921 1461 4007; baseline 0.004 -23"><span class='ocrx_word' id='word_1_234' title='bbox 283 3923 473 4007; x_wconf 87' lang='lat' dir='ltr'>gistratuum</span> <span class='ocrx_word' id='word_1_235' title='bbox 498 3922 639 3987; x_wconf 90' lang='lat' dir='ltr'>civilium</span> <span class='ocrx_word' id='word_1_236' title='bbox 665 3924 867 4005; x_wconf 90' lang='lat' dir='ltr'>aliorumque</span> <span class='ocrx_word' id='word_1_237' title='bbox 898 3924 1017 3988; x_wconf 90' lang='lat' dir='ltr'>civium</span> <span class='ocrx_word' id='word_1_238' title='bbox 1047 3921 1241 3988; x_wconf 88' lang='lat' dir='ltr'>arbitratum</span> <span class='ocrx_word' id='word_1_239' title='bbox 1267 3944 1461 4001; x_wconf 89' lang='lat' dir='ltr'>recurrere;</span> 
     </span>
     <span class='ocr_line' id='line_1_31' title="bbox 283 4046 1463 4135; baseline 0.004 -26"><span class='ocrx_word' id='word_1_240' title='bbox 283 4065 385 4129; x_wconf 90' lang='lat' dir='ltr'>quare</span> <span class='ocrx_word' id='word_1_241' title='bbox 409 4046 493 4112; x_wconf 90' lang='lat' dir='ltr'>sacili</span> <span class='ocrx_word' id='word_1_242' title='bbox 510 4048 639 4133; x_wconf 82' lang='lat' dir='ltr'>negotio</span> <span class='ocrx_word' id='word_1_243' title='bbox 653 4049 846 4135; x_wconf 84' lang='lat' dir='ltr'>intelligitur</span> <span class='ocrx_word' id='word_1_244' title='bbox 861 4048 1026 4131; x_wconf 88' lang='lat' dir='ltr'>quomodo,</span> <span class='ocrx_word' id='word_1_245' title='bbox 1045 4047 1189 4114; x_wconf 87' lang='lat' dir='ltr'>moribus</span> <span class='ocrx_word' id='word_1_246' title='bbox 1209 4049 1463 4114; x_wconf 87' lang='lat' dir='ltr'>christianorum</span> 
     </span>
     <span class='ocr_line' id='line_1_32' title="bbox 282 4170 1461 4256; baseline 0.003 -22"><span class='ocrx_word' id='word_1_247' title='bbox 282 4172 386 4255; x_wconf 82' lang='lat' dir='ltr'>magis</span> <span class='ocrx_word' id='word_1_248' title='bbox 409 4172 441 4235; x_wconf 94' lang='lat' dir='ltr'>in</span> <span class='ocrx_word' id='word_1_249' title='bbox 464 4170 532 4236; x_wconf 89' lang='lat' dir='ltr'>dies</span> <span class='ocrx_word' id='word_1_250' title='bbox 547 4191 568 4235; x_wconf 91' lang='lat' dir='ltr'>a</span> <span class='ocrx_word' id='word_1_251' title='bbox 582 4171 783 4256; x_wconf 82' lang='lat' dir='ltr'>perfectione</span> <span class='ocrx_word' id='word_1_252' title='bbox 806 4170 985 4237; x_wconf 87' lang='lat' dir='ltr'>christiana</span> <span class='ocrx_word' id='word_1_253' title='bbox 1004 4170 1239 4243; x_wconf 83' lang='lat' dir='ltr'>recedentibus,</span> <span class='ocrx_word' id='word_1_254' title='bbox 1257 4170 1329 4237; x_wconf 85' lang='lat' dir='ltr'>fere</span> <span class='ocrx_word' id='word_1_255' title='bbox 1352 4172 1461 4238; x_wconf 89' lang='lat' dir='ltr'>huius·</span> 
     </span>
     <span class='ocr_line' id='line_1_33' title="bbox 283 4294 1458 4384; baseline 0.004 -24"><span class='ocrx_word' id='word_1_256' title='bbox 283 4297 369 4362; x_wconf 92' lang='lat' dir='ltr'>modi</span> <span class='ocrx_word' id='word_1_257' title='bbox 399 4316 552 4363; x_wconf 87' lang='lat' dir='ltr'>recursus</span> <span class='ocrx_word' id='word_1_258' title='bbox 583 4297 802 4383; x_wconf 86' lang='lat' dir='ltr'>disparuerint</span> <span class='ocrx_word' id='word_1_259' title='bbox 831 4302 865 4361; x_wconf 92' lang='lat' dir='ltr'>et</span> <span class='ocrx_word' id='word_1_260' title='bbox 891 4294 990 4361; x_wconf 82' lang='lat' dir='ltr'>iudex</span> <span class='ocrx_word' id='word_1_261' title='bbox 1016 4297 1097 4363; x_wconf 88' lang='lat' dir='ltr'>eccl.</span> <span class='ocrx_word' id='word_1_262' title='bbox 1121 4302 1155 4365; x_wconf 90' lang='lat' dir='ltr'>et</span> <span class='ocrx_word' id='word_1_263' title='bbox 1184 4299 1298 4373; x_wconf 85' lang='lat' dir='ltr'>laicus,</span> <span class='ocrx_word' id='word_1_264' title='bbox 1323 4300 1458 4384; x_wconf 90' lang='lat' dir='ltr'>quisque</span> 
     </span>
     <span class='ocr_line' id='line_1_34' title="bbox 283 4423 1469 4510; baseline 0.003 -22"><span class='ocrx_word' id='word_1_265' title='bbox 283 4444 343 4510; x_wconf 91' lang='lat' dir='ltr'>pro</span> <span class='ocrx_word' id='word_1_266' title='bbox 366 4444 423 4490; x_wconf 91' lang='lat' dir='ltr'>suo</span> <span class='ocrx_word' id='word_1_267' title='bbox 446 4424 528 4499; x_wconf 84' lang='lat' dir='ltr'>foro,</span> <span class='ocrx_word' id='word_1_268' title='bbox 554 4425 758 4491; x_wconf 88' lang='lat' dir='ltr'>incubuerint</span> <span class='ocrx_word' id='word_1_269' title='bbox 786 4424 895 4491; x_wconf 90' lang='lat' dir='ltr'>litibus</span> <span class='ocrx_word' id='word_1_270' title='bbox 918 4423 1094 4490; x_wconf 80' lang='lat' dir='ltr'>enodandis</span> <span class='ocrx_word' id='word_1_271' title='bbox 1120 4443 1273 4509; x_wconf 85' lang='lat' dir='ltr'>processu</span> <span class='ocrx_word' id='word_1_272' title='bbox 1303 4426 1469 4509; x_wconf 56' lang='lat' dir='ltr'>iudiciali,</span> 
     </span>
    </p>
   </div>
   <div class='ocr_carea' id='block_1_5' title="bbox 0 0 1680 5117">
    <p class='ocr_par' dir='ltr' id='par_1_7' title="bbox 0 0 1680 5117">
     <span class='ocr_line' id='line_1_35' title="bbox 0 0 1680 5117; baseline 0 3"><span class='ocrx_word' id='word_1_273' title='bbox 0 0 1680 5117; x_wconf 95' lang='lat' dir='ltr'> </span> 
     </span>
    </p>
   </div>
  </div>
 </body>
</html>
