3350 5117
423 297 491 362 482
952 317 1035 362 rans
1062 317 1082 361 r.

422 441 594 506 formulam
618 443 765 521 iuratam,
783 446 818 504 ut
841 439 1036 506 determinet
1051 441 1115 504 vim
1130 441 1257 504 iuratae
1273 440 1428 504 assertionis
1440 442 1462 502 io
1473 460 1520 502 ono

421 565 578 650 peculiari
601 564 661 648 (l).
1573 535 1574 612 l

512 690 588 754 464.
613 690 832 754 iuramentum
854 689 921 755 titis
936 689 1207 755 aestimatorium
1223 709 1279 753 seu
1293 688 1328 752 ia
1341 689 1414 752 litero
1428 686 1524 750 defertur

422 813 468 878 illi
492 815 575 900 parti
600 833 682 896 quae
705 832 796 878 snam
819 815 882 878 iam
908 814 1058 898 probarit
1080 785 1300 894 intentionem,
1322 818 1352 877 at
1370 813 1479 876 valorem
1495 812 1523 873 re]

421 937 632 1020 quantitatem
656 938 705 1001 rei
732 936 859 1003 debitae
882 957 943 1022 per
967 936 1111 1022 legitima
1130 945 1318 1022 argumenta
1332 933 1524 1020 significarem

421 1061 510 1127 valet
524 1062 563 1126 ob
580 1060 727 1126 fraudem
742 1060 934 1126 adversarii.
949 1097 992 1112 -
1006 1063 1124 1147 Utputa
1140 1069 1266 1148 emptor
1281 1061 1411 1147 probarit
1422 1079 1449 1124 sa
1461 1063 1525 1122 certi<
1573 1137 1574 1142 ἵ

421 1206 477 1251 res
488 1188 603 1250 emisse
614 1206 633 1250 a
646 1187 732 1267 Gaio,
742 1186 798 1251 sed
810 1187 884 1270 quia
898 1187 952 1250 hic
967 1187 1215 1252 instrumentum
1228 1185 1404 1250 venditionis
1413 1183 1518 1247 lacerari:

422 1329 487 1374 non
510 1315 615 1394 potest
641 1315 767 1395 emptor
799 1313 833 1374 in
864 1311 972 1396 specie
1009 1310 1178 1376 declarare
1210 1328 1360 1393 quaenam
1387 1308 1479 1371 fuerint
1498 1325 1525 1367 rs

421 1437 558 1518 emptae.
579 1435 671 1499 Tunc
683 1435 712 1498 ei
729 1434 876 1500 defertur
894 1436 1111 1500 iuramentum
1128 1434 1194 1500 litis
1209 1431 1459 1510 aesfirroatorium,
1471 1435 1493 1494 ut
1504 1431 1526 1490 'n-

421 1565 494 1622 rata
517 1560 757 1625 asseveratione
781 1559 926 1625 declaret
951 1579 1107 1643 quaenam
1132 1580 1186 1624 res
1203 1559 1232 1622 ei
1249 1557 1412 1622 debeantur
1431 1559 1455 1618 et
1471 1571 1526 1633 ipone·

422 1699 497 1745 nam
520 1680 620 1745 fuerit
642 1681 826 1746 earumdem
849 1683 1041 1762 aestimatio,
1055 1682 1221 1766 perpensis
1238 1681 1387 1744 adiunctis
1399 1687 1450 1742 tum
1468 1673 1527 1738 solie
1573 1729 1574 1732 ,

422 1809 516 1873 ctiris
528 1813 594 1872 tum
608 1808 783 1873 obiectivis.
794 1807 843 1874 Cf.
855 1806 1222 1894 Schmalzgrueberbt.
1234 1799 1526 1890 nesea-todoat
1573 1831 1574 1836 κ

428 1931 528 2018 Greq.
545 1933 634 1996 iuxta
651 1951 819 1997 commune
831 1933 880 1996 ius
894 1933 949 2004 ita,
967 1952 1028 2018 per
1042 1931 1206 2010 articulos,
1224 1929 1309 1994 hanc
1320 1931 1412 2013 legem
1426 1925 1526 2010 proponi:
1573 1915 1574 1996 ζ

422 2063 485 2122 art.
508 2057 585 2123 760:
605 2078 622 2120 c
648 2057 720 2122 Hoc
743 2059 959 2122 iuramentum
985 2057 1152 2123 deferatur
1167 2057 1207 2122 ad
1232 2059 1404 2122 instantiam
1417 2054 1527 2140 partison
1573 2093 1574 2144 i

421 2183 519 2247 etiam
535 2202 554 2246 a
570 2181 727 2247 iudicibus
743 2204 784 2248 ex
799 2181 905 2247 officio
923 2205 954 2259 »;
973 2203 1003 2247 a.
1020 2185 1096 2248 761:
1115 2205 1134 2245 ‹
1152 2185 1235 2248 Pars
1251 2203 1332 2267 quae
1345 2181 1382 2246 ad
1401 2181 1450 2244 hirc
1466 2178 1523 2240 inea

421 2307 511 2370 uniet
533 2325 610 2370 suae
633 2307 805 2372 instantiae
828 2305 985 2388 notulam,
1003 2327 1065 2391 qna
1088 2315 1304 2372 recensentur
1325 2305 1435 2388 singrda
1452 2299 1527 2364 olias:

421 2435 477 2494 aut
500 2429 624 2494 credita
646 2429 841 2494 iudicialiter
862 2434 1016 2516 expetita,
1034 2447 1209 2514 eorumque
1233 2431 1328 2495 valor
1348 2433 1398 2494 aut
1416 2423 1527 2509 quantis:

421 2551 519 2616 addet
541 2552 792 2619 declarationem
816 2573 879 2638 qua
903 2552 1081 2639 profitetur,
1099 2574 1134 2618 se
1150 2554 1262 2618 iurare
1278 2556 1413 2638 paratam
1431 2563 1488 2612 esu.
1499 2561 1529 2604 ts*

421 2677 522 2742 tufam
546 2699 616 2742 esse
639 2681 768 2743 ueritati
785 2679 996 2760 conformem,
1013 2687 1080 2744 turn
1098 2680 1200 2764 quoad
1216 2699 1391 2746 numerum.
1406 2683 1457 2740 turo
1470 2665 1529 2754 qui]
1572 2643 1573 2656 ¹

421 2801 565 2866 valorem
590 2823 701 2867 rernm
724 2804 996 2869 denunciatarum
1021 2823 1051 2878 ›;
1068 2822 1097 2868 a.
1123 2803 1239 2867 aab<
1265 2803 1297 2868 Si
1321 2797 1443 2866 tribunal
1461 2799 1531 2858 inur-

422 2927 499 2989 tiam
522 2925 693 2990 iuramenti
717 2924 874 3006 admittat,
903 2924 1063 3012 delegabit
1086 2947 1182 2990 unum
1205 2946 1250 2991 ex
1275 2924 1420 2991 iudicibus
1440 2918 1469 2984 ad
1485 2914 1528 2978 iltt

420 3051 663 3136 excipiendum:
688 3052 806 3137 poterit
829 3050 1013 3117 diminuere
1033 3052 1177 3116 valorem
1193 3052 1395 3116 enunciatum
1410 3049 1435 3110 io
1455 3038 1530 3104 ortuis
1571 3103 1572 3126 χ

420 3175 547 3258 quando
564 3174 708 3239 eumdem
727 3183 857 3241 censeat
881 3183 1126 3262 exaggeratum,
1148 3181 1181 3242 et
1204 3171 1421 3240 determinabit
1435 3181 1531 3232 suanus.

420 3321 504 3385 quae
528 3302 590 3365 erit
613 3303 795 3365 iuramento
817 3300 1012 3366 affirmanda
1027 3321 1058 3376 »;
1075 3321 1103 3364 a.
1121 3300 1196 3366 764:
1215 3321 1233 3362 o
1251 3295 1400 3364 Tribunal
1414 3293 1531 3358 decaron

421 3447 467 3492 ean
489 3426 597 3511 officio
620 3429 835 3494 iuramentum
860 3428 897 3492 in
918 3427 1012 3493 litem
1029 3428 1309 3512 praecipietparti
1326 3421 1531 3490 cordatorum

421 3552 564 3616 notulam
588 3550 737 3617 conficiat
760 3557 792 3616 et
815 3556 963 3638 porrigat
979 3573 1075 3639 supra
1090 3552 1302 3638 descriptam;
1321 3549 1531 3618 undatione
1570 3571 1571 3576 ¹

420 3675 610 3740 diminuitur
633 3678 657 3740 si
682 3677 799 3740 nimius
822 3675 972 3744 videatur
995 3699 1026 3742 ».
1052 3678 1098 3745 cf.
1116 3697 1191 3762 cup.
1210 3677 1233 3742 7
1254 3679 1306 3744 Dc
1329 3678 1377 3742 nis
1397 3687 1466 3760 quoe
1484 3657 1532 3728 ull

421 3799 462 3886 (r,
488 3801 552 3884 oo).

511 4333 549 4398 (l)
570 4331 609 4385 Cf.
629 4332 692 4385 Cud.
707 4333 750 4383 cit.
767 4329 850 4396 Grep.
864 4345 890 4378 u.
911 4325 973 4379 748
985 4339 1050 4394 seq,
1064 4321 1108 4376 irbi
1123 4319 1240 4390 regulae
1255 4340 1340 4392 supra
1358 4320 1530 4377 adnodatur:-

421 4444 576 4495 firmantur.
593 4445 602 4463 ·
