3350 5117
518 300 563 345 on
587 296 726 346 marcus
750 294 1021 344 aconesrasrrors
1315 268 1359 333 97

266 429 319 495 73.
352 426 521 495 Vocabula
552 424 679 510 quidem
710 425 815 489 minus
845 422 1008 508 elegantia
1038 426 1126 495 sunt;
1158 418 1216 485 sed
1246 438 1360 485 eorum

177 549 369 637 significatio
393 550 570 636 respondet
593 548 789 615 examussim
805 546 926 633 duplici
941 545 1087 629 qualitati
1103 544 1200 609 huius
1214 540 1321 609 officii.
1339 578 1358 592 -

180 679 229 743 Re
252 698 331 743 sane
355 696 436 741 vera
458 676 649 741 advertatur
672 673 756 759 quod
772 674 815 739 uti
832 676 931 738 antea
947 668 1140 755 explicanda
1156 672 1228 734 erat
1247 664 1361 733 indicis

179 798 367 867 iurisdictio
391 804 423 864 et
445 800 478 863 in
503 800 569 863 suis
594 798 738 883 partibus
761 792 1008 868 consideranda,
1025 794 1071 860 ita
1094 810 1181 857 nunc
1197 790 1236 855 de
1251 788 1360 875 officio

179 919 293 985 iudicis
316 918 538 985 disserendum
564 925 621 984 est.
647 918 728 983 Nam
759 916 908 1001 officium
937 910 1047 979 differt
1075 934 1095 979 a
1117 911 1360 980 inescatione.

180 1045 226 1109 uti
249 1048 391 1129 potestas
414 1042 533 1127 aliquid
556 1040 694 1108 faciendi
719 1038 828 1107 differt
849 1040 890 1105 ab
914 1041 1074 1105 exercitio
1101 1037 1243 1105 eiusdem
1270 1044 1361 1124 poto·

179 1170 281 1243 statis,
307 1188 372 1234 non
396 1189 490 1235 secus
512 1188 552 1233 ac
574 1168 712 1234 facultas
735 1168 980 1233 discriminatur
1002 1165 1043 1231 ab
1066 1174 1142 1231 actu
1166 1186 1223 1230 seu
1245 1164 1363 1229 abusu

180 1290 324 1357 eiusdem
349 1291 521 1357 facultatis.
547 1294 696 1358 Iamrero
719 1290 859 1376 primum
874 1289 951 1355 huic
968 1288 1148 1373 quaestioni
1167 1288 1364 1353 satisfacien-

180 1412 256 1479 dum
281 1421 344 1481 est:
369 1414 527 1499 quomodo
550 1417 583 1481 in
606 1415 733 1481 casibus
757 1414 1006 1501 particularibus
1030 1420 1063 1479 et
1085 1412 1248 1479 concretis
1266 1410 1365 1479 iudex

182 1536 354 1603 exercebit
376 1557 467 1602 suam
492 1536 762 1603 iurisdictionem?
785 1535 887 1602 Debet
914 1538 982 1623 ipse
1012 1555 1190 1602 occurrere
1218 1534 1365 1622 partibus

182 1658 453 1726 contendentibus
475 1660 515 1725 ad
539 1681 652 1727 eorum
677 1659 889 1726 dirimendam
912 1660 1178 1731 controversiam,
1194 1658 1247 1724 vel
1270 1678 1365 1743 expe

183 1794 277 1853 ctare
292 1791 328 1852 ut
344 1786 509 1871 litigantes
525 1791 680 1872 expetant
702 1786 897 1851 exercitium
911 1805 989 1850 suae
1004 1782 1252 1851 iurisdictionis?
1267 1785 1367 1850 Prae

182 1918 286 1983 terea,
314 1906 535 1993 quaecumque
558 1930 600 1974 ex
624 1929 682 1973 sua
703 1908 927 1976 iurisdictione
949 1912 1119 1993 praestare
1142 1906 1247 1980 debet,
1270 1907 1367 1972 inter-

183 2042 283 2123 ponet
310 2034 495 2121 requr'silus
525 2053 544 2098 a
575 2034 720 2120 partibus
743 2054 801 2099 seu
824 2033 1046 2099 tantummodo
1068 2032 1207 2119 partium
1234 2033 1368 2118 praevia

184 2160 354 2247 petitione;
379 2159 431 2223 vel
455 2160 560 2245 potins
582 2163 677 2224 motu
698 2152 786 2226 suo?

275 2286 331 2349 74.
356 2284 441 2350 Huic
467 2285 645 2370 quaestioni
669 2283 882 2370 respondetur
898 2283 1121 2371 distinguendo
1137 2282 1276 2349 officium
1292 2282 1368 2347 iudi·

185 2414 232 2478 cis
255 2410 370 2479 nobile
392 2410 433 2475 ab
457 2409 562 2476 officio
585 2411 807 2479 mercenario,

276 2534 407 2599 Etenim
431 2554 473 2598 ex
497 2534 604 2619 officio
627 2535 841 2602 mercenario
865 2535 1011 2621 procedit
1038 2533 1137 2599 iudex
1163 2535 1297 2619 praevia
1319 2534 1369 2597 in·
1439 2490 1634 2612 ,WQ

187 2661 306 2725 stantia
338 2658 495 2732 iudiciali,
521 2680 578 2725 seu
607 2662 734 2727 actione
759 2662 916 2748 partium
940 2680 983 2726 ex
1015 2660 1123 2744 officio
1155 2680 1234 2724 vero
1264 2659 1370 2726 nobili
1394 2663 1526 2738 &Ab
1542 2620 1639 2744 W*

1391 2736 1542 2812 viselat
1554 2760 1629 2849 effi

187 2784 335 2870 procedit
358 2789 446 2849 motu
470 2806 536 2857 suo,
562 2788 694 2869 praevio
718 2788 796 2851 iuris
822 2786 1000 2851 communis
1022 2786 1173 2870 imperio,
1198 2782 1238 2848 ob
1260 2795 1396 2849 neces-⁴

188 2910 316 2974 sitatem
340 2908 479 2973 iustitiae
496 2908 634 2973 tuendae
650 2916 705 2975 aut
720 2910 890 2994 aequitatis
906 2910 1102 2984 statuendae,
1121 2909 1265 2993 quamvis
1282 2908 1371 2973 nulla
1390 2868 1444 2980 413³

188 3033 408 3120 praecesserit
431 3032 601 3115 postulatio
617 3034 717 3117 partis
732 3034 891 3099 interesse
914 3032 1072 3099 habentis.
1094 3021 1308 3119 Quapropter,
1323 3034 1371 3099 uti
1397 2985 1508 3135 &A
1536 2994 1625 3133 Η

189 3153 383 3220 vocabulum
408 3155 572 3239 exprimit,
596 3174 786 3239 quamquam
817 3156 1020 3237 inconcinne,
1044 3156 1295 3222 mercenarium
1322 3162 1372 3223 est
1402 3130 1608 3220 ΝΛΜ-Μ

191 3272 329 3341 officium
348 3272 433 3357 quod
449 3275 637 3359 rependitur
652 3274 691 3340 ad
710 3276 950 3360 obsequendum
972 3278 1111 3363 partium
1134 3279 1254 3343 actioni
1275 3297 1370 3362 quam
1390 3274 1510 3367 ἵζω
1526 3262 1600 3357 Ψ

192 3422 347 3487 respuere
380 3401 478 3467 iude'x
513 3421 576 3466 non
600 3407 714 3487 potest,
739 3423 821 3487 quae
852 3408 962 3469 tamen
992 3405 1054 3469 nisi
1085 3406 1249 3477 instasset,
1273 3405 1372 3471 iudex

193 3526 273 3590 nihil
297 3527 472 3591 statuisset.
497 3561 541 3575 -
566 3526 617 3590 Ex
640 3526 778 3591 adverso
802 3526 913 3593 nobile
937 3532 987 3595 est
1008 3526 1148 3594 officium
1174 3529 1288 3595 iudicis
1314 3550 1373 3595 seu

194 3668 235 3714 ex
257 3670 395 3715 munere
418 3669 476 3715 suc
499 3632 692 3735 impensum;
715 3656 824 3736 utpote
846 3671 1045 3724 concessum,
1061 3673 1128 3717 non
1151 3654 1226 3736 quia
1248 3658 1280 3719 et
1300 3672 1373 3737 qua·

195 3779 286 3841 tenus
312 3774 550 3859 expostulatum
573 3776 634 3841 luit
656 3796 675 3840 a
698 3774 853 3861 partibus,
869 3776 926 3841 sed
946 3796 1042 3861 quum
1066 3776 1129 3841 hoc
1152 3778 1301 3863 exigeret
1323 3779 1373 3843 ius

197 3918 363 3964 commune
387 3894 537 3987 autlipsa
566 3902 724 3985 aequitas;
749 3899 830 3965 adeo
854 3904 890 3967 ut
911 3901 1140 3987 postulationes
1171 3906 1204 3966 et
1232 3903 1373 3987 partium

198 4042 308 4107 preces
331 4025 359 4088 si
383 4022 556 4099 adfuerint,
581 4024 643 4089 hae
667 4024 799 4090 luerunt
821 4026 958 4098 occasio,
980 4046 1037 4091 seu
1056 4046 1158 4092 causa
1179 4027 1372 4109 impulsiva,

199 4168 261 4213 non
284 4148 534 4237 causa2molioo
557 4156 591 4217 et
613 4148 756 4217 efficiens
779 4151 1031 4235 interpositionis
1053 4150 1149 4218 officii
1172 4151 1295 4218 iudicis.

285 4272 339 4337 75.
365 4268 695 4361 Quibus1p1·aemissis
718 4274 814 4338 facile
838 4274 1038 4359 intelligitur,
1056 4274 1212 4359 quomodo
1234 4273 1374 4340 officium

203 4397 451 4462 mercenarium
476 4403 671 4465 exerceatur
695 4400 726 4463 in
752 4400 890 4485 negotiis
912 4399 1069 4478 civilibus,
1086 4420 1169 4485 quae
1189 4402 1262 4465 iura
1277 4400 1374 4465 conti·

342 4520 403 4575 Suc.
426 4522 511 4593 Lepa.
1251 4522 1269 4573 7
