3350 5117
499 291 543 338 oa
567 290 706 338 runicus
729 274 995 339 uoouasmsrrcrs
1272 272 1333 338 641

115 434 120 441 ·
158 413 358 480 admittenda
380 420 430 480 est
451 415 617 480 revocatio
638 412 820 481 sententiae
841 435 901 500 per
925 414 1047 480 iudices
1070 414 1260 488 ordinarios,
1284 415 1337 480 vel

152 539 271 604 saltem
294 558 448 604 recursus
463 538 672 626 excipiendus
688 544 736 604 est
751 559 772 603 a
787 539 942 625 Principe
964 539 1005 604 ad
1029 539 1167 604 iustitiae
1190 536 1337 603 ordinem

152 663 408 740 restituendum
433 665 475 730 of.
501 663 595 730 Reid.
620 667 641 731 t.
666 685 693 732 c.
718 670 752 730 et
774 664 913 750 Pirhing
935 665 967 729 lt.
993 670 1013 729 t.
1037 686 1071 731 n.
1095 663 1159 748 503

245 788 275 869 d)
300 790 423 855 Causae
446 786 667 865 beneficialem
692 809 767 854 nam
790 791 817 854 si
842 788 998 855 adversus
1021 809 1237 876 possessorem
1261 809 1337 874 pro-

152 915 252 981 betur
275 915 405 981 nullitas
427 915 523 998 tituli,
539 935 596 981 seu
619 917 753 981 vitiosus
775 917 951 1002 ingressus,
968 921 1146 981 revocatur
1166 917 1335 998 sententia,

153 1039 253 1104 etiam
269 1042 342 1123 post
357 1035 559 1110 decendium,
573 1056 616 1102 ex
632 1057 707 1121 cop.
724 1038 772 1102 46
786 1038 837 1104 De
858 1039 980 1121 appell.
994 1039 1040 1122 Χ,·
1055 1037 1150 1104 saluti
1167 1038 1252 1104 anim
1268 1040 1337 1103 ani-

130 1141 135 1148 ’
154 1181 282 1226 marum
299 1179 521 1246 quaecumque
532 1161 769 1244 praesumptio
784 1161 902 1227 cedere
914 1160 1018 1230 debet.
1031 1162 1156 1227 Verum
1173 1167 1276 1245 caput
1286 1160 1337 1226 32

155 1287 205 1352 De
222 1289 311 1354 elect.
328 1287 364 1350 X
377 1286 416 1367 (l,
434 1286 467 1372 6)
484 1284 630 1350 decernit
645 1305 776 1352 causam
799 1285 1023 1352 beneficialem
1039 1287 1180 1352 transire
1203 1287 1240 1352 in
1262 1306 1336 1352 rem

151 1411 358 1494 iudicatam
380 1417 414 1477 et
436 1411 500 1476 hoc
517 1411 653 1497 intelligi
669 1411 764 1479 debet
780 1411 820 1478 de
837 1433 876 1477 eo
894 1414 948 1497 qui
965 1411 1160 1478 contradixit
1175 1413 1334 1478 electioni.

153 1535 236 1601 Nam
267 1535 322 1600 hic
352 1555 417 1601 non
448 1536 615 1622 appellans
644 1557 665 1601 a
694 1539 858 1603 sententia
881 1539 1071 1604 electionem
1096 1536 1334 1624 comprobante,

153 1663 268 1743 postea
290 1658 678 1743 amplius-contradicere
700 1679 764 1724 non
789 1660 885 1725 valet.
905 1659 971 1726 Res
996 1680 1074 1725 vero
1096 1660 1248 1726 iudicata
1271 1681 1335 1724 non

151 1782 295 1849 habetur
325 1785 358 1847 in
387 1783 619 1869 praeiudicium
652 1785 742 1849 Eccl.
772 1790 805 1850 et
834 1786 869 1849 in
898 1785 1045 1850 favorem
1076 1782 1268 1866 beneficiati,
1291 1787 1336 1850 ait

153 1904 250 1972 Reid.
275 1908 295 1972 l.
321 1927 348 1973 c.
372 1927 405 1972 n.
431 1906 510 1972 1211.
698 1893 706 1904 ’

245 2029 274 2116 c)
293 2030 373 2096 Item
389 2049 507 2093 causae
524 2029 787 2096 matrimoniales.
802 2028 972 2113 Siquidem,
987 2033 1131 2113 quamvis
1147 2049 1207 2115 pro
1228 2031 1336 2096 validi-

156 2161 227 2220 tate
243 2157 439 2220 matrimonii
462 2159 531 2222 tres
548 2156 732 2220 conformes
745 2158 924 2222 sententiae
939 2156 1069 2221 habitae
1085 2157 1157 2238 sint,
1175 2157 1201 2220 si
1224 2162 1335 2242 postea

153 2283 297 2363 exurgat
319 2277 426 2342 valida
448 2277 595 2363 probatio
625 2276 665 2341 de
695 2278 867 2343 existentia
897 2278 1113 2363 impedimenti
1145 2279 1333 2354 dirimentis,

152 2401 239 2466 haec
269 2400 467 2468 admittenda
496 2406 560 2475 est;
591 2420 665 2464 nam
696 2402 744 2466 ius
774 2400 918 2466 divinum
948 2403 1116 2487 praevalet
1146 2404 1335 2486 cuicumque

153 2525 220 2590 iuri
243 2525 395 2608 humano,
419 2526 571 2591 nimirum
596 2505 655 2610 ipsi
678 2527 929 2611 praesumptioni
953 2527 1038 2593 iuris
1061 2533 1091 2592 et
1114 2528 1157 2593 de
1178 2528 1254 2594 iure
1277 2527 1333 2614 (1).

246 2806 286 2875 (Ι)
307 2805 383 2860 Haec
402 2805 488 2859 habet
508 2805 651 2860 Reiffenst.
672 2807 851 2860 l.c.n.120.·
868 2807 1028 2862 <Ceterum
1047 2807 1151 2860 dictum
1170 2807 1243 2861 istud
1262 2809 1335 2878 quod

149 2910 296 2964 sententia
314 2909 373 2968 lata
390 2910 420 2963 in
439 2926 523 2962 causa
541 2914 608 2962 mat.
628 2925 684 2963 non
703 2913 827 2965 transeat
845 2911 874 2964 iu
894 2927 951 2964 rem
970 2909 1129 2976 iudicatam,
1148 2916 1214 2964 tunc
1232 2910 1335 2965 solum·

149 3016 234 3070 modo
254 3017 379 3085 procedit
397 3016 508 3087 quando
527 3019 561 3070 e'x
581 3017 657 3070 illius
675 3017 831 3072 sententiae
850 3019 1027 3072 observantia
1048 3018 1171 3072 nutritur
1190 3021 1334 3087 peccatum

149 3122 227 3192 quod
247 3122 392 3193 utriusque
411 3123 499 3191 partis
517 3138 653 3177 consensu
672 3139 725 3176 non
746 3127 838 3191 potest
857 3124 993 3193 impediri,
1012 3141 1064 3178 nec
1083 3123 1144 3178 tolli
1165 3124 1255 3195 quoad
1272 3123 1333 3177 cul·

148 3245 231 3299 pam;
252 3233 292 3283 uti
311 3231 344 3282 fit
363 3230 391 3283 in
411 3232 536 3300 proxime
556 3230 652 3284 relatis
670 3232 787 3298 casibus,
809 3231 855 3283 ubi
875 3232 1014 3285 sententia
1039 3231 1097 3286 lota
1121 3233 1220 3286 contra
1238 3231 1334 3301 lagiti-

149 3352 229 3388 mum
249 3337 457 3390 matrimonium
477 3353 512 3390 ex
531 3336 655 3405 allegato
672 3337 744 3390 falso
762 3336 959 3405 impedimento
971 3335 1016 3392 vel
1029 3353 1080 3406 pro
1092 3337 1186 3394 valore
1199 3342 1266 3391 mat.
1278 3354 1335 3392 non

149 3442 284 3496 obstante
309 3443 508 3512 impedimento
526 3443 673 3497 dirimente
693 3458 722 3495 v.
742 3459 769 3510 g.
788 3443 1040 3512 consanguinitatis
1058 3443 1178 3512 partium
1198 3459 1333 3498 consensu

148 3547 325 3602 convalidari
344 3566 398 3602 nou
418 3553 516 3618 potest.
537 3547 635 3602 Glossa
652 3550 698 3617 fin.
720 3551 763 3602 cit.
784 3566 805 3601 c.
825 3549 913 3602 Lotor
931 3552 960 3601 et
979 3547 1073 3601 Abbas
1092 3549 1156 3602 ibid.
1175 3567 1202 3600 n.
1218 3549 1244 3600 9.
1264 3549 1333 3602 Bar·

148 3652 220 3704 bosa
239 3670 265 3704 n.
284 3653 305 3704 3
323 3652 349 3704 lu
367 3661 385 3704 t.
406 3651 533 3719 allegans
557 3650 652 3720 plures
677 3650 755 3703 alios.
780 3649 865 3704 Secus
890 3649 1034 3704 dicendum
1060 3650 1170 3720 quando
1194 3652 1334 3705 sententia

146 3757 207 3810 suit
227 3757 285 3811 lata
304 3774 354 3827 pro
372 3757 551 3811 matrimonio
569 3757 641 3828 qood
660 3757 767 3811 nullum
788 3760 849 3810 erat
868 3773 902 3810 ex
921 3756 1030 3810 defectu
1046 3774 1093 3825 per
1106 3762 1198 3825 partes
1215 3759 1335 3812 remissi·

149 3862 212 3929 bili,
233 3867 301 3931 puta
320 3881 354 3918 ex
372 3863 483 3918 defectu
501 3879 651 3917 consensus
668 3865 704 3918 ob
723 3880 837 3932 gravem
861 3868 965 3918 matum
990 3864 1194 3930 incussum,vel
1214 3881 1248 3918 ex
1266 3881 1333 3918 con-

149 3969 259 4023 ditione
278 3971 421 4025 servitutis
440 3973 475 4023 ab
494 3971 584 4025 altera
603 3976 682 4041 parte
701 3977 784 4026 autea
804 3971 956 4040 ignoratae.
977 3971 1047 4023 Nam
1063 3971 1085 4023 si
1099 3987 1116 4023 a
1130 3971 1179 4024 tali
1194 3975 1333 4026 sententia

147 4077 228 4130 intra
245 4076 407 4130 decendium
426 4094 482 4130 non
500 4077 585 4132 fuerit
602 4078 780 4148 appellatum,
797 4083 863 4130 tunc
882 4093 916 4132 ea
935 4078 1035 4130 transit
1054 4078 1081 4130 in
1100 4093 1157 4130 rem
1174 4077 1332 4145 iudicatam,

147 4183 222 4238 adeo
241 4189 271 4236 ut
290 4188 383 4251 partes
401 4184 434 4237 de
453 4200 524 4236 noro
544 4184 702 4240 consentire
720 4184 847 4250 debeant,
862 4200 967 4254 suoque
986 4199 1121 4238 consensu
1135 4184 1187 4254 (uti
1206 4185 1332 4256 possunt)

146 4289 359 4344 matrimonium
384 4289 575 4352 convalidare5
595 4307 629 4343 ac
648 4295 744 4359 postea
768 4289 877 4344 resilire
897 4289 993 4344 voleus
1012 4306 1068 4344 non
1087 4289 1207 4360 amplius
1226 4292 1262 4346 sit
1280 4308 1332 4345 arr-

144 4396 282 4462 diendus,
300 4395 355 4449 imo
379 4395 586 4464 compellendus
609 4396 760 4451 adhaerere
785 4395 877 4462 alteri,
898 4414 959 4450 cum
989 4397 1093 4468 absque
1119 4401 1233 4465 peccato
1260 4397 1333 4452 istud

303 4503 361 4555 Suc.
382 4502 469 4570 Lapa.
1191 4503 1222 4555 41
