3350 5117
333 290 401 358 342
859 314 944 362 raas
968 315 990 361 1.

344 435 582 520 quomodolibet
611 439 820 523 pertinentes,
839 440 963 505 etiamsi
993 439 1199 507 beneficiales
1228 442 1309 524 sint,
1332 443 1438 528 prima
1463 444 1516 506 in·

338 563 458 626 stantia
481 581 591 628 coram
610 563 783 628 ordinariis
806 564 951 629 locorum
971 563 1137 630 dumtaxat
1152 571 1398 651 cognoscantur,
1417 569 1518 650 atque

337 687 469 752 omnino
500 688 613 753 saltem
644 688 732 753 infra
762 707 932 754 arnnruuu
955 707 974 752 a
995 687 1048 754 die
1069 695 1177 755 motae
1199 689 1265 755 litis
1286 690 1516 761 terminentur,

337 811 479 896 alioquin
503 817 575 898 post
596 812 628 876 id
651 814 786 898 spatium
818 813 956 879 liberum
987 815 1031 879 sit
1060 815 1204 900 partibus
1232 816 1286 880 vel
1316 816 1413 881 alteri
1442 815 1517 879 illo-

342 958 415 1003 rum
438 938 561 1006 iudices
584 941 777 1025 superiores,
802 940 883 1005 alias
905 947 1013 1006 tamen
1038 946 1264 1027 competentes,
1287 942 1380 1008 adire
1404 961 1436 1004 r.
1460 941 1516 1004 ln·

335 1058 509 1148 terpretes'
532 1064 565 1128 in
600 1062 686 1127 hanc
716 1065 831 1149 legem,
857 1067 963 1150 prouti
990 1065 1112 1131 lactum
1139 1066 1262 1130 iuerat
1276 1067 1309 1130 in
1340 1067 1517 1131 Decretum

340 1188 518 1268 Iustiniani,
543 1189 717 1272 inquirunt,
743 1209 784 1253 an
807 1189 1029 1275 praeterlapso
1058 1189 1188 1253 biennio
1217 1189 1290 1272 ipso
1321 1189 1397 1254 iure
1427 1190 1515 1272 peri-

338 1317 449 1378 matur·
473 1315 633 1386 instantia,
658 1333 699 1378 an
731 1315 951 1381 tantummodo
974 1316 1014 1380 ad
1045 1281 1236 1382 instantiam
1259 1317 1409 1400 partium,
1433 1313 1517 1379 adeo

339 1429 375 1502 ut
398 1437 509 1503 iisdem
535 1440 695 1524 integrum
723 1440 824 1512 sitsi
855 1440 994 1514 libuerit,
1020 1441 1204 1505 instantiam
1234 1439 1321 1505 ultra
1350 1437 1517 1504 biennium

334 1563 495 1646 prosequi.

246 1659 247 1663 Ἰ
430 1685 523 1752 Haec
538 1687 650 1751 ultima
666 1689 825 1752 sententia
848 1684 977 1752 videtur
992 1687 1096 1752 textui
1111 1689 1214 1772 magis
1229 1685 1415 1752 conformis.
1434 1687 1518 1769 Non-

340 1810 423 1874 nulli
439 1810 596 1876 Doctores
611 1812 732 1896 opinati
746 1817 819 1878 sunt
831 1832 902 1876 eam
920 1812 950 1877 S.
965 1813 1062 1878 Conc.
1074 1816 1214 1877 mentem
1227 1811 1335 1883 fuisse,
1348 1812 1519 1876 instantias

335 1934 412 2017 ipso
424 1955 540 2020 nempe
552 1937 628 2001 iare
641 1935 809 2000 declarare
825 1939 1009 2020 peremptas
1021 1938 1091 2020 post
1107 1935 1313 2001 constitutum
1328 1934 1514 2005 terminum

337 2060 546 2124 nihilominus
569 2059 723 2142 fatentur,
748 2079 791 2124 ex
814 2059 1044 2126 consuetudine
1071 2064 1103 2124 et
1125 2059 1376 2144 iurisprudentia
1406 2059 1514 2123 conci-

335 2184 420 2249 liare
444 2184 609 2250 decretum
637 2186 682 2250 ita
705 2186 804 2251 fuisse
837 2186 1035 2251 intellectum
1059 2192 1095 2253 ut
1123 2186 1270 2272 partibus
1292 2186 1342 2249 sas
1368 2186 1420 2260 sit,
1444 2191 1518 2270 post

337 2306 511 2383 biennium,
525 2309 647 2375 habere
670 2311 804 2395 primam
821 2311 1015 2391 instantiam,
1029 2311 1118 2394 quasi
1134 2315 1351 2394 peremptam
1368 2307 1426 2372 sed
1440 2308 1514 2390 ipso

336 2432 413 2500 iure
435 2435 613 2502 nullitatem
637 2454 703 2499 non
719 2435 853 2500 incurri.
879 2435 936 2500 Cui
959 2435 1219 2519 interpretationi
1240 2435 1386 2519 apprime
1404 2437 1516 2497 textus

338 2559 472 2628 videtur
495 2563 678 2627 consentire
702 2562 741 2627 ob
766 2562 821 2626 illa
846 2561 963 2626 verba:
992 2585 1009 2624 a
1033 2561 1186 2645 alioquin
1204 2566 1282 2643 post
1304 2559 1341 2625 td
1363 2559 1512 2642 spatium

343 2688 489 2754 liberam
512 2687 553 2753 sit
572 2685 730 2770 partibas
754 2692 815 2751 etc.
834 2707 852 2750 s
871 2686 927 2770 (l).
952 2685 1000 2751 cl.
1025 2684 1149 2752 Giraldi
1171 2683 1212 2748 P.
1230 2685 1258 2755 Ι,
1282 2688 1358 2750 sect.
1381 2682 1460 2748 223
1480 2690 1513 2746 et

344 2813 385 2878 P.
404 2813 453 2893 Il,
476 2817 552 2878 sect.
578 2811 650 2900 151,Ι
673 2817 704 2876 et
728 2813 775 2876 Pe
798 2811 887 2876 Luca
902 2810 1026 2876 Ammoi.
1051 2811 1098 2875 od
1117 2807 1215 2876 Coae.
1246 2809 1276 2872 Τ
1273 2808 1351 2888 rid,
1368 2808 1422 2872 cit.
1439 2827 1512 2890 cop.

334 2936 433 3004 Cone.
457 2933 517 3000 28.

427 3059 503 3125 314.
530 3060 634 3134 Quum
657 3060 720 3124 hoc
743 3059 910 3123 decretum
927 3059 971 3123 ita
987 3056 1215 3122 consuetudine
1239 3056 1360 3120 forensi
1384 3055 1511 3139 exposi-

336 3189 405 3249 tum
422 3187 473 3265 sit,
491 3184 663 3249 instantiae
679 3187 850 3248 remanent
860 3187 1047 3264 perpetuae
1062 3199 1158 3244 seusu
1174 3178 1344 3262 explicato,
1361 3178 1388 3240 si
1404 3181 1514 3261 partes

334 3308 439 3373 nolint
463 3309 508 3372 uti
532 3305 684 3370 facultate
709 3304 803 3369 sibia
826 3303 914 3368 Trid.
939 3323 1101 3368 concessa.

424 3434 493 3497 Imo
517 3429 688 3514 aliquando
712 3429 856 3515 partibus
887 3429 1043 3515 expedire
1069 3433 1183 3513 potest,
1207 3429 1407 3512 potiusquam
1432 3426 1511 3491 iudi-

337 3558 423 3622 cium
454 3557 604 3641 prosequi
635 3555 718 3640 apud
748 3553 870 3619 iudices
897 3555 1090 3639 superiores,
1116 3554 1260 3636 quamvis
1289 3553 1513 3638 praeterlapsis

428 3802 468 3874 (l)
488 3803 608 3858 Tantum
621 3805 700 3858 abest
719 3807 750 3856 ut
763 3801 867 3856 Concil.
888 3801 960 3854 Trid.
981 3802 1164 3857 declaraverit
1182 3802 1242 3871 ipso
1260 3801 1321 3854 iure
1338 3812 1511 3871 peremptam

342 3911 503 3964 instantiam
523 3913 553 3961 ut
572 3908 699 3978 disponat
711 3924 754 3962 uer
763 3909 803 3961 bis
816 3908 976 3963 immediate
995 3907 1240 3977 subsequentibus:
1254 3922 1270 3953 a
1325 3909 1373 3976 qui
1385 3906 1512 3976 (iudices)

337 4033 452 4092 causam
471 4020 500 4069 in
519 4033 551 4071 oo
569 4025 643 4069 statu
668 4033 720 4086 quo
739 4017 827 4088 suerit
847 4025 988 4069 assumant
1007 4026 1033 4068 et
1057 4017 1281 4086 quamprimum
1301 4015 1452 4068 terminari
1467 4033 1514 4068 cu·

334 4133 397 4178 rent
417 4127 470 4178 etc.
490 4141 515 4175 a.
534 4121 625 4184 Quare
645 4125 742 4176 eadem
754 4124 887 4176 instantio
905 4121 1061 4176 definienda
1080 4120 1242 4190 proponitur
1260 4120 1332 4189 apud
1351 4119 1457 4175 iudices
1469 4138 1512 4172 su·

341 4227 472 4296 pariores.
499 4227 535 4280 Et
560 4243 610 4296 pro
635 4227 712 4295 prasi
733 4225 785 4279 hoc
804 4226 949 4279 aduertere
974 4229 1003 4278 et
1027 4225 1175 4277 obseruare
1199 4223 1356 4292 estmagni
1376 4223 1511 4291 ponderis.

338 4333 406 4404 quia
425 4337 489 4386 acta
508 4333 658 4386 instantiae
671 4332 725 4385 iam
746 4330 893 4385 inchoatae
911 4335 1024 4384 seruant
1037 4329 1149 4399 plenum
1166 4329 1290 4383 valorem
1307 4328 1380 4398 apud
1392 4329 1510 4382 iudicem

336 4439 518 4509 superiorem,
528 4439 575 4508 qui
589 4453 643 4492 non
663 4437 766 4492 iudicat
785 4437 812 4490 in
833 4437 920 4507 gradu
940 4434 1143 4505 appellationis,
1155 4435 1203 4489 sed
1221 4434 1250 4487 in
1265 4436 1362 4505 prima
1374 4436 1510 4489 tardantia.
