3350 5117
527 332 571 380 on
594 332 734 381 rumoris
757 332 1023 381 accassrssrrcrs
1298 314 1357 380 121

182 456 247 521 etsi
269 475 431 541 capream
451 456 620 525 indultam
643 478 666 525 a
688 458 774 526 iure.
798 459 897 525 Cuius
922 460 1187 546 praescriptionis
1217 460 1363 525 rationes

184 581 383 668 repetendae
406 590 516 649 essent
537 603 557 650 a
580 584 657 651 sacti
680 585 857 661 adiunctis;
881 590 915 651 et
936 591 1120 671 praeterea,
1144 587 1171 652 si
1195 605 1363 671 quaecum·

182 724 248 789 que
271 706 466 775 excludatur
487 709 669 797 appellatio,
694 730 759 775 non
791 709 910 775 exinde
939 709 1180 780 interdicuntur
1209 730 1363 777 recursus

182 832 448 901 extraiudicialos
469 834 510 900 ad
533 837 734 921 superiorem
758 835 906 910 iudicem,
930 842 967 901 ut
989 842 1084 903 cavet
1106 835 1189 901 idem
1214 838 1286 901 lnn.
1312 837 1362 902 lll

183 954 223 1020 ia
246 958 299 1024 cit.
316 978 392 1043 cap.
408 958 540 1026 addens:
555 979 572 1024 s
591 960 659 1028 Sed
680 961 710 1028 si
732 963 913 1045 appellans
927 960 1034 1044 fuerit
1047 968 1214 1047 gravatae
1228 961 1361 1037 iniuste,

183 1098 376 1166 gravamen
411 1084 605 1153 huiuamodi
628 1105 697 1170 per
723 1083 946 1171 Superiorem
976 1087 1103 1171 poterit
1137 1086 1316 1154 emendari
1331 1108 1362 1151 a.

185 1204 279 1271 Haec
302 1208 446 1274 innuisse
469 1210 567 1290 iuvet,
591 1215 626 1274 nt
647 1215 804 1295 appareat
827 1209 985 1295 quomodo
1007 1209 1122 1276 iudicis
1144 1210 1283 1297 delegati
1299 1209 1363 1275 offi-

184 1330 271 1395 cium
296 1338 402 1417 potest
424 1333 570 1400 cohiberi
592 1354 612 1399 a
636 1336 782 1401 Romano
810 1333 977 1402 Pontifice.
1002 1337 1140 1420 Inquam
1163 1356 1183 1399 a
1205 1333 1362 1403 &mano

182 1450 362 1540 Panassa,
384 1458 461 1540 quia
483 1457 591 1523 nullus
614 1456 799 1525 ordinarius
830 1457 921 1544 Papa
950 1457 1088 1524 interior
1110 1457 1285 1545 prohibere
1311 1457 1365 1523 vel

182 1572 328 1641 limitare
350 1577 442 1643 valet
464 1579 687 1665 appellationis
711 1578 890 1645 remedium
914 1581 991 1647 iure
1013 1580 1187 1648 communi
1209 1582 1326 1647 constit
1348 1616 1364 1629 ·

181 1704 265 1766 tum.
291 1704 356 1789 lpsi
381 1702 557 1773 Pontifices
580 1704 676 1771 hodie
699 1704 750 1769 his
773 1706 927 1772 clausulis
949 1706 995 1771 uti
1019 1725 1084 1771 non
1099 1706 1213 1782 solent;
1229 1711 1264 1773 at
1282 1706 1363 1772 nihil

182 1828 285 1900 vetat,
311 1845 373 1911 quo
396 1829 511 1901 minus,
536 1829 563 1894 si
586 1848 679 1895 casus
703 1830 798 1903 serat,
822 1829 886 1895 hac
917 1830 1063 1895 clausula
1088 1832 1282 1916 rescriptum
1307 1830 1363 1897 de·

182 1946 356 2033 legationis
379 1952 606 2017 communiant.
622 1989 669 2000 -
684 1952 863 2019 Praeterea
878 1972 921 2018 ex
937 1953 1030 2019 dictis
1045 1952 1257 2018 confirmatur
1272 1952 1362 2039 prin·

184 2078 317 2161 cipium;
342 2052 525 2165 delegatum
549 2078 685 2145 iudicem
709 2079 828 2145 debere
852 2082 942 2164 sequi
966 2099 1168 2145 communem
1193 2098 1364 2165 processus

184 2201 345 2287 regulam,
374 2203 437 2267 uisi
461 2205 660 2269 contrarium
684 2223 839 2291 expresse
863 2202 1021 2279 iubeatur.

274 2324 329 2389 94.
356 2326 435 2392 Non
459 2347 540 2393 unus
571 2332 703 2401 tantum,
728 2327 785 2394 sed
809 2334 842 2394 et
863 2328 982 2414 plures,
1006 2328 1046 2395 ad
1071 2349 1168 2395 unum
1198 2329 1364 2413 negotium

183 2448 237 2535 rel
261 2449 302 2515 ad
326 2470 426 2515 unum
449 2453 652 2537 negotiorum
675 2472 777 2539 genus
801 2453 939 2540 delegati
963 2455 1212 2519 constituuntur.
1236 2454 1364 2518 Etenim
1465 2484 1468 2488 ·

183 2574 218 2639 in
241 2592 318 2656 cap.
342 2573 457 2639 21ta.
480 2574 532 2641 Dc
561 2576 616 2659 off.
646 2574 716 2640 iad.
740 2574 846 2661 dalea.
878 2572 1003 2659 (ll-29),
1033 2574 1231 2641 advertitur:
1260 2594 1278 2637 ‹
1303 2576 1364 2640 Illa

183 2838 224 2890 At
241 2835 392 2891 discrimen
411 2840 454 2889 ost
472 2835 546 2891 inter
567 2835 686 2892 iudicem
707 2826 879 2891 ordinarium
898 2841 928 2891 et
946 2836 1113 2905 delegatum.
1128 2835 1198 2889 Nam
1217 2836 1302 2891 iudex
1319 2853 1365 2891 or·

183 2940 311 2995 dinarius
336 2945 445 2995 tantum
471 2957 639 3013 cognoscere
664 2945 756 3011 potest
774 2960 809 2995 an
829 2942 867 2996 sit
885 2946 1046 3011 competens
1064 2941 1098 2995 ad
1121 2952 1226 2995 cartam
1250 2958 1364 2996 causum

185 3043 348 3109 ridendam
367 3060 423 3097 non
447 3048 541 3099 autem
566 3043 677 3116 quando
696 3045 748 3115 ipsi
771 3046 904 3100 obiicitur
921 3045 994 3117 quod
1015 3044 1122 3098 nullam
1145 3040 1232 3121 habet
1255 3043 1364 3097 iurisdi-

184 3150 317 3217 ctionem,
330 3151 418 3205 veluti
432 3152 467 3205 ob
480 3151 636 3221 ingressum
654 3152 836 3207 simoniacum
851 3153 880 3206 iu
892 3153 1067 3208 beneficium.
1080 3153 1206 3207 lamvero
1217 3150 1364 3222 delegatus

183 3274 356 3329 cognoscere
374 3264 466 3329 potest
484 3276 551 3314 num
564 3276 615 3313 sua
633 3261 670 3313 sit
689 3260 852 3326 iurisdictio,
865 3260 975 3315 etiamsi
988 3278 1053 3330 pars
1065 3260 1154 3314 citata
1166 3260 1219 3329 ipsi
1232 3264 1363 3329 opponat,

184 3367 293 3421 nullam
312 3367 404 3437 ipsum
422 3366 526 3421 habere
552 3368 779 3433 iurisdictionem,
799 3372 899 3437 utputa
917 3382 952 3421 eo
970 3367 1042 3439 quod
1066 3372 1173 3423 asserat
1197 3368 1363 3437 rescriptum

183 3472 373 3543 delegationis
391 3488 451 3528 esse
469 3473 630 3528 invalidum.
650 3503 684 3515 -
703 3474 788 3529 Ratio
806 3474 978 3544 disparitatis
997 3478 1049 3540 est,
1064 3473 1130 3545 quia
1149 3473 1231 3527 iudex
1256 3472 1363 3527 ordina-

184 3580 243 3634 rius
261 3580 324 3649 agit
340 3582 453 3637 nomiae
476 3571 535 3650 auo,
552 3598 651 3651 nempe
669 3581 696 3635 vi
717 3579 916 3635 iurisdictionis
939 3581 993 3634 sibi
1018 3579 1183 3648 ordinariae,
1203 3580 1316 3651 quaesi
1335 3580 1363 3632 in

184 3688 378 3758 quaestionem
398 3690 501 3754 veniat,
520 3688 615 3743 eadem
633 3688 756 3743 invocari
776 3704 830 3742 non
851 3693 943 3757 potest
961 3688 996 3741 ed
1014 3688 1128 3742 dubium
1152 3688 1362 3750 removendum

184 3812 217 3851 ea
230 3800 331 3851 contra
349 3795 495 3866 delegatus
507 3812 562 3850 non
575 3797 686 3851 nomine
699 3813 749 3851 suo
761 3795 808 3851 sed
821 3796 977 3865 delegantis
994 3796 1099 3851 iudicat
1112 3796 1279 3851 auctoritate
1292 3812 1363 3866 quae

183 3903 300 3972 proinde
319 3919 374 3958 non
394 3902 479 3969 deest,
493 3904 545 3958 etsi
564 3902 704 3973 delegatio
723 3919 778 3957 uon
792 3904 933 3957 subsistat.
948 3932 982 3946 -
994 3904 1026 3958 ln
1044 3920 1163 3973 persona
1174 3902 1296 3972 delegati
1315 3904 1364 3959 de·

184 4010 275 4064 iectus
294 4007 494 4063 iurisdictionis
512 4006 630 4077 allegari
649 4011 742 4077 posset
760 4008 796 4062 ob
815 4008 953 4076 detectum
973 4008 1083 4075 aetatis,
1101 4025 1173 4078 quae
1192 4024 1210 4061 a
1228 4006 1309 4077 (trag.
1323 4006 1363 4061 lx

186 4115 215 4167 in
234 4132 294 4185 cap.
308 4116 346 4169 41
365 4116 409 4171 De
427 4118 473 4185 off.
486 4116 543 4170 iad.
557 4114 650 4184 dalaq.
667 4116 696 4169 X
713 4114 799 4185 (l·29)
818 4115 860 4168 ita
878 4114 1079 4169 determinatur
1090 4116 1171 4169 iuxta
1182 4114 1363 4169 summarium

184 4217 211 4271 h.
231 4236 269 4273 c.:
288 4220 421 4275 «Maior
444 4222 486 4272 20
509 4224 592 4274 annis
613 4230 704 4292 potest
727 4239 745 4273 a
767 4238 940 4291 quocumque
964 4223 1030 4275 dari
1053 4223 1208 4291 detepctus.
1228 4220 1309 4275 Idem
1334 4224 1363 4273 in

185 4326 289 4405 maiori
307 4328 354 4392 18,
373 4329 524 4381 dmnmodo
543 4329 708 4382 interveniat
723 4329 851 4398 partium
869 4344 1027 4383 consensus
1047 4330 1142 4382 Minor
1159 4345 1227 4381 cero
1242 4328 1288 4395 18,
1307 4345 1364 4381 non

180 4440 273 4501 potest
290 4434 358 4488 duri
374 4433 432 4487 nisi
448 4450 465 4487 a
485 4432 654 4503 Principe».
