3350 5117
531 294 576 341 os
600 291 739 341 sumens
762 290 1027 338 sccussmsrrors
1300 268 1365 334 637

190 426 287 507 getur
308 418 482 505 appellatio
497 437 562 482 non
578 415 726 482 obstante
749 412 894 480 clausula
910 449 928 462 -
949 413 1176 497 appellatione
1198 418 1329 480 remota
1347 446 1364 460 -

187 542 326 609 aPont.
351 543 505 629 apposita.
531 541 587 608 lsti
615 546 690 607 sunt
721 560 815 605 casus
845 538 1108 605 demonstrative
1138 536 1306 623 indigitati,
1334 540 1367 600 et

186 670 263 732 sunt
285 667 486 752 gravamina,
503 663 619 749 quibus
642 659 815 728 offenditur
837 664 940 749 ipsum
962 662 1011 727 ius
1031 665 1252 743 uatu1·ae,seu
1275 678 1366 745 prae·

187 788 315 874 peditur
345 791 415 875 ipsa
437 788 594 853 naturalis
625 786 692 851 litis
722 786 873 871 agitatio;
898 786 999 851 veluti
1025 782 1170 849 deiectus
1194 782 1365 862 citationis,

187 918 296 983 citatio
320 917 482 982 inlocum
505 936 569 980 non
593 919 707 987 tutum,
730 914 878 998 exceptio
902 913 1102 998 suspicionis,
1119 933 1184 978 non
1204 912 1365 977 restitutio

187 1042 236 1106 rei
255 1040 420 1127 spoliatae,
437 1059 499 1124 qua
514 1040 662 1125 privatus
684 1058 749 1103 non
769 1038 857 1102 valet
871 1037 1038 1123 appellans
1053 1037 1206 1122 spoliatus
1223 1054 1367 1121 congrue

186 1182 222 1229 se
244 1161 437 1238 defendere;
462 1165 494 1228 et
516 1162 561 1225 ita
583 1181 692 1246 porro.
709 1196 754 1209 —
770 1159 818 1226 Oi.
837 1178 920 1242 quae
943 1158 1081 1223 diximus
1105 1178 1136 1223 n.
1153 1158 1207 1223 93.

275 1287 352 1353 657.
377 1279 549 1354 Recursus
571 1286 744 1351 assumitur
760 1286 858 1349 etiam
874 1284 976 1369 magis
993 1286 1123 1369 proprie
1146 1303 1206 1369 pro
1223 1283 1367 1359 remedio

185 1414 406 1481 restitutionis
433 1413 471 1478 ira
492 1413 666 1499 inteprum
690 1412 953 1495 quotiescumque
976 1409 1152 1476 minoribus
1184 1411 1238 1475 vel
1268 1413 1364 1477 etiam

185 1538 372 1622 maioribus,
389 1540 428 1605 de
452 1541 557 1606 causis
573 1540 754 1625 respective
776 1538 929 1623 legitimis
948 1542 982 1603 et
997 1539 1169 1621 requisitis,
1186 1557 1206 1602 a
1221 1538 1292 1603 iure
1308 1557 1366 1623 po·

186 1665 282 1729 sitivo
305 1663 496 1729 conceditur
518 1664 608 1747 quasi
632 1661 809 1727 remedium
839 1634 1146 1726 extraordinarium.
1172 1662 1267 1725 Hanc
1293 1679 1367 1725 con·

187 1788 307 1855 cedere
329 1793 435 1875 potest
460 1790 528 1873 ipse
552 1786 650 1853 iudex
673 1792 787 1853 contra
810 1807 901 1852 suam
924 1780 1117 1853 sententiam
1142 1784 1286 1851 eamdem
1310 1804 1366 1851 re·

187 1912 359 1988 secundm
384 1917 492 1976 tamen
513 1912 588 1997 quia
610 1912 673 1977 hoc
696 1913 790 1975 nimis
813 1910 929 1975 durum
953 1909 1092 1983 videtur,
1109 1910 1225 1993 quippe
1249 1906 1366 1973 redun-

186 2033 268 2099 dare
291 2040 444 2099 censetur
466 2035 500 2099 in
523 2034 622 2118 ipsius
643 2032 756 2098 iudicis
778 2032 1015 2105 contumellam,
1037 2033 1071 2096 in
1094 2050 1185 2095 more
1208 2037 1258 2095 est
1281 2029 1363 2095 idem

189 2156 367 2223 remedium
397 2156 502 2241 potius
525 2155 774 2241 expostulares
797 2154 902 2220 iudice
924 2155 1166 2241 appellationis:
1191 2154 1233 2219 ci.
1259 2155 1365 2219 Bouix

195 2279 407 2361 Tom.1I,p.
429 2276 503 2343 418.
520 2278 610 2343 Tunc
634 2282 759 2363 tempus
781 2276 821 2342 ad
846 2276 1027 2342 huiusmodi
1051 2276 1287 2362 implorandum
1312 2296 1365 2341 re-

189 2402 330 2469 medium
353 2409 402 2470 est
425 2404 702 2489 quadriennium.

277 2531 353 2596 658.
379 2532 520 2598 Tandem
543 2550 704 2598 remersus
725 2531 881 2598 latissime
901 2531 982 2597 sumi
1006 2536 1110 2616 potest
1133 2551 1192 2615 pro
1217 2548 1366 2613 quaeum·

188 2674 251 2739 que
273 2655 521 2739 supplicatione
543 2638 665 2720 summo
689 2656 825 2740 principi
850 2654 966 2725 oblata,
992 2673 1056 2718 non
1087 2654 1183 2721 alicui
1212 2654 1291 2717 iuris
1315 2652 1367 2719 de·

186 2786 279 2847 creto
303 2782 425 2852 innixa,
449 2779 506 2844 sed
529 2784 653 2845 tantum
677 2781 802 2864 gratiae
829 2784 862 2842 et
884 2778 1040 2863 principis
1067 2778 1259 2846 humanitati
1283 2799 1367 2844 com-

186 2905 346 2971 mendata.
371 2905 420 2971 cf.
445 2922 520 2987 cap.
544 2903 576 2976 4,
602 2903 653 2969 De
674 2902 712 2967 iu
734 2903 793 2967 iot.
818 2909 896 2968 rest.
920 2902 955 2965 X
976 2901 1014 2987 (1,
1040 2902 1105 2983 41).
1125 2904 1174 2968 lta
1197 2902 1236 2967 de
1259 2903 1366 2969 huius-

185 3032 271 3096 modi
303 3050 438 3096 recursu
469 3031 577 3116 agitur
608 3030 641 3095 in
670 3029 770 3093 Auta.
797 3026 890 3099 Quae
911 3027 1113 3111 supplicatio
1142 3025 1175 3093 Ο.
1200 3027 1251 3095 De
1270 3048 1366 3111 pree.

186 3158 275 3240 Imp.
299 3156 461 3240 offerenti.

278 3279 384 3345 Nihilo
408 3280 514 3345 secius
536 3284 624 3366 patet
646 3299 826 3346 recursum
842 3276 912 3344 fieri
936 3298 1029 3364 posse
1046 3300 1104 3365 pro
1120 3280 1275 3363 qualitate
1294 3302 1366 3347 cau·

185 3426 295 3472 sarum
319 3412 386 3471 tum
409 3406 450 3470 ad
473 3426 629 3471 summum
654 3405 841 3491 principem,
859 3378 926 3470 tum
941 3404 981 3469 ad
1005 3404 1139 3471 iudicem
1165 3406 1365 3480 inferiorem,

185 3532 447 3615 quotiescumque
470 3528 572 3594 eade
596 3548 632 3593 re
655 3534 780 3614 agatur,
806 3530 840 3592 in
861 3538 957 3611 'quam
986 3526 1083 3592 ludex
1106 3530 1203 3593 etiam
1228 3529 1367 3595 inferior

185 3656 315 3741 plenam
327 3655 445 3721 habeat
460 3653 709 3739 dispositionem,
726 3654 816 3718 salvo
832 3656 963 3738 semper
978 3654 1049 3717 iure
1071 3655 1169 3726 tertii,
1189 3657 1239 3721 cui
1257 3654 1364 3721 iudex.

186 3777 332 3863 principe
356 3796 506 3864 supremo
530 3776 676 3848 inferior,
701 3774 861 3860 derogare
885 3794 949 3837 non
973 3775 1069 3839 valet.

274 3899 352 3967 659.
376 3899 520 3982 Denique
535 3898 724 3963 advertatur
747 3896 928 3963 huiusmodi
944 3896 1087 3963 remedia
1103 3898 1365 3963 extraordinaria

183 4026 325 4091 maxime
349 4024 566 4090 discriminari
595 4042 616 4087 a
646 4020 787 4088 remedio
817 4020 1044 4107 appellationis
1073 4021 1258 4099 ordinari03
1291 4024 1366 4106 quia

183 4150 355 4234 aliquando
379 4170 444 4214 non
466 4148 587 4214 habent
602 4144 751 4215 ellectum
767 4145 998 4213 devolutioum
1020 4164 1077 4211 seu
1100 4148 1363 4231 provocationem

184 4274 225 4339 ad
249 4274 385 4339 iudicem
408 4274 618 4360 superiorem,
643 4290 702 4357 per
724 4290 760 4337 se
784 4290 864 4335 vero
887 4289 1050 4354 nunquam
1069 4271 1191 4339 habent
1215 4268 1364 4337 ellectum

183 4398 432 4483 suspensivum.
