3350 5117
498 318 543 365 nn
575 317 713 367 runicus
742 317 1006 366 accoesrusrrcrs
1275 300 1342 369 413

258 437 293 525 5)
317 439 459 506 Proinde
473 442 500 505 si
516 440 665 506 Summus
688 439 843 505 Pontifex
866 438 1036 505 confirmet
1050 440 1087 506 in
1099 438 1217 524 sorana
1238 440 1342 524 speci-

166 563 231 648 fico
246 568 353 629 actum
369 564 438 630 sive
454 564 646 645 iudicialem,
658 569 734 651 puta
746 565 948 645 sententiam,
964 566 1034 631 sive
1052 566 1339 640 extraiudicialem

166 686 267 751 veluti
281 688 452 754 concilium
467 688 678 774 provinciale,
694 688 863 754 dumtaxat
884 708 905 753 a
928 688 1057 755 Summo
1074 688 1231 757 Pontiflce
1250 694 1343 756 actus

164 814 270 895 potest
293 812 413 897 corrigi
436 818 492 877 aut
514 812 677 899 abrogari.
1432 786 1435 793 ⁵

253 935 286 1020 6)
303 935 378 1001 Alia
399 956 479 1001 vero
495 930 697 1002 confirmatio
712 934 887 1011 ordinaria,
900 955 964 1020 qua
985 941 1078 1002 actus
1099 937 1225 1003 validus
1240 938 1343 1023 magis

166 1056 316 1125 firmatur
339 1059 456 1126 dicitur
479 1080 634 1127 concessa
657 1062 689 1125 in
711 1060 828 1144 forma
852 1061 1026 1127 communi
1046 1066 1079 1127 et
1101 1067 1209 1128 actum
1239 1061 1342 1127 relin-

164 1182 232 1265 quit
255 1182 289 1246 in
312 1202 370 1247 suo
393 1184 502 1248 nativo
525 1184 647 1249 valore.

256 1308 332 1374 381.
350 1309 465 1375 Utrum
489 1306 690 1375 confirmatio
706 1311 748 1374 sit
764 1310 796 1374 in
819 1309 926 1373 forma
940 1310 1114 1377 communi
1128 1328 1171 1373 an
1186 1308 1219 1372 in
1235 1307 1344 1373 forma

165 1432 331 1517 specifica,
349 1431 527 1498 desumitur
550 1452 593 1498 ex
616 1437 769 1498 contextu
785 1434 1019 1507 concessionis;
1042 1452 1116 1497 nam
1140 1432 1298 1517 superior,
1314 1432 1342 1497 si

166 1556 234 1623 vult
257 1555 452 1624 confirmare
477 1560 521 1627 ita
543 1564 649 1625 actum
674 1565 708 1625 ut
732 1528 968 1645 eius'corrigat
990 1576 1222 1642 quemcumque
1245 1557 1342 1643 possi-

140 1726 141 1731 κ
164 1681 262 1749 bilem
286 1682 458 1759 defectum,
472 1682 566 1749 debet
581 1684 782 1769 exprimere;
796 1688 829 1749 et
850 1682 956 1747 solent
970 1682 1117 1747 adhiberi
1140 1687 1251 1746 certae
1266 1682 1339 1745 for-

169 1808 286 1884 mulae,
306 1814 419 1893 utputa
449 1814 557 1875 actum
589 1809 788 1895 confimari
818 1829 861 1873 ex
892 1814 985 1874 certa
1007 1809 1146 1875 scientia
1168 1808 1220 1873 vel
1246 1813 1343 1874 motu

161 1934 319 2016 proprio,
333 1938 365 1997 et
380 1932 464 1997 aliae
480 1932 669 1999 huiusmodi.
687 1932 768 2007 Quia
784 1930 985 1998 confirmatio
1010 1934 1042 1996 in
1057 1932 1163 1996 forma
1180 1929 1341 1994 communi

167 2059 216 2120 est
240 2055 438 2127 ordinario,
457 2061 489 2120 et
504 2053 785 2121 eutroordinerio
802 2056 834 2118 in
857 2054 974 2137 foruna
996 2052 1161 2137 specifica,
1188 2051 1221 2115 in
1245 2050 1342 2115 dubio

168 2178 386 2263 praesumitur
409 2179 513 2263 potius
537 2197 691 2242 concessa
714 2178 746 2241 in
768 2176 886 2259 sorana
910 2174 1091 2243 communi.

254 2300 332 2369 382.
357 2299 574 2375 Confirmatio,
592 2303 650 2367 etsi
674 2303 711 2367 in
732 2301 850 2384 formo
872 2300 1029 2385 specifica
1051 2318 1215 2370 concessa,
1236 2300 1342 2384 potest

162 2448 234 2493 esse
249 2426 388 2501 inutilia
403 2428 430 2491 si
453 2425 598 2492 defectus
621 2426 706 2491 adsit
729 2446 822 2511 quem
840 2425 988 2511 superior
1010 2430 1067 2489 aut
1089 2443 1154 2489 non
1178 2423 1249 2487 vult
1272 2440 1341 2487 cor·

167 2554 286 2638 rigere,
310 2553 416 2637 prouti
433 2553 580 2618 Summus
604 2552 758 2618 Pontifex
779 2572 845 2615 non
861 2551 932 2615 vult
946 2550 1063 2615 tollere
1078 2550 1128 2614 ius
1142 2549 1230 2615 tertii
1247 2564 1342 2631 quae

165 2679 270 2751 situm,
289 2680 351 2744 nisi
368 2698 521 2764 expresse
538 2678 632 2751 dicat.
650 2699 692 2743 ex
715 2698 789 2761 cap.
810 2678 833 2743 8
856 2678 887 2741 h.
905 2682 926 2743 t.
942 2678 984 2749 X.
1001 2682 1033 2741 et
1049 2694 1092 2741 ex
1108 2695 1177 2759 reg.
1194 2670 1339 2737 Cancell.

170 2836 187 2848 -
213 2800 264 2866 De
287 2801 363 2867 iure
385 2801 535 2885 praemio
558 2821 627 2868 nou
652 2802 796 2868 tollendo
822 2836 852 2881 -‚
865 2806 921 2864 ant
943 2819 1008 2863 non
1030 2802 1136 2883 potest
1161 2796 1340 2880 corrigere,

172 2929 284 3009 utputa
309 2924 569 3009 impedimentum
594 2926 672 2989 iuris
696 2924 794 2989 divini
816 2924 851 2987 in
873 2922 1086 2987 matrimonio.

253 3046 328 3111 383.
348 3046 428 3111 Cum
450 3044 650 3111 confirmatio
667 3048 766 3132 possit
781 3046 852 3111 esse
868 3042 1006 3115 inutilis,
1020 3040 1190 3125 aliquando
1206 3057 1342 3105 necesse

164 3176 213 3237 est
238 3168 389 3237 iudicium
414 3172 580 3236 instituere
596 3192 653 3237 seu
669 3192 815 3243 examen,
829 3168 933 3254 quoad
948 3168 1093 3233 valorem
1108 3172 1200 3231 actus
1223 3162 1340 3231 confir·

163 3298 250 3362 mati.
276 3332 320 3347 -
350 3294 501 3361 Iamvero
525 3317 577 3361 res
601 3295 790 3363 confirmata
813 3296 850 3360 in
871 3294 988 3376 formo
1011 3292 1184 3361 communi
1215 3292 1340 3357 nullum

165 3424 309 3506 praestat
325 3419 582 3503 impedimentum
599 3420 773 3505 cognitioni
797 3418 909 3482 iudicis
931 3416 1105 3482 inferioris.
1132 3414 1340 3479 Confirmatio

164 3563 244 3609 vero
267 3543 305 3607 in
326 3542 443 3625 somna
465 3542 621 3629 specifica
636 3541 794 3627 prohibet,
809 3540 977 3625 quominus
1000 3536 1097 3602 iudex
1121 3536 1259 3601 inferior
1277 3557 1342 3601 ma-

165 3688 227 3733 nus
250 3672 390 3752 apponat
414 3668 445 3731 in
469 3668 631 3751 negotium
656 3667 764 3731 taliter
788 3662 1020 3743 confirmatum,
1045 3668 1081 3725 nt
1103 3662 1201 3726 edicit
1224 3682 1298 3744 cop.
1322 3664 1339 3727 1

165 3793 195 3857 h.
211 3798 244 3873 t,
259 3793 349 3857 cuius
362 3793 578 3875 quaestionem
592 3793 653 3855 iem
667 3792 902 3877 proposuimus3
916 3789 1096 3853 decernens
1107 3788 1147 3853 de
1161 3790 1222 3853 ista
1233 3789 1342 3873 specie

163 3916 429 3984 confirmationis:
449 3937 466 3981 ‹
485 3936 548 3981 non
573 3921 621 3981 est
635 3917 757 3981 licitum
774 3914 870 3979 iudici
894 3913 934 3997 de
958 3915 1143 3997 quaestione
1160 3918 1271 3998 postea
1287 3934 1342 3977 ex·

163 4048 236 4108 orta
260 4042 439 4107 decernere
462 4047 517 4107 aut
540 4062 610 4105 eam
635 4039 769 4105 definire
792 4039 912 4123 absque
936 4038 1026 4104 Sedis
1050 4042 1110 4122 Ap.
1131 4038 1283 4103 mundato
1308 4059 1338 4102 ›.

163 4171 246 4235 Item
267 4169 391 4249 incop.
409 4167 434 4231 2
458 4168 488 4231 h.
507 4173 527 4232 t.
545 4168 640 4232 Alex.
660 4168 708 4232 III
733 4166 795 4231 hoc
812 4170 907 4251 urget
921 4170 1129 4251 praeceptum
1146 4165 1250 4248 quoad
1266 4184 1340 4229 con-

165 4291 379 4357 firmationem
404 4292 441 4355 in
456 4290 571 4374 sermo
594 4290 760 4375 specifico,
777 4291 867 4353 aiens
890 4289 971 4354 tales
990 4285 1250 4353 confirmationes
1273 4307 1339 4353 non

166 4436 260 4503 posse
277 4416 468 4501 impugnari.
486 4416 582 4481 «uiri
594 4436 719 4481 uorum
732 4414 847 4497 Aperi.
863 4414 939 4479 Sed.
949 4414 1113 4496 procedat
1125 4413 1338 4486 rrrouduiuor,
