3350 5117
468 272 512 319 ns
535 272 674 320 runicus
699 273 964 322 sccuasrasrrcrs
1236 256 1302 321 529

212 395 274 462 Sed
298 397 331 461 in
360 395 423 461 hac
454 398 650 481 generaliori
682 397 798 483 regula
829 400 1009 463 consistere
1039 398 1200 470 debemus.
1223 399 1301 483 quin

124 520 353 587 descendamus
376 520 415 585 ad
440 520 629 585 minutiores
659 520 790 606 regulas
818 526 851 586 et
879 521 1061 596 divisiones,
1086 523 1218 606 quaesi
1244 520 1301 586 ab·

124 651 243 714 straete
266 667 366 712 verae
390 652 473 720 sunt,
498 652 608 711 tamen
631 648 760 733 praxim
784 646 870 731 quod
892 654 1017 734 spectat
1035 648 1159 714 nullum
1182 647 1304 713 habent

123 772 276 836 valorem.
309 770 359 835 Ad
391 790 461 835 rem
491 772 571 837 scite
602 777 694 839 notat
725 772 771 837 De
808 772 905 854 Luca,
930 772 981 838 De
1007 772 1090 844 iud„
1122 772 1211 839 Disc.
1242 772 1301 845 33,

124 914 162 959 n.
183 894 235 959 11.-
261 914 280 957 «
309 894 447 959 Nimium
479 894 612 959 evidens
642 900 738 978 atque
768 896 919 960 irrisione
942 894 1056 981 dignus
1080 900 1130 960 est
1151 914 1304 981 pragma-

123 1015 259 1081 ticorum
296 1016 423 1100 ineptus
450 1018 482 1079 et
513 1034 671 1081 erroneus
707 1034 781 1081 usus
811 1016 845 1079 in
873 1016 924 1082 his
953 1017 1098 1083 materiis
1125 1016 1304 1102 procedere

123 1137 389 1223 generalitatibus
412 1135 481 1220 (seu
505 1137 639 1225 regulis)
662 1138 715 1204 vel
737 1160 810 1205 cum
833 1140 931 1205 litera
952 1139 1174 1205 doctrinarum
1197 1139 1304 1204 etde

124 1264 277 1329 cisionnm
308 1281 391 1347 qnae
419 1263 622 1329 diversorum
653 1282 786 1328 casuum
811 1264 980 1329 occasione
1007 1265 1205 1350 prodierunt,
1230 1284 1303 1330 cum

122 1392 223 1451 totum
247 1387 428 1471 pendente
460 1387 661 1471 singulorum
694 1386 848 1470 qualitate
879 1392 912 1454 et
935 1388 1238 1454 circumstantiis».
1262 1390 1305 1453 Et

122 1512 258 1578 inferius
281 1533 316 1577 a.
348 1511 392 1578 13
414 1513 555 1578 advertit
585 1532 783 1599 magnopere
811 1513 1041 1579 attendendum
1071 1534 1141 1579 esse
1168 1514 1208 1579 ad
1237 1517 1304 1581 sin-

121 1638 201 1723 gula
222 1637 340 1703 indicia
364 1642 397 1703 et
419 1637 624 1709 adminicula,
642 1640 687 1703 ita
711 1643 746 1703 ut
769 1640 987 1723 praesumptio
1003 1638 1078 1704 inde
1097 1640 1249 1704 exoriens
1264 1641 1306 1703 sit

123 1758 266 1833 lundata,
282 1764 316 1825 et
339 1762 401 1825 ait:
428 1780 446 1823 ‹
472 1760 633 1845 Siquidem
657 1765 693 1825 nt
716 1760 794 1826 alibi
813 1761 996 1826 advertitur
1017 1780 1152 1845 meaque
1175 1768 1224 1827 est
1241 1761 1305 1826 fre

121 1903 225 1969 quens
247 1883 374 1949 dicendi
405 1886 613 1959 consuetudo,
638 1885 723 1970 quod
754 1887 851 1951 etiam
883 1885 1078 1952 subtilissimi
1101 1884 1147 1951 fili
1170 1889 1223 1971 qui
1247 1907 1306 1972 per

120 2028 161 2075 se
184 2009 267 2093 ipsos
291 2008 423 2074 nimium
447 2008 581 2096 fragiles
604 2010 670 2075 sint
694 2016 727 2075 et
750 2028 816 2073 non
839 2010 905 2094 apti
929 2007 1156 2094 adligandum
1183 2009 1308 2093 quoties

120 2138 158 2201 in
182 2154 239 2200 suo
263 2154 386 2221 genere
418 2136 484 2202 sint
506 2135 591 2208 boni,
617 2136 642 2200 si
675 2136 770 2201 simul
795 2114 1016 2220 iniungantur,
1041 2130 1212 2201 efformant
1236 2154 1306 2199 ma·

119 2280 222 2347 gnam
246 2262 366 2342 funem,
391 2260 448 2327 sed
471 2262 497 2327 si
521 2280 632 2327 omnes
656 2262 721 2327 sint
744 2262 894 2345 corrupti
919 2280 958 2325 ac
981 2261 1015 2323 in
1038 2280 1095 2325 suo
1119 2262 1308 2345 generein·

117 2386 221 2451 validi
238 2390 384 2470 quamvis
400 2406 512 2451 eorum
528 2386 712 2452 coniunctio
728 2384 794 2459 fiat,
811 2390 891 2450 tunc
913 2382 1077 2451 sufficiens
1093 2384 1179 2451 lunis
1190 2386 1309 2451 exinde

120 2508 291 2578 efformari
318 2530 384 2576 non
415 2514 528 2595 potest.
561 2510 711 2594 quoniam
748 2514 878 2575 centum
908 2508 989 2573 nihil
1019 2510 1130 2575 valent
1155 2516 1308 2593 quantum

117 2658 225 2704 unum
249 2636 329 2703 nihil
352 2658 384 2701 s.

215 2761 290 2855 526ἶ
304 2762 431 2828 Verum
455 2762 595 2827 maxime
611 2762 749 2827 interest
775 2760 959 2841 advertere,
984 2759 1141 2843 quomodo
1157 2755 1309 2825 differant

115 2888 212 2951 inter
235 2904 270 2951 se
293 2885 395 2951 relate
417 2884 458 2950 ad
485 2886 678 2951 sententiam
699 2882 901 2951 definitivam
925 2886 1201 2971 praesumptiones
1221 2884 1309 2949 iuris

113 3016 153 3077 et
178 3010 222 3077 de
244 3010 328 3083 iure,
353 3010 441 3076 iuris
463 3016 587 3077 tentum
612 3016 645 3077 et
669 3010 816 3077 mininis
842 3011 1128 3096 praesumptiones.
1146 3010 1307 3074 -Prae-

113 3134 262 3217 sumptio
292 3134 379 3200 iuris
410 3140 444 3199 et
474 3134 518 3200 de
547 3134 624 3199 iure
655 3133 843 3198 necessario
875 3131 1089 3197 secnmtrahit
1117 3132 1309 3197 sententiam

113 3256 341 3335 definitivam
365 3260 429 3325 imo
445 3261 606 3325 sententia
621 3256 788 3325 definitive
804 3276 887 3342 quae
910 3258 1101 3344 pertransiit
1123 3258 1156 3321 in
1179 3278 1249 3322 rem
1265 3259 1309 3324 iu-

112 3384 274 3465 dicatam,
290 3386 354 3451 vim
370 3384 468 3451 habet
483 3384 754 3471 praesumptionis
771 3382 860 3448 iuris
875 3388 907 3449 et
921 3384 964 3449 de
979 3385 1065 3450 iure.
1078 3419 1126 3464 .-
1140 3380 1310 3448 Praesum-

113 3510 192 3594 ptio
216 3508 303 3575 iusta
325 3528 385 3595 pro
408 3510 547 3576 veritate
562 3508 710 3583 habetur,
729 3506 816 3573 unde
832 3514 938 3594 potest
953 3508 1099 3575 deveniri
1122 3510 1164 3576 ad
1182 3514 1310 3576 seuten-

111 3633 205 3698 tiam
221 3629 417 3699 definitivam
434 3634 494 3699 nisi
519 3632 674 3718 probetur
690 3633 900 3709 contrarium;
913 3638 946 3699 et
968 3633 1032 3697 hoc
1054 3654 1151 3699 sensu
1166 3634 1200 3697 in
1210 3634 1308 3699 aliam

110 3759 253 3843 partem
269 3756 329 3822 ista
343 3756 502 3823 transfert
518 3776 598 3821 onus
614 3755 821 3841 probationis,
835 3756 880 3821 uti
896 3756 1138 3841 explicavimus.
1151 3792 1197 3805 -
1211 3754 1309 3823 Prae·

108 3884 265 3968 sumptio
288 3903 369 3949 vero
389 3860 535 3949 hominis
549 3902 615 3948 non
631 3881 729 3947 habet
749 3888 876 3948 certum
890 3882 1046 3956 valorem,
1063 3881 1119 3948 sed
1135 3882 1308 3971 relativum

106 4007 254 4072 indiciis
277 4008 391 4091 quibus
414 4008 570 4073 innititur.

217 4126 328 4200 Quare
343 4128 370 4192 si
385 4126 466 4193 leuis
489 4128 539 4201 sit,
553 4132 601 4191 est
613 4125 828 4213 despicienda,
854 4149 881 4193 e.
896 4148 924 4195 c.
940 4126 993 4200 13,
1016 4128 1069 4208 19,
1086 4127 1147 4209 20,
1164 4146 1256 4194 cusu.
1273 4128 1307 4202 2,

105 4270 150 4335 q.
180 4252 200 4315 1
225 4254 259 4314 et
282 4250 305 4315 9
328 4268 419 4315 caus.
445 4248 476 4323 6,
509 4268 540 4335 q.
572 4252 590 4314 1
613 4255 646 4316 et
677 4270 705 4316 c.
729 4271 757 4317 c.
781 4252 824 4316 14
849 4252 880 4316 u.
905 4256 926 4317 t.
952 4251 987 4314 X
1014 4256 1047 4315 et
1069 4251 1125 4323 44,
1150 4251 1201 4317 De
1226 4254 1307 4315 seat.

101 4392 294 4443 eoecomm.
320 4372 354 4437 X
374 4372 428 4458 (V,
446 4372 512 4459 39).
541 4370 575 4437 Si
599 4374 727 4459 pravis,
751 4376 849 4460 plena
870 4396 936 4440 nou
960 4379 1009 4439 est
1031 4373 1187 4459 probatio,
1207 4390 1310 4457 quare

277 4498 335 4549 Suc.
357 4497 442 4567 Lepci.
1132 4496 1166 4550 34
