3350 5117
306 306 375 374 572
833 326 918 375 anas
941 328 962 374 1.

395 449 472 515 587.
497 450 579 513 Data
600 449 762 515 sententia
784 450 1049 533 sequestrationis
1072 448 1328 531 interlocutoria,
1345 448 1430 515 haec
1445 450 1492 515 ita

307 573 478 640 mandatur
501 575 703 639 executioni:

399 698 430 785 l)
454 698 595 784 Eligitur
616 699 670 764 vel
686 698 726 764 de
742 718 901 765 consensu
924 700 1064 785 partium
1088 700 1142 764 vel
1166 698 1279 765 iudicis
1295 702 1491 767 aucmritate

305 826 475 907 sequester
497 844 556 888 seu
585 842 725 909 persona
754 822 869 888 idonea
899 824 940 889 ad
972 822 1149 889 custodiam
1173 824 1222 889 rei
1249 828 1491 908 sequestratae;

306 968 359 1013 ex.
383 970 433 1035 gr.
458 970 517 1035 pro
540 946 707 1015 beneficiis
729 954 899 1035 sequester
922 950 964 1015 sit
987 950 1137 1016 clericus.

395 1073 429 1159 2)
454 1076 492 1139 in
517 1078 715 1158 sequestrem
733 1094 798 1139 uon
812 1076 931 1141 transit
955 1076 1003 1139 rei
1020 1076 1187 1159 possessio,
1205 1074 1261 1140 sed
1281 1074 1420 1160 simplex
1440 1076 1489 1141 rei

307 1198 460 1271 custodia,
486 1201 546 1265 nisi
571 1202 770 1267 contrarium
794 1220 949 1285 expresse
973 1202 1121 1265 caverint
1145 1205 1254 1285 partes
1277 1200 1330 1265 vel
1353 1200 1422 1285 ipse
1445 1202 1492 1267 iu-

305 1323 388 1399 dex;
412 1326 454 1390 cf.
480 1327 501 1390 l.
518 1326 551 1406 6,
570 1328 620 1410 ff„
638 1326 797 1409 Depositi.
822 1325 932 1401 Quare
956 1332 1125 1410 sequester
1148 1346 1217 1391 rem
1241 1325 1415 1412 diligenter
1438 1346 1491 1391 cu·

305 1446 422 1513 studiat
439 1452 470 1512 et
485 1447 625 1513 fideliter
641 1447 852 1521 administret,
867 1468 936 1514 rem
952 1454 986 1514 et
999 1448 1124 1513 fructus
1138 1450 1347 1514 restituturus
1360 1450 1488 1515 victori.

394 1570 429 1655 3)
452 1571 671 1654 Sequestratio
694 1570 860 1635 ordinarie
884 1576 999 1651 cessat,
1023 1572 1080 1635 lite
1111 1568 1210 1644 linita,
1236 1569 1293 1635 sed
1316 1570 1488 1655 aliquando

302 1698 403 1763 ⁴etiam
423 1704 520 1763 antea
535 1699 561 1763 si
578 1703 744 1782 sequester
761 1697 969 1773 demoriatur‚
988 1717 1060 1761 cum
1077 1699 1146 1762 eius
1162 1694 1302 1762 officium
1318 1716 1383 1761 non
1399 1702 1503 1761 trau·¹

305 1825 376 1885 seat
397 1821 437 1886 ad
461 1821 616 1904 heredes;
640 1822 693 1887 vel
710 1822 736 1887 si
759 1822 823 1886 alia
848 1823 976 1886 ratione
999 1826 1104 1888 cesset
1127 1821 1196 1886 sive
1221 1822 1360 1907 partium
1377 1820 1492 1885 volun-

304 1948 373 2009 tate
395 1946 465 2010 sive
488 1944 601 2011 iudicis
624 1945 755 2010 decreto
779 1946 1044 2029 sequestrationis
1068 1949 1255 2009 necessitas.

396 2068 428 2154 4)
453 2069 635 2154 Sequester,
659 2070 816 2136 restitutis
839 2090 876 2135 re
900 2074 932 2134 et
954 2067 1113 2135 fructibus
1142 2074 1174 2133 et
1198 2066 1490 2133 administrationis

307 2192 432 2259 reddita
456 2196 590 2277 ratione,
615 2197 684 2280 ipse
706 2196 866 2261 indemnis
890 2194 945 2260 fiet
968 2195 1007 2259 de
1032 2193 1128 2259 rebus
1151 2213 1171 2258 a
1195 2215 1230 2261 se
1253 2194 1350 2280 gestis
1374 2192 1431 2278 (1).

395 3172 435 3241 (l)
460 3171 570 3227 eelebri
595 3172 726 3227 instituto
747 3173 977 3243 sequestrationis
997 3174 1078 3228 affine
1103 3178 1147 3229 est
1171 3182 1313 3227 arrestum
1333 3174 1492 3243 personale

307 3281 419 3347 propter
437 3277 539 3343 debita,
550 3295 585 3333 ex
602 3293 658 3349 quo
670 3278 733 3348 quis
751 3278 893 3333 detinetur
912 3278 941 3332 in
960 3294 1072 3333 carcere
1090 3278 1178 3332 donec
1191 3276 1307 3331 solverit
1324 3293 1375 3330 sua
1394 3276 1492 3331 civilia

304 3381 409 3449 debita,
421 3383 467 3438 vel
486 3382 569 3439 aliter
587 3383 718 3438 creditori
737 3384 914 3439 satisfecerit.
928 3384 1091 3457 Antiquitus
1110 3385 1221 3439 debitor
1240 3384 1281 3438 ita
1299 3383 1429 3439 detentus
1443 3382 1492 3440 de·

307 3488 391 3542 bebat
409 3487 536 3543 laborare
556 3504 606 3557 pro
618 3488 765 3555 creditore,
779 3494 811 3542 ut
829 3489 856 3543 ei
869 3494 1045 3560 compararet
1057 3489 1238 3561 aequivalens
1251 3488 1489 3552 emolumentum

307 3602 402 3667 postea
414 3600 480 3670 quia
491 3599 581 3653 visum
600 3603 644 3654 est
662 3599 745 3653 nimis
762 3599 862 3653 durum
876 3600 916 3653 ita
935 3598 1076 3655 hominem
1094 3599 1177 3654 alteri
1197 3598 1303 3653 homini
1322 3599 1440 3655 subdam
1453 3600 1491 3655 ob

305 3706 418 3759 ciuilem
435 3705 646 3774 obligationem,
659 3708 796 3761 arrestum
815 3706 979 3775 permissum
993 3707 1046 3761 fuit
1065 3705 1100 3760 ad
1119 3704 1272 3776 urgendum
1291 3705 1426 3761 debitoris
1440 3722 1491 3761 vo-

305 3809 443 3865 luntatem
461 3811 490 3863 in
506 3810 592 3865 debiti
605 3811 780 3866 solutionem.
794 3840 829 3853 -
839 3812 885 3865 Ius
898 3828 957 3865 can.
971 3811 1104 3866 toleravit
1116 3810 1197 3881 quasi
1212 3811 1355 3865 conforme
1368 3827 1492 3866 commu·

306 3914 388 3969 nibus
405 3916 528 3970 moribus
543 3922 681 3971 arrestum
699 3916 845 3986 personale
859 3918 893 3971 ob
907 3917 1002 3972 debita
1021 3916 1118 3970 ciuilia
1131 3933 1178 3970 seu
1193 3916 1320 3970 seiuncta
1332 3916 1367 3970 ab
1380 3918 1491 3971 actium

304 4021 450 4074 criminali
465 4020 555 4089 magis
573 4037 657 4090 quam
675 4020 793 4090 positive
812 4021 980 4091 probaverit.
1001 4020 1041 4075 Gi.
1057 4020 1308 4089 Schmalzgrueber
1326 4022 1352 4074 a
1365 4032 1385 4075 t.
1405 4038 1433 4075 a.
1446 4020 1492 4075 36

304 4142 360 4195 seq.
379 4130 409 4180 et
421 4126 549 4179 Maschat
559 4112 593 4179 'la
605 4136 623 4179 t.
644 4143 670 4179 n.
684 4126 727 4179 12.
741 4155 776 4168 -
789 4126 873 4181 Modo
885 4127 957 4196 apud
972 4126 1115 4182 civiliores
1129 4128 1257 4180 nationes
1271 4130 1410 4181 arrestum
1428 4142 1494 4196 per·

303 4233 399 4288 sonale
418 4234 453 4287 ob
473 4235 570 4288 civiles
582 4233 769 4304 obligationes
782 4240 951 4303 expunctum
964 4234 1019 4287 fuit
1034 4250 1050 4288 s
1063 4234 1213 4301 codicibus,
1230 4237 1425 4289 conservatum
1438 4236 1491 4288 sub

304 4337 391 4392 certis
406 4337 533 4404 cautelis,
546 4336 656 4408 quaudo
669 4338 761 4391 ciuilis
777 4338 915 4408 obligatio
931 4336 1107 4393 connectitur
1121 4354 1184 4391 cum
1197 4336 1373 4407 obligatione
1386 4353 1422 4392 ea·
1440 4339 1493 4393 da·

305 4444 370 4498 licto
379 4444 427 4498 vel
436 4446 516 4514 quasi
524 4444 634 4498 delicto.
645 4442 677 4497 ln
687 4459 775 4514 regno
784 4444 881 4498 italico
891 4442 944 4499 hoc
957 4442 1079 4498 edictum
1093 4442 1146 4497 fuit
1159 4443 1223 4515 lege
1240 4444 1259 4497 7
1270 4444 1384 4499 Decea.
1395 4442 1458 4497 187
1462 4442 1494 4497 7.
