3350 5117
292 280 359 346 668
818 299 902 347 rans
925 299 947 346 ι.

292 422 409 506 quippe
432 439 505 484 cum
532 439 568 486 re
599 421 794 497 coalescunt,
818 441 885 486 non
914 422 1010 488 unius
1039 423 1171 506 generis
1200 425 1342 494 suntet
1370 420 1469 486 aliter

292 550 551 630 compensantur,
576 547 621 612 uti
646 547 738 612 modo
762 546 915 613 dicemus.

383 669 513 735 Revera
528 672 561 735 in
577 672 688 756 primis
704 691 924 755 quaecumque
939 670 1038 735 fuerit
1060 673 1256 756 possessoris
1285 667 1374 741 fides,
1398 690 1474 756 pes-

292 810 399 856 sessor
423 794 540 878 repetit
561 793 773 860 necessartus
795 811 854 858 seu
871 812 890 857 <
907 811 989 876 quae
1012 792 1162 858 aisaciae
1177 811 1243 856 uon
1258 792 1331 872 sint,
1344 810 1400 856 res
1414 797 1473 855 aut

291 917 437 1000 peritura
460 921 515 983 aut
529 919 674 982 deterior
696 916 807 982 futura
831 919 872 982 sit
896 938 913 980 a
940 937 983 981 ex
1006 919 1028 983 l.
1045 917 1098 990 19,
1120 916 1224 1001 ffiDe
1246 913 1336 981 ver‘b.
1351 913 1471 1000 siquis.

292 1038 461 1124 Expensas
482 1061 563 1107 vero
585 1041 693 1124 rutilet,
719 1061 801 1126 quae
823 1061 940 1128 nempe
963 1060 1032 1107 rem
1057 1041 1305 1106 fructuosiorem
1318 1037 1470 1110 reddunt.

291 1184 456 1250 possessor
471 1165 500 1230 b.
519 1167 541 1231 f.
559 1173 692 1253 repetet.
710 1173 868 1251 quatenus
888 1187 958 1232 rem
982 1166 1149 1232 meliorem
1172 1165 1327 1248 efficiunt,
1343 1185 1386 1232 ex
1401 1167 1469 1252 leq.

291 1292 361 1356 iam
386 1293 437 1358 cit.
463 1298 494 1358 et
517 1293 536 1358 t.
560 1291 618 1375 33,
643 1293 751 1378 deff.
776 1293 826 1360 De
847 1295 900 1359 rei
923 1291 1015 1359 eiad.
1039 1292 1093 1357 vel
1116 1298 1274 1377 quatenus
1296 1293 1366 1378 ipse
1387 1312 1471 1357 rere

291 1413 453 1498 impendit,
478 1419 499 1482 t.
516 1414 573 1489 38,
592 1415 645 1482 De
663 1417 715 1482 rei
730 1417 821 1482 viad.
840 1422 936 1502 prout
958 1417 1064 1481 minus
1087 1422 1137 1483 est
1159 1415 1243 1500 quod
1267 1416 1473 1481 melioratum

290 1539 352 1603 fuit
373 1546 428 1604 aut
451 1540 535 1624 quod
558 1541 619 1605 fuit
642 1542 829 1626 impensum.
857 1543 922 1606 Ista
945 1541 1084 1606 relativa
1108 1541 1298 1608 aestimatio
1321 1562 1342 1605 a
1364 1539 1473 1606 iudice

291 1666 439 1733 facienda
451 1673 508 1749 est,
522 1669 627 1753 prouti
639 1688 656 1731 <
669 1666 772 1734 bonus
785 1668 882 1735 iudex
894 1669 987 1734 varie
998 1687 1041 1734 ex
1054 1669 1202 1755 personis
1214 1669 1382 1752 causisque
1394 1687 1472 1731 con-

289 1789 442 1854 stituet...
459 1809 563 1872 neque
578 1788 708 1854 malitiis
731 1789 961 1875 indulgendum
985 1795 1043 1870 est,
1059 1791 1087 1854 si
1102 1791 1275 1855 tectorium
1290 1796 1368 1874 puta
1383 1789 1470 1872 quod

291 1913 466 1988 induxeris,
484 1915 690 1999 picturasque
706 1913 883 1980 corradere
902 1915 993 1995 velis,
1010 1913 1091 1978 nihil
1106 1913 1232 1979 laturus
1255 1914 1316 1978 uisi
1340 1917 1375 1978 ut
1397 1911 1471 1976 offi-

290 2039 358 2102 cias
381 2060 411 2109 a,
436 2057 479 2103 ex
503 2039 522 2104 t.
548 2037 606 2110 38,
629 2041 664 2122 ff.
690 2037 742 2104 De
765 2039 818 2106 rei
839 2039 933 2104 eiad.

381 2163 551 2227 Possessor
574 2183 615 2227 m.
634 2163 654 2226 s.
672 2183 768 2248 quum
793 2165 900 2228 sciens
923 2165 957 2228 in
979 2164 1086 2228 alieno
1109 2163 1209 2229 fundo
1233 2182 1392 2249 expensas
1415 2162 1468 2228 fe·

290 2285 381 2358 cerit,
395 2304 476 2368 quae
501 2289 619 2348 natura
645 2305 703 2350 suo
726 2285 825 2350 fundo
848 2285 1021 2360 accedunt,
1045 2305 1089 2351 ex
1118 2287 1281 2352 communi
1304 2287 1368 2350 DI).
1392 2306 1472 2352 sen·

289 2413 390 2492 tentia
413 2415 518 2496 potest
541 2429 597 2476 eas
618 2409 744 2484 tollere,
766 2413 791 2475 si
815 2409 888 2476 fieri
911 2416 1016 2496 potest
1037 2411 1158 2496 absque
1181 2413 1229 2477 rei
1252 2410 1463 2498 praeiudicio,

290 2541 322 2600 et
345 2537 404 2600 nisi
429 2541 560 2622 paratus
584 2540 633 2601 est
648 2535 795 2602 dominus
810 2542 935 2601 tantum
951 2535 1040 2616 dare,
1057 2543 1211 2620 quantum
1231 2536 1400 2602 habiturus
1417 2542 1468 2601 est

288 2678 463 2744 possessor,
479 2658 531 2723 his
547 2658 643 2724 rebus
666 2658 789 2733 ablatis,
808 2661 828 2723 l.
846 2657 904 2731 38,
919 2659 956 2743 ff.
975 2658 1026 2724 De
1040 2659 1092 2724 rei
1106 2658 1198 2724 vind.
1216 2694 1260 2709 -
1282 2658 1467 2742 voluptua-

288 2781 361 2847 rias
384 2801 465 2866 quae
489 2784 629 2868 speciem
652 2783 818 2848 dumtaxat
842 2789 1005 2848 exornant
1031 2802 1097 2848 nou
1126 2783 1222 2847 etiam
1255 2782 1395 2848 fructum
1422 2804 1465 2848 au

290 2915 376 2994 gent,
401 2914 435 2973 ut
458 2913 533 2976 sunt
553 2909 679 2991 viridia,
705 2917 737 2975 et
759 2929 862 2994 aquae
885 2909 1047 2977 salientes,
1064 2911 1326 2984 incrustationes,
1351 2910 1467 2975 lorica·

288 3034 402 3112 tiones,
427 3032 583 3116 picturae,
607 3053 650 3098 ex
673 3034 693 3097 t.
719 3033 771 3098 cit.
797 3031 1035 3114 remanere.
1059 3032 1187 3119 sipost,
1210 3040 1278 3098 tum
1300 3052 1469 3119 possessor

290 3153 318 3218 b.
341 3154 363 3218 f.
390 3160 458 3220 tum
481 3177 522 3220 m.
540 3156 562 3220 f.
588 3161 737 3241 repetere
761 3163 895 3221 eatenus
918 3162 1023 3243 potest
1044 3163 1203 3242 quatenus
1226 3175 1281 3223 res
1304 3159 1469 3241 impensae

288 3280 523 3363 separationem
547 3279 714 3363 recipiant,
740 3284 771 3344 et
794 3279 858 3343 hoe
881 3279 1085 3364 profuturum
1109 3279 1167 3353 sit;
1183 3279 1245 3342 nisi
1269 3283 1400 3364 paratus
1423 3278 1467 3342 sit

289 3402 435 3469 dominus
463 3409 585 3470 tantum
614 3403 692 3468 dare
716 3407 869 3490 quantum
900 3405 933 3467 in
957 3403 1009 3468 his
1035 3403 1132 3469 rebus
1165 3402 1315 3468 tollendis
1337 3409 1387 3469 est
1409 3403 1467 3467 ha-

288 3531 413 3595 biturus
443 3547 621 3614 possessum
646 3527 688 3592 cf.
714 3527 734 3592 t.
759 3526 816 3609 38,
839 3529 876 3612 ff.
902 3527 951 3593 De
980 3525 1033 3593 rei
1054 3527 1147 3594 vind.
1180 3532 1213 3594 et
1242 3526 1264 3592 l.
1290 3528 1330 3609 9,
1351 3529 1388 3612 ff.
1412 3527 1465 3593 De

287 3653 430 3736 imperas
454 3651 492 3716 in
514 3671 588 3717 rem
611 3641 678 3718 dot.
703 3686 747 3699 -

379 3777 471 3843 Haec
494 3783 568 3843 sunt
592 3777 751 3862 principia
774 3796 917 3840 summae
940 3775 1118 3859 aequitatis,
1132 3793 1215 3859 quae
1239 3776 1271 3840 iu
1293 3775 1366 3840 foro
1386 3775 1469 3839 eccl.

288 3907 453 3988 acceptata
470 3901 611 3975 fuerunt,
625 3907 658 3966 et
673 3899 786 3985 quibus
807 3901 903 3966 etiam
923 3899 1049 3965 codices
1065 3898 1216 3965 hodierni
1238 3897 1468 3965 informantur.
