3350 5117
300 288 364 355 180
820 307 904 353 raas
928 306 951 352 1.

296 454 324 499 c.
349 452 376 499 c.
393 428 436 497 13
459 430 509 495 Dc
531 428 720 495 renunciat.
737 428 771 492 X
792 427 831 513 (1.
849 426 898 514 9);
921 428 973 492 27
995 428 1068 510 §a
1093 430 1143 494 De
1158 430 1212 513 off
1231 429 1300 494 iud.
1318 430 1424 517 ctctcp.
1442 432 1476 495 X

296 552 335 639 (l,
359 552 426 639 29).
451 551 560 626 Quare
583 550 720 615 Auditor
743 554 792 613 est
819 552 943 633 species
964 549 1275 644 [EQ-wli?
1300 552 1327 615 si
1351 553 1390 632 ei,
1414 572 1476 637 per

295 676 479 743 mandatum
502 675 723 761 delegationis,
740 672 871 756 aliquod
894 675 1106 740 committitur
1129 674 1360 741 iurisdictionis
1382 696 1476 741 exer-

295 802 415 867 citium.
440 836 483 848 -
507 800 566 863 Est
588 818 667 863 vero
690 795 829 862 Auditor
853 795 1071 861 recensendus
1101 798 1188 863 inter
1217 799 1378 883 simplices
1401 796 1473 863 offi-

293 925 402 999 ciales,
427 924 554 1008 quando
578 925 608 988 ei
631 921 844 988 demandatur
867 922 1023 987 articulus
1047 942 1110 987 non
1134 923 1405 990 iurisdictionalis.
1429 958 1477 972 -

295 1050 361 1114 Res
384 1049 467 1114 bene
490 1049 676 1115 declaratur
699 1068 742 1111 ex
765 1047 972 1129 dispositione
996 1068 1070 1130 cop.
1094 1048 1148 1113 cit.
1164 1049 1223 1121 27,
1247 1048 1298 1113 Dc
1321 1050 1377 1133 off.
1400 1048 1473 1113 iud.

293 1174 410 1260 dctep,
435 1173 489 1238 ubi
511 1172 551 1238 ad
575 1174 596 1255 ἓ
619 1173 641 1238 2
664 1173 831 1238 statuitur:
860 1194 878 1234 ‹
903 1173 1009 1237 Porro
1037 1193 1109 1238 cum
1133 1173 1300 1259 delegatus
1330 1195 1351 1237 a
1380 1172 1475 1238 nobis

293 1296 544 1361 iurisdictionem
572 1315 662 1360 suam
686 1297 718 1359 in
742 1294 839 1359 alium
863 1295 1023 1359 transfert
1046 1302 1156 1369 totam,
1180 1299 1207 1361 si
1231 1297 1331 1361 tuerit
1361 1297 1471 1382 appel-

292 1419 432 1493 landum,
458 1440 521 1483 non
545 1418 585 1484 ad
610 1439 683 1483 eum
706 1418 761 1484 sed
785 1418 825 1483 ad
850 1439 908 1483 nos
932 1419 1090 1505 appellari
1105 1419 1243 1485 debebit.
1260 1419 1340 1488 Cum
1364 1426 1473 1485 autem

292 1544 351 1609 sibi
381 1544 500 1627 aliquid
525 1543 564 1609 de
589 1544 812 1609 iurisdictione
844 1549 1003 1624 reservet,
1028 1546 1056 1609 si
1079 1563 1178 1609 causa
1207 1546 1249 1611 sit
1276 1547 1306 1610 ei
1328 1546 1472 1631 appella-

292 1674 379 1739 tione
395 1677 520 1736 remota
535 1672 713 1741 commissa,
732 1689 796 1735 non
820 1670 861 1733 ad
884 1691 943 1735 nos
959 1670 1015 1735 sed
1038 1671 1077 1735 ad
1103 1691 1176 1735 eum
1194 1674 1313 1755 poterit
1336 1672 1375 1736 de
1398 1675 1473 1737 iure

290 1796 456 1881 appellari.
475 1795 566 1863 Unde
589 1798 616 1860 si
639 1796 752 1860 forsan
776 1795 959 1880 appelletur
981 1794 1021 1859 ab
1044 1816 1094 1876 eo,
1110 1798 1163 1860 eui
1186 1798 1337 1862 medium
1352 1818 1474 1863 causae

291 1922 510 1993 committitur,
534 1923 602 1985 sive
626 1921 790 2007 capuitor,
808 1925 864 1983 aut
879 1925 1040 1986 executor
1063 1919 1199 2001 dicatur,
1215 1922 1268 1985 vel
1283 1920 1379 2006 (quod
1402 1944 1472 1988 me-

290 2046 352 2110 lius
376 2044 435 2129 est)
459 2044 607 2125 auditor,
631 2064 691 2128 pro
716 2064 752 2107 eo
777 2043 861 2127 quod
883 2044 937 2107 vel
961 2044 1102 2109 mandati
1133 2043 1214 2110 fines
1245 2047 1392 2127 excedat,
1416 2047 1470 2111 vel

290 2168 406 2231 merito
437 2169 478 2231 sit
501 2170 685 2250 suspectus;
710 2164 919 2229 nihilominus
949 2172 1056 2230 tamen
1080 2167 1247 2252 delegatus
1270 2187 1292 2233 a
1315 2169 1407 2233 nobis

290 2311 420 2356 causam
443 2294 562 2376 poterit
585 2290 719 2357 definire
743 2296 804 2355 etc.
821 2314 852 2352 ».
879 2291 969 2356 Unde
994 2297 1091 2376 patet,
1109 2292 1284 2358 Auditores
1302 2298 1400 2359 antea
1421 2314 1469 2359 so

289 2418 364 2482 litos
395 2417 494 2481 luisse
524 2416 671 2481 adhiberi
700 2414 740 2480 ad
772 2434 887 2480 causas
918 2416 1132 2490 instruendas,
1158 2437 1274 2503 nempe
1304 2418 1344 2482 ad
1372 2416 1468 2483 confi·

289 2545 420 2609 ciendos
437 2563 624 2629 processum
649 2542 802 2626 quocirca
818 2542 992 2609 Auditores
1007 2544 1084 2609 dicti
1102 2550 1185 2616 sunt,
1202 2564 1222 2608 a
1241 2544 1387 2629 partibus
1409 2565 1467 2611 au·

289 2668 423 2733 diendis
446 2686 621 2749 earumque
644 2664 900 2750 allegationibus.
925 2666 976 2731 lta
1000 2668 1111 2731 curiae
1134 2668 1264 2753 Papalis
1280 2668 1466 2753 Cappellani

288 2787 434 2853 solebant
457 2791 605 2854 constitui
631 2808 801 2853 causarum
826 2788 1050 2868 instructores,
1068 2810 1124 2853 seu
1148 2789 1333 2858 Auditores,
1347 2797 1380 2855 et
1402 2791 1468 2855 hoc

213 2966 216 2971 .
288 2922 338 2981 est
368 2918 493 2982 initium
525 2916 729 2981 celeberrimi
758 2914 943 2981 Tribunalis
970 2915 1161 2981 Auditorum
1191 2918 1311 2992 Rotae;
1339 2919 1381 2982 cf.
1411 2920 1465 2985 cit.

288 3058 362 3122 cop.
379 3038 431 3112 13,
455 3039 505 3104 De
528 3036 738 3119 renunciat.,·
762 3036 804 3101 cf.
823 3036 978 3121 Philipps,
998 3038 1059 3102 lus
1075 3039 1265 3113 ecclesiast„
1288 3040 1382 3105 Tora.
1407 3038 1464 3113 Vr,

287 3164 407 3247 §450
430 3184 498 3249 req.

377 3292 415 3355 ln
439 3290 507 3353 dies
530 3289 648 3353 limites
672 3286 765 3353 deler
802 3288 807 3299 '
857 3288 863 3298 '
975 3289 981 3299 '
1025 3287 1466 3389 extendicoepeuuutgd-eo

287 3418 322 3479 ut
337 3414 509 3479 Auditores
526 3410 966 3508 Papfflaser2immueb
984 3412 1088 3495 quoad
1106 3417 1212 3477 certas
1228 3433 1351 3487 causas,
1368 3416 1464 3479 etiam

287 3538 454 3612 ordinarii,
479 3537 521 3602 cf.
547 3539 645 3622 Greg.
664 3538 757 3608 XVI,
775 3534 858 3621 Rep.
882 3536 975 3621 pind.
1000 3537 1224 3621 §33213cq.‚
1249 3537 1323 3604 377
1337 3559 1406 3623 seq.
1419 3574 1464 3588 -

287 3664 399 3741 Quoad
422 3665 502 3728 alias
519 3663 663 3728 ludicum
681 3662 873 3728 Auditorum
890 3664 1022 3746 species,
1046 3664 1079 3726 in
1099 3662 1168 3727 eod.
1190 3663 1260 3729 cod.
1276 3664 1318 3727 of.
1334 3666 1380 3746 ἓξ
1394 3663 1466 3730 312

285 3810 364 3875 sep,
389 3788 461 3855 369
484 3808 573 3872 seq.,·
598 3787 639 3851 ct.
665 3788 778 3857 Bonis,
803 3786 853 3849 De
877 3786 957 3858 iud,
988 3786 1082 3851 Tora.
1108 3787 1135 3857 Ι,
1156 3806 1193 3869 p.
1219 3787 1305 3853 eoo.

376 3915 449 3979 145.
475 3910 580 3977 Hodie
602 3909 684 3995 apud
709 3910 816 3973 curias
841 3914 874 3973 et
896 3909 1071 3974 tribunalia
1087 3901 1309 3975 ecclesiastica
1332 3911 1461 3978 illaesi

285 4040 493 4103 committitur
508 4036 658 4101 modium
676 4054 792 4099 causae
809 4054 865 4099 seu
880 4055 1049 4117 processus
1064 4036 1244 4116 instructio,
1261 4038 1462 4121 potiusquam

284 4163 440 4239 iloditor,
466 4162 547 4226 solet
570 4161 726 4245 appellari
754 4160 859 4224 iactor
883 4159 1075 4232 instinctor,
1101 4163 1206 4245 prouti
1232 4162 1336 4226 innuit
1365 4164 1463 4226 etiam

284 4289 337 4354 cit.
352 4286 433 4351 lact.
450 4284 483 4351 S.
504 4286 537 4351 C.
556 4286 624 4349 EE.
643 4289 674 4349 et
689 4282 761 4349 Ra.
778 4283 815 4345 11
831 4283 925 4347 lunii
947 4282 1051 4355 1880,
1069 4288 1135 4347 tum
1151 4283 1189 4348 ad
1208 4290 1268 4348 art.
1289 4284 1340 4357 12,
1354 4286 1462 4350 aiens:

287 4412 505 4477 «Proccssas
522 4408 683 4493 confectio
708 4407 870 4474 coarrrzitti
881 4413 991 4491 potest
1014 4408 1118 4473 alicui
1137 4408 1247 4490 probo
1264 4415 1365 4495 atque
1388 4410 1461 4477 icto-
