3350 5117
312 257 379 324 256
835 280 920 328 rans
946 281 968 327 1.

310 402 426 484 minus,
451 401 523 468 dolo
547 405 787 471 circumventus
810 409 866 470 aut
893 410 980 470 metu
1007 409 1184 472 commotus
1214 406 1394 492 spoliationi
1417 427 1494 473 con-

312 526 483 592 sentiisset.

401 649 477 717 224.
502 650 689 742 Sed-opert
703 654 790 744 iuris
813 673 887 718 can.
918 653 1095 748 remedium
1122 655 1336 744 possessionis
1359 673 1492 750 recupe-

312 772 547 864 resquiescam
567 775 804 872 perfectionem
832 782 968 850 laetum
987 782 1044 853 est

402 901 455 967 Ex
478 902 656 968 intentione
678 905 759 969 iuris
783 903 930 970 canonici
952 905 1134 968 animarum
1157 905 1253 970 saluti
1267 905 1494 990 prospicientis

311 1029 346 1093 in
368 1030 558 1115 spoliatione
581 1050 702 1111 rerum,
718 1032 824 1116 magis
838 1030 1033 1116 reprobatur
1049 1031 1171 1097 malitia
1193 1029 1373 1098 invadentis
1396 1051 1492 1115 quam

313 1150 463 1218 damnum
475 1153 658 1220 invasionis.
676 1155 763 1220 Hinc
779 1153 971 1220 Pontificum
987 1175 1078 1221 mens
1090 1155 1160 1230 fuit,
1175 1174 1406 1239 quamcumque
1422 1175 1493 1242 spo-

267 1332 270 1337 ,
311 1273 476 1342 liationem
499 1277 674 1362 prohibere
697 1279 747 1343 rei
769 1280 838 1344 sive
855 1279 981 1344 mobilis
1005 1281 1075 1345 sive
1089 1278 1269 1360 immobilis,
1286 1280 1354 1344 sivo
1378 1298 1491 1364 corpo

312 1402 393 1467 ralis
407 1403 475 1468 sive
492 1404 715 1489 incorporalis,
732 1405 859 1470 scilicet
873 1406 1001 1479 iurium,
1019 1411 1052 1472 et
1066 1411 1142 1471 ante
1159 1426 1285 1472 omnem
1301 1407 1381 1472 iuris
1397 1424 1495 1490 quae·
1585 1415 1587 1420 '

313 1529 448 1592 stionern
470 1529 627 1613 spoliatae
649 1530 699 1595 rei
721 1530 955 1616 possessionem
979 1550 1050 1597 esse
1081 1529 1324 1596 restituendam.
1349 1531 1395 1596 At
1421 1547 1492 1614 pre·

313 1669 403 1716 mens
437 1653 575 1738 vestigia
605 1653 841 1726 Romanorum,
873 1653 1056 1740 Legislator
1086 1654 1259 1720 canonicus
1294 1649 1491 1737 pedetentim

313 1765 479 1862 processit,
504 1784 537 1843 et
558 1798 644 1844 nova
674 1779 773 1845 edidit
795 1783 852 1846 aut
878 1781 1010 1864 ant-iqua
1033 1779 1188 1850 correxit,
1209 1778 1362 1864 exigente
1386 1780 1491 1862 qnoti-

313 1901 409 1968 diana
423 1923 534 1969 rerum
549 1907 762 1989 experientia.
777 1943 818 1953 —
833 1907 909 1971 lure
925 1925 1059 1970 romano
1082 1903 1187 1969 editae
1202 1904 1334 1970 fuerant
1349 1906 1495 1970 actiones

312 2027 529 2112 possessoriae
559 2027 754 2113 eaedemque
781 2027 886 2113 quoad
914 2029 1010 2114 plura
1032 2027 1160 2093 obiecta
1182 2032 1215 2092 et
1236 2025 1392 2092 adversus
1415 2047 1492 2093 non·

313 2155 419 2219 nullos
441 2173 642 2238 possessores
665 2159 760 2219 erant
781 2153 985 2230 inefficaces;
1010 2159 1044 2220 at
1066 2155 1207 2220 maxime
1223 2154 1493 2221 desiderabantur

314 2280 528 2364 acceptiones
545 2281 784 2363 possessoriue,
805 2279 919 2364 quibus
945 2280 1184 2366 repellerentur
1207 2299 1227 2344 a
1249 2279 1361 2345 limine
1384 2279 1492 2346 iudicii

313 2404 453 2490 petitorii
465 2404 518 2469 vel
530 2405 717 2488 possessorii
733 2405 911 2486 invasores,
924 2407 952 2470 si
967 2425 1005 2470 eo
1018 2403 1172 2470 audaciae
1187 2404 1222 2469 hi
1237 2404 1445 2472 devenissent
1456 2412 1492 2472 ut

313 2527 473 2593 silentium
497 2529 664 2613 imponere
687 2534 884 2594 conarentur
906 2529 1049 2614 querelis
1065 2531 1284 2615 spoliatorum,
1298 2528 1493 2596 iudicialiter

314 2650 556 2724 contendentes,
572 2670 627 2715 res
643 2656 872 2716 controversas
895 2651 956 2716 sibi
970 2652 1113 2737 legitimo
1130 2651 1201 2716 iure
1216 2651 1394 2736 pertinere.
1411 2651 1494 2715 Eve-

314 2775 423 2840 niebat
441 2776 536 2846 enim,
553 2774 691 2858 aliquem
707 2795 766 2840 sua
781 2795 819 2840 re
834 2775 976 2862 spoliari,
994 2780 1072 2861 puta
1086 2774 1195 2840 mobili
1211 2775 1264 2840 vel
1280 2777 1352 2841 iure
1373 2776 1493 2860 aliquo,

314 2917 396 2982 quae
412 2896 452 2961 ab
476 2896 647 2962 interdicto
664 2918 728 2962 non
751 2895 1018 2971 defendebantur,
1036 2898 1090 2962 vel
1112 2899 1210 2962 etiam
1225 2897 1390 2970 immobili,
1408 2917 1491 2982 quae

312 3025 422 3086 tamen
434 3019 475 3084 ad
487 3016 701 3104 effugiendam
712 3019 875 3084 interdicti
888 3039 909 3104 ¹u
924 3019 1016 3086 uude
1027 3019 1090 3085 oi»
1106 3018 1339 3102 efficacitatem‚
1350 3021 1392 3086 ab
1404 3024 1494 3087 inva-

314 3164 389 3209 sore
402 3145 663 3211 transferebatur
685 3148 719 3210 in
742 3146 873 3213 tertium
890 3165 1119 3231 possessorem,
1132 3153 1165 3211 et
1180 3147 1257 3212 hine
1269 3131 1423 3233 spoliatus
1435 3148 1492 3213 de·

314 3271 507 3338 stituebatur
517 3272 638 3336 auxilio
653 3273 787 3337 actionis
801 3273 1030 3357 possessoriae‚
1046 3271 1152 3338 facilis
1164 3272 1364 3357 probationis
1381 3279 1413 3340 et
1431 3293 1493 3340 ox·

314 3395 499 3482 peditissimi
522 3415 702 3481 processus.
716 3397 749 3462 Si
765 3396 921 3482 spoliatus
940 3397 1134 3462 recurrisset
1148 3395 1189 3460 ad
1204 3395 1359 3463 iudicium
1376 3399 1495 3483 petito·

314 3521 399 3585 rium
414 3516 473 3583 sibi
490 3538 570 3584 onus
584 3519 746 3610 inferebat
761 3518 917 3606 probandi
934 3520 1175 3605 proprietatem,
1189 3519 1272 3603 quod
1288 3511 1491 3606 perarduum

314 3645 479 3730 negotium
494 3651 552 3710 est.
566 3643 598 3710 Si
611 3664 690 3709 vero
702 3644 920 3710 tantummodo
935 3644 1091 3710 sollicitus
1103 3649 1175 3710 erat
1186 3643 1225 3711 do
1237 3644 1418 3730 repetenda
1434 3665 1493 3712 sua

314 3791 353 3836 re
368 3769 666 3843 extraiudicialiter,
683 3769 837 3838 molestiis
858 3768 1002 3836 afficiens
1018 3770 1234 3856 spoliatorem,
1247 3771 1302 3838 hic
1320 3772 1372 3836 vel
1396 3772 1495 3856 impe

314 3894 422 3960 trabat
444 3893 650 3960 interdictum
673 3893 872 3960 retinendae
891 3895 1116 3976 possessionis
1142 3893 1195 3960 vel
1225 3894 1340 3960 fraude
1365 3913 1492 3980 compa-

314 4018 397 4083 ratis
419 4014 668 4103 probationibus,
697 4014 854 4102 probabat
876 4035 911 4081 se
942 4016 1104 4082 dominum
1135 4037 1219 4094 esse;
1247 4016 1332 4102 quod
1363 4016 1495 4083 facilius

314 4141 442 4223 assequi
453 4144 581 4225 poterat
595 4139 743 4206 subsidiis
755 4141 962 4226 possessionis
978 4141 1163 4207 instructus.
1177 4141 1246 4206 Has
1261 4140 1393 4207 fraudes
1405 4140 1494 4209 dolet

315 4266 383 4353 ipse
408 4267 479 4330 lun.
503 4267 564 4340 ΙΙΙ,
588 4267 627 4345 in
644 4286 720 4350 cup.
743 4267 795 4341 18,
820 4267 872 4333 De
894 4272 972 4333 rest.
996 4266 1129 4350 spoliat.
1152 4267 1194 4343 X,
1218 4268 1325 4334 aiens:
1344 4289 1364 4331 s
1381 4267 1495 4351 Saepe

315 4389 479 4476 costinqit
493 4391 585 4475 quod
599 4389 765 4472 spoliabis
775 4409 843 4474 per
857 4391 1075 4475 spoliatorem
1087 4391 1124 4458 is
1139 4390 1248 4458 ulium
1259 4411 1298 4459 re
1311 4389 1493 4468 translato,
