3350 5117
883 600 997 667 00000
1022 598 1065 666 ΙΙ.

761 813 805 866 DE
825 812 986 869 ACCESSU
1006 814 1188 869 IUDICIALL

383 1020 598 1077 Summsrium.
623 1050 658 1065 -
682 1024 742 1077 502.
773 1026 908 1077 necessus
937 1023 1076 1077 iudicialis
1103 1029 1146 1078 est
1174 1024 1294 1078 medium
1323 1023 1488 1093 probationis.
1509 1050 1539 1062 -

472 1132 533 1185 503.
553 1132 717 1186 Decernitur
741 1150 868 1186 accessus
894 1150 930 1187 ee
956 1132 1045 1203 officie
1064 1133 1110 1188 rel
1134 1133 1168 1186 ad
1194 1136 1352 1187 instantiam
1372 1136 1494 1202 parumn.
1511 1159 1539 1170 -

473 1238 534 1291 504.
555 1237 636 1291 Index
657 1238 776 1291 inritare
795 1238 946 1304 ordinario,
965 1243 995 1291 in
1013 1242 1150 1304 cunibus,
1169 1239 1252 1293 debet
1265 1244 1358 1309 partes
1369 1244 1401 1293 ut
1410 1238 1491 1291 edsint
1502 1256 1539 1288 cr·

418 1362 420 1371 ’
473 1347 563 1397 cessei
582 1344 708 1397 iudiciali
727 1344 760 1397 de
779 1360 833 1413 quo
848 1360 961 1414 semper
979 1345 1008 1399 in
1027 1345 1098 1399 actis
1115 1345 1263 1399 constabit
1282 1374 1318 1387 -
1334 1344 1395 1398 505
1414 1344 1539 1412 Expensse

473 1468 489 1503 s
509 1451 633 1519 partibus
653 1450 836 1505 exsolvendae
857 1451 886 1505 in
905 1455 1088 1506 antecessum,
1100 1452 1210 1505 -5oo.
1224 1450 1295 1505 Tum
1314 1452 1344 1505 in
1360 1450 1480 1503 civilibus
1490 1457 1538 1502 tun

471 1556 501 1608 in
520 1555 710 1609 criminalibus
727 1558 830 1626 peritia
849 1561 878 1610 et
896 1573 1024 1612 accessus
1042 1556 1219 1623 adhibentur,
1232 1555 1281 1611 sed
1299 1553 1480 1610 diversimode

472 1754 548 1818 502.
573 1754 668 1819 Modo
692 1754 766 1839 quid
789 1754 935 1820 dicemus
958 1754 999 1819 de
1028 1775 1161 1821 accessu
1191 1755 1342 1821 iudiciali.
1371 1752 1538 1818 Huiusnmii

382 1898 531 1965 accessus
543 1879 583 1943 ed
595 1880 699 1945 locum
714 1878 798 1961 secti
810 1880 1024 1947 controversi
1038 1887 1088 1945 est
1103 1880 1241 1947 medium
1257 1879 1489 1945 accommodum
1503 1881 1539 1941 in·

382 2001 536 2067 struendo
560 2005 733 2089 processui,
750 2008 919 2088 qnatenus
932 2004 1069 2068 inservit.
1085 2023 1283 2090 magnopere
1307 2003 1403 2068 iudici
1423 2002 1461 2066 ed
1481 2021 1538 2085 per·

382 2128 584 2213 pendendum
609 2130 752 2194 relorem
776 2136 808 2195 et
831 2130 1055 2215 probationum
1080 2132 1155 2195 vim.
1180 2132 1230 2196 Re
1245 2129 1374 2214 quidem
1398 2150 1539 2213 rerepn»

382 2252 526 2317 bationes
549 2250 669 2318 afferre
692 2258 801 2340 partes
825 2253 963 2330 debent;
989 2254 1087 2320 iudex
1109 2274 1189 2320 vero
1219 2257 1348 2341 inspicit
1378 2256 1478 2320 locuni
1496 2254 1537 2315 rei

382 2399 453 2443 rem
477 2384 512 2443 ut
535 2384 624 2442 recte
647 2380 802 2457 aestimet,
828 2382 940 2461 quanti
963 2381 1028 2444 sint
1050 2379 1198 2444 facienda
1222 2401 1261 2445 ea
1283 2383 1394 2447 ornnie
1414 2381 1539 2465 qnaesi-

382 2502 490 2587 legata
514 2509 546 2565 et
568 2501 703 2586 probate
726 2506 801 2566 sunt
824 2503 857 2565 in
883 2502 1010 2567 iudicio.

472 2626 548 2691 503.
582 2626 722 2691 Proinde
752 2625 849 2691 iudex
881 2646 927 2691 ecc
958 2626 1065 2711 officio
1092 2625 1239 2691 decernit
1273 2648 1439 2692 accessum
1469 2625 1537 2689 indi·

383 2752 508 2827 cielem,
534 2772 626 2837 quem
651 2772 709 2838 per
733 2772 767 2815 se
791 2752 843 2815 vel
868 2772 928 2837 per
952 2752 1090 2818 iudicem
1117 2752 1299 2838 delegatum
1324 2755 1494 2837 exequitur,
1514 2763 1539 2813 et

382 2880 527 2960 quamvis
551 2883 659 2962 partes
683 2877 843 2961 postulent
866 2897 885 2941 e
910 2876 1023 2949 iudice,
1041 2882 1077 2943 ut
1091 2878 1227 2942 accedat
1241 2877 1282 2941 ed
1302 2878 1408 2943 locum
1430 2885 1539 2943 enirn»

381 3002 518 3072 versiae,
539 3020 603 3065 non
627 3006 756 3065 tenetur
780 3000 1008 3084 obtemperare
1032 3002 1215 3067 instantiae
1236 3002 1399 3084 partium..
1416 3003 1472 3067 nisi
1486 3007 1539 3087 ipse

373 3129 445 3197 Jioc
468 3132 557 3213 putet
580 3134 791 3212 opportunum
816 3126 857 3191 sd
882 3126 1088 3211 probationes
1118 3129 1234 3192 melius
1265 3127 1483 3193 elucidandas:
1502 3139 1539 3191 est

381 3254 466 3317 enim
491 3252 629 3317 medium
653 3251 849 3337 probationis
873 3252 1003 3315 omnino
1026 3250 1246 3319 saonensem
1271 3251 1328 3337 (l).

472 3533 511 3603 (l)
531 3533 561 3587 ln
581 3534 627 3587 cit.
652 3534 709 3587 cod.
737 3532 818 3602 Greg.
846 3532 915 3588 heec
941 3533 1177 3604 praescribuntur,
1201 3552 1226 3588 e.
1250 3534 1319 3588 721:
1337 3547 1356 3586 c
1374 3534 1540 3594 usnemun-

382 3655 437 3708 qne
455 3639 492 3691 sit
510 3638 667 3693 necessaris
685 3656 735 3707 pro
753 3639 910 3694 definienda
924 3656 1017 3705 censa,
1030 3639 1152 3694 ocularis
1170 3640 1293 3694 locorum
1313 3640 1457 3709 inspectio,
1467 3636 1539 3694 ieter,

382 3746 420 3798 od
439 3747 596 3797 instanciam
615 3745 745 3814 partium,
759 3749 808 3797 eut
827 3762 864 3798 ec
879 3743 967 3814 officio
981 3744 1085 3814 poterit
1103 3743 1254 3799 decernere
1265 3762 1411 3799 accessum
1424 3762 1448 3807 »3
1459 3761 1481 3797 ι
1491 3743 1538 3793 ῑῖὲ

381 3866 399 3903 c
413 3852 558 3905 Sententia
577 3869 647 3921 qnae
667 3868 807 3905 accessum
828 3853 917 3917 iubet,
930 3853 1054 3921 praecise
1066 3852 1190 3906 eiusdem
1203 3851 1402 3907 determinabit
1413 3853 1538 3907 obiectus:

382 3958 553 4026 praescribet
572 3958 705 4026 pertibus,
726 3962 774 4011 eut
794 3959 867 4027 perti
887 3975 959 4029 quae
977 3959 1007 4011 in
1025 3962 1200 4013 antecessum
1218 3974 1356 4029 expensas
1374 3956 1537 4015 exercende

382 4066 459 4131 bont,
479 4070 509 4119 nt
527 4065 599 4135 apud
618 4064 815 4119 cancellarium
839 4066 975 4135 pecuniae
993 4082 1130 4119 summam
1149 4066 1326 4136 deponant...
1346 4086 1364 4123 ›
1383 4085 1408 4121 ι
1424 4062 1536 4121 runs

383 4169 465 4222 index
484 4173 668 4237 opportunum
688 4167 779 4227 ducet.
800 4169 904 4238 poterit
917 4186 954 4222 ex
967 4166 1055 4238 officio
1068 4166 1203 4237 deputare
1216 4170 1246 4224 in
1258 4170 1356 4225 eedem
1370 4171 1414 4225 rel
1431 4169 1538 4223 elisses·

383 4280 472 4331 tentia
492 4296 575 4331 nuum
594 4282 643 4331 ant
662 4276 755 4345 plures
772 4277 886 4345 peritos,
902 4280 951 4330 eut
969 4277 1054 4330 etiem
1068 4278 1245 4333 committere
1258 4278 1344 4333 iudici
1356 4276 1501 4333 instructori
1513 4284 1536 4324 m

383 4382 433 4435 hos
452 4384 565 4453 deputet
578 4384 606 4435 in
626 4383 688 4436 loco
700 4382 906 4436 controversiae
921 4400 946 4445 »ς
961 4398 985 4434 e.
999 4382 1063 4435 7¹26:
1077 4396 1094 4434 c
1108 4382 1159 4437 Die
1173 4388 1202 4437 et
1215 4382 1286 4437 hore
1297 4387 1451 4439 constitutis
1461 4380 1536 4435 index·
