3350 5117
303 337 368 405 150
826 362 910 411 rsus
935 368 957 415 1.

397 483 473 549 120.
488 482 641 559 Quamvis
653 503 732 551 vero
752 488 801 552 ius
817 508 888 553 can.
902 492 1076 575 permittat,
1088 492 1317 576 procuratores
1330 489 1481 554 constitui

305 607 453 673 omnibus
476 610 510 675 in
534 611 639 677 causis
663 610 817 685 civilibus,
842 618 949 679 tamen
980 636 1040 701 pro
1069 614 1232 680 nonnullis
1262 619 1365 686 cavet,
1389 614 1481 679 utin

303 730 459 817 peierati
482 730 633 798 mandato
649 733 776 818 quidam
794 754 888 799 casus
902 755 967 799 non
983 741 1231 821 praesumantur
1250 736 1405 808 concessi,
1418 735 1483 800 nisi

304 874 462 940 expresse
478 856 694 921 nominentur.
713 856 902 922 Huiusmodi
918 862 994 922 sunt
1008 874 1126 923 causae
1139 857 1300 941 gravioris
1315 858 1480 923 momenti.

303 979 396 1047 Unde
419 982 474 1064 qui
497 979 595 1048 habet
616 980 802 1048 mandatum
817 982 983 1067 generale,
996 1002 1060 1046 non
1075 980 1267 1066 intelligitur
1286 986 1484 1065 procurator

298 1104 340 1170 ad
364 1126 412 1179 ea,
430 1126 512 1190 quae
535 1107 668 1193 speciali
691 1106 835 1193 indigent
858 1108 1017 1173 mandato.
1043 1110 1113 1175 Non
1136 1112 1186 1174 est
1204 1108 1353 1194 possibile
1369 1128 1484 1174 omnes

302 1248 478 1295 numerare
502 1250 595 1296 casus
618 1235 785 1321 exceptos3
810 1231 1049 1297 recensebimus
1080 1231 1230 1316 potiores,
1254 1231 1317 1295 boc
1346 1231 1482 1297 criterio

305 1370 386 1437 prae
402 1354 503 1419 oculis
518 1352 642 1429 babito;
667 1354 715 1420 ius
731 1373 847 1440 nempe
861 1356 1032 1439 positivum
1047 1354 1199 1439 quasdam
1215 1353 1344 1419 reierre
1366 1372 1484 1418 causas

304 1480 402 1563 atque
425 1480 458 1543 in
488 1478 540 1545 bis
571 1480 707 1567 intelligi
739 1478 991 1566 comprehensos
1021 1500 1114 1546 casus
1136 1500 1247 1564 aeque
1277 1498 1396 1566 graves
1424 1484 1485 1545 aut

307 1605 473 1690 expressis
496 1606 679 1689 graviores:
705 1624 743 1671 en
768 1605 924 1670 nonnulla
948 1605 1096 1690 exempla
1120 1602 1177 1689 (l).

396 1725 426 1809 1)
452 1727 490 1791 ln
513 1746 582 1812 cap.
610 1726 673 1799 Qui
695 1728 742 1793 ad
765 1729 939 1815 spendens
961 1727 985 1793 4
1007 1728 1045 1795 ia
1067 1728 1091 1792 6
1112 1729 1153 1815 (Ι,
1179 1728 1233 1813 19)
1255 1732 1324 1792 tres
1352 1745 1484 1792 enume-

303 1856 421 1916 rantur
444 1871 547 1917 casus:
574 1852 822 1919 «Procurator
845 1872 980 1938 quoque
1001 1852 1128 1939 absque
1150 1854 1290 1937 speciali
1314 1853 1483 1919 mandato

304 2136 397 2193 dinem
417 2137 512 2192 iudicii
532 2138 659 2209 prosequi
679 2138 807 2193 nesciunt
831 2141 860 2193 et
885 2136 950 2191 hinc
974 2137 1099 2192 iustitiae
1121 2136 1389 2193 administrationem
1415 2137 1482 2193 red·

303 2241 372 2297 dunt
396 2242 588 2299 difficiliorem.
608 2272 642 2285 -
663 2242 707 2297 lus
731 2244 856 2298 canonic.
876 2249 970 2298 tamen
994 2243 1047 2298 boc
1071 2260 1126 2299 non
1150 2242 1338 2313 praescripsit,
1361 2248 1393 2297 ut
1416 2259 1481 2298 eam

300 2346 456 2417 simplicem
476 2346 639 2401 iudiciorum
653 2346 856 2403 ordinationem
870 2351 994 2403 servaret
1005 2347 1096 2416 magis
1107 2346 1312 2401 accommodam
1324 2347 1417 2399 causis
1431 2362 1480 2400 ec·

300 2450 465 2509 elesiasticis
490 2454 519 2505 et
541 2450 741 2520 spiritualibus,
761 2452 906 2522 magisque
930 2450 1041 2505 facilem
1067 2453 1096 2505 et
1121 2449 1247 2504 liberam.
1266 2478 1300 2490 —
1319 2449 1412 2504 Codex
1431 2450 1481 2503 cit·

305 2558 494 2629 Gregorianus
519 2560 546 2613 in
572 2560 618 2613 cit.
638 2563 690 2613 art
710 2560 762 2613 100
787 2559 925 2614 decentii:
943 2559 1064 2614 «Nemo
1087 2575 1174 2628 apere
1197 2568 1248 2611 aut
1270 2574 1300 2611 se
1323 2558 1481 2629 defendere

302 2670 379 2724 salet
397 2670 427 2723 in
445 2670 548 2724 iudicio
567 2670 622 2721 nisi
635 2684 691 2738 per
709 2670 895 2739 approbatam
911 2678 1142 2737 procuratorem:
1159 2666 1228 2720 buec
1250 2665 1353 2735 reputa
1374 2682 1431 2719 non
1449 2682 1483 2719 se

305 2778 431 2832 sostendit
448 2777 486 2830 ad
504 2778 608 2830 iudicia
626 2776 730 2846 cipitata
742 2778 819 2845 apud
835 2774 1040 2829 Gubemutores
1052 2784 1101 2827 aut
1113 2773 1267 2828 tribunatia
1280 2772 1441 2826 commercii
1453 2789 1482 2826 ›.

302 2880 380 2937 Haec
405 2885 546 2951 postrema
573 2879 706 2935 limitatio
731 2881 799 2934 satie
822 2880 945 2949 explicat
971 2880 1074 2951 requiri
1103 2883 1305 2950 procuratores,
1321 2880 1352 2932 ut
1376 2878 1482 2932 iudicia

303 2986 418 3041 maioris
438 2983 565 3055 ponderis
584 2983 711 3053 expedite
730 2983 888 3054 procedant.
907 3012 942 3025 -
960 2984 992 3039 In
1010 3001 1139 3054 processu
1157 2999 1268 3055 quoque
1288 2980 1483 3036 ecclesiastico

302 3088 332 3145 in
351 3091 443 3145 causis
462 3090 677 3144 beatificationis
696 3092 725 3144 st
743 3088 961 3143 canonizationis
985 3090 1138 3161 requiritur
1160 3086 1348 3159 procuratoris
1372 3087 1481 3141 consti·

298 3200 380 3268 tutio,
395 3200 487 3270 prouti
507 3198 587 3254 docet
606 3198 707 3254 Bened.
723 3198 796 3265 XIV,
808 3200 850 3254 De
869 3200 1069 3268 beatificatione
1085 3215 1159 3253 sero.
1173 3198 1226 3253 Dei
1244 3209 1270 3252 et
1288 3199 1414 3252 cunonis.
1427 3208 1478 3253 etc.

304 3305 365 3360 Lib.
380 3304 468 3375 Jeep.
483 3304 527 3364 19,
539 3323 566 3357 rr.
582 3305 621 3371 11,
634 3305 771 3358 referens:
792 3320 807 3355 a
821 3302 912 3357 Porro
925 3307 955 3357 in
965 3320 1114 3357 sacrorum
1130 3303 1238 3357 rituum
1258 3302 1483 3373 Conpreqattone

300 3417 417 3469 minime
435 3415 570 3484 tcyuntur
587 3412 764 3468 memorialia
783 3416 842 3467 aive
860 3414 1019 3483 scripturae
1035 3421 1191 3483 spectantes
1208 3413 1246 3465 ad
1264 3427 1363 3468 causus
1382 3412 1481 3467 Beati·

303 3522 467 3592 ficationem
485 3532 511 3575 et
533 3520 780 3575 canonizationem
798 3523 854 3575 nisi
871 3522 925 3574 sint
943 3540 961 3574 a
980 3520 1171 3575 Procuratore
1192 3520 1382 3588 subscriptum
1399 3522 1481 3573 iusta

299 3634 447 3687 decretum
465 3631 570 3684 editum
588 3632 635 3684 die
654 3628 691 3681 18
710 3630 807 3683 Martii
819 3629 857 3682 16
861 3630 881 3680 7
883 3628 903 3681 9
920 3629 994 3699 qaod
1004 3631 1060 3699 fuit
1071 3630 1232 3681 innovatum
1245 3636 1271 3680 et
1284 3628 1480 3697 confirmutmo

304 3740 354 3793 die
371 3737 409 3791 31
427 3738 500 3807 Aup.
515 3737 595 3790 1680
608 3754 632 3791 s.
652 3734 721 3790 trem
741 3735 769 3789 in
789 3736 880 3789 causis
896 3736 1012 3803 agitatis
1030 3750 1123 3789 coram
1141 3734 1167 3787 S.
1181 3734 1269 3803 Cong.
1282 3732 1388 3788 Concil.
1406 3733 1482 3787 iuris

305 3844 407 3899 ordine
424 3853 544 3909 serrato,
563 3858 597 3897 ex
617 3842 992 3908 eiusDecretoonni1847‚
1009 3843 1068 3908 52,
1087 3845 1281 3911 procuratores
1294 3840 1481 3912 exquiruntur

302 3954 396 4019 partes
415 3950 443 4003 in
463 3948 566 4005 iudicio
584 3952 834 4019 repraesentantes.

395 4057 434 4127 (l)
455 4056 599 4111 [iurandus
618 4056 646 4109 in
667 4056 796 4127 Speculo,
816 4058 855 4109 tit.
875 4057 917 4110 De
934 4067 1084 4128 praeierat,
1102 4060 1120 4121 ἓ
1140 4056 1163 4125 1,
1188 4076 1215 4110 n.
1234 4057 1264 4123 1,
1282 4058 1385 4128 uiginti
1406 4073 1480 4129 qua·

299 4164 366 4216 tuor
387 4160 582 4230 talesallegat
601 4176 694 4225 casus3
714 4159 809 4215 etalii
835 4162 995 4216 canonistas
1013 4176 1129 4215 numere
1151 4161 1245 4232 plures
1269 4162 1356 4217 etiarn
1379 4178 1479 4218 recen-

302 4270 380 4323 sent:
399 4267 446 4322 sed
465 4266 571 4322 adverti
592 4266 675 4322 debet
693 4266 737 4320 ius
755 4267 904 4336 positivum
918 4283 997 4321 casus
1009 4271 1101 4323 certos
1118 4285 1174 4323 non
1187 4268 1399 4334 determinasee;
1411 4268 1479 4325 hinc

301 4388 384 4428 casus
402 4372 532 4427 recensiti
551 4370 671 4427 habendi
684 4374 749 4426 sunt
762 4370 803 4425 uti
818 4372 974 4441 exemplum
994 4372 1128 4427 similium
1144 4388 1300 4439 causarum,
1311 4371 1423 4443 quippe,
1434 4373 1479 4429 nti

301 4478 454 4551 loquuntur
466 4479 637 4546 canonistas,
646 4494 701 4532 non
718 4480 841 4533 ruratica
854 4478 900 4533 sed
913 4480 1128 4536 demonstrative
1141 4478 1276 4549 propositi
1287 4481 1353 4532 sunt
1365 4474 1394 4530 in
1406 4474 1478 4532 iure.
