3350 5117
355 251 422 317 594
882 275 965 321 ruas
991 277 1011 321 r.

355 398 494 483 gentiori
517 397 655 466 iustitiae
677 397 956 480 administrationi,
982 420 1043 466 nec
1071 420 1136 465 non
1166 402 1443 487 iurisprudentiae‚
1466 404 1522 469 sci·

353 523 429 589 licet
463 525 722 610 interpretationi
754 525 896 593 iudiciali
929 524 1067 593 tirmiter
1099 528 1323 605 stabiliendae,
1355 532 1523 595 sententias

351 648 569 731 pronunciare
585 648 724 712 munitas
742 648 920 715 rationibus
942 649 1056 733 quibus
1072 652 1219 717 innititur
1235 650 1407 739 dispositio.
1425 650 1523 716 Hodie

352 769 415 833 hoc
446 769 637 837 observatur
667 771 750 857 apud
782 770 891 835 omnia
924 770 1098 837 tribunalia
1129 772 1210 839 bene
1241 774 1398 839 ordinata.
1423 774 1522 841 Etiam

352 895 385 958 in
410 894 481 960 loro
505 896 723 961 ecclesiastIco
747 896 831 961 haec
854 896 1025 962 admodum
1048 897 1217 963 laudabitis
1236 900 1347 982 praxis
1371 899 1472 983 magis
1493 899 1524 963 in

353 1015 421 1081 dies
436 1017 592 1090 inolescit,
609 1018 763 1101 siquidem
780 1017 864 1103 apud
882 1018 913 1085 S.
932 1020 1207 1105 congregationes
1232 1022 1394 1086 Itomanae
1410 1026 1527 1086 etcum

353 1143 464 1225 primis
487 1141 571 1228 apud
593 1144 625 1209 S.
651 1143 785 1208 (lencilii
808 1143 909 1231 (long.
935 1164 1005 1211 mos
1029 1150 1139 1212 certus
1162 1145 1301 1213 habetur
1317 1145 1477 1231 exigendi,
1495 1150 1527 1209 ut

352 1268 519 1335 Ordinarii
543 1270 576 1334 in
600 1272 766 1336 sententiis
790 1271 923 1337 edendis
953 1274 1095 1338 rationes
1118 1274 1304 1356 exprimant
1327 1269 1527 1351 delinitionis,

351 1412 457 1477 neque
487 1396 667 1460 sententiae
699 1397 839 1461 examini
873 1398 926 1461 vel
958 1398 1107 1463 recursui
1138 1397 1366 1463 submittantur
1388 1395 1529 1482 appella·

350 1520 464 1599 tionis,
488 1520 549 1583 nisi
580 1521 722 1585 rationes
748 1519 941 1606 praeierant
974 1520 1078 1585 editae
1109 1520 1288 1586 decisionis.
1323 1519 1412 1587 Idem
1445 1519 1529 1584 iubet

353 1642 449 1705 lustr.
474 1641 505 1706 S.
534 1642 567 1707 C.
594 1644 691 1728 Prop.
709 1642 777 1707 Fid.
794 1663 896 1727 supra
919 1644 972 1708 cit.
990 1644 1012 1725 ἓ
1033 1645 1076 1709 24
1102 1644 1248 1729 idemque
1271 1644 1529 1730 praescripserat

351 1767 423 1832 cort.
448 1766 500 1833 cit.
526 1770 676 1853 Gregorii
700 1768 781 1834 XVI
808 1789 840 1836 a.
866 1768 942 1835 282
958 1769 1013 1854 (l).

440 1892 514 1957 613.
541 1895 609 1959 lmo
632 1914 675 1959 ex
694 1895 763 1979 ipso
787 1895 857 1959 inre
883 1894 1045 1959 communi
1070 1894 1285 1959 Decretalium
1310 1894 1475 1959 nonnullis
1497 1894 1528 1957 in

352 2016 476 2083 casibus
499 2019 643 2103 exigitur
666 2019 833 2103 expressio
858 2018 1021 2085 rationum
1045 2020 1223 2083 sententiae
1247 2038 1371 2103 nempe,

442 2140 473 2224 l)
499 2142 533 2205 in
563 2143 667 2206 causis
691 2142 921 2217 criminalibus,
946 2161 1082 2225 quarum
1112 2143 1146 2206 in
1173 2143 1340 2206 sententiis
1370 2138 1527 2227 lnfligitur

321 2299 324 2304 ,
351 2282 497 2334 censura,
522 2284 637 2349 nempe
657 2282 772 2346 poena
801 2264 1016 2330 medicinalis
1047 2262 1197 2329 ordinata
1223 2264 1263 2329 ad
1291 2266 1526 2329 correctionem

350 2387 432 2451 certi
455 2388 616 2462 criminis;
642 2388 683 2453 cf.
701 2406 776 2470 cap.
793 2388 821 2462 1,
841 2388 890 2453 Dc
905 2392 988 2453 seat.
1005 2408 1133 2455 cracem.
1158 2388 1196 2453 in
1219 2389 1243 2452 6
1259 2385 1314 2471 (V,
1332 2388 1387 2473 ll)
1411 2384 1477 2472 (2);

437 2686 477 2755 (l)
496 2685 536 2741 Ut
553 2668 709 2743 habeantur
722 2706 788 2758 prae
806 2688 897 2743 oculis
917 2688 1070 2745 nonnullae
1083 2690 1223 2759 practicae
1238 2688 1433 2760 quaestionum
1454 2704 1526 2743 raso·

349 2791 469 2847 lutiones
481 2793 511 2846 in
525 2791 597 2848 hanc
609 2796 764 2861 materiam,
774 2794 883 2849 consuli
896 2800 987 2863 potest
999 2794 1154 2861 Pallottini‚
1168 2796 1217 2867 Op.
1228 2798 1272 2849 cit.
1283 2796 1309 2861 2,
1320 2795 1381 2849 Vol.
1393 2795 1446 2849 xll
1464 2796 1525 2849 Voc.

349 2900 396 2951 Lis
410 2902 509 2968 citatio,
520 2896 677 2972 processus,
687 2906 823 2957 sententio
837 2906 867 2957 et
882 2904 910 2956 in
920 2902 1095 2971 ephemeride
1107 2906 1177 2957 Acta
1189 2906 1215 2957 S.
1228 2904 1315 2968 Sedis
1326 2904 1362 2956 cf.
1374 2902 1526 2957 decisiones

347 3002 374 3055 S.
389 3000 474 3073 Cong-
487 3002 592 3059 Concil.
607 3006 639 3059 V.
653 3006 729 3072 XIV,
749 3024 773 3075 p.
786 3004 920 3073 aaa-332,
934 3008 963 3060 et
984 3006 1015 3058 V.
1030 3006 1116 3073 XVII,
1132 3023 1159 3075 p.
1177 3004 1377 3074 140-15oatp.
1392 3005 1524 3061 570-582.

436 3114 476 3186 (2)
494 3114 526 3168 ln
544 3114 653 3184 saepius
671 3115 717 3169 cit.
732 3116 799 3169 lust.
814 3117 895 3171 Aust.
914 3120 933 3180 ,ς
953 3116 1014 3169 178
1033 3114 1085 3169 hoc
1105 3120 1263 3170 cavatum«
1282 3117 1442 3185 Antequam
1462 3131 1525 3170 sen-

347 3219 437 3273 tentia
455 3220 562 3275 feratur
573 3220 696 3274 tribunal
709 3220 917 3275 matrimoniale
937 3236 970 3275 ea
982 3220 1011 3272 in
1024 3236 1095 3291 quae
1114 3219 1287 3275 decernenda
1299 3220 1449 3285 consensit,
1464 3220 1525 3288 Epi·

346 3340 438 3394 scopo,
457 3325 595 3379 adiunctis
614 3326 751 3379 rationum
771 3326 927 3391 momentis,
941 3324 1086 3390 subiiciet3
1105 3325 1152 3396 qui
1171 3324 1281 3395 quando
1296 3324 1466 3379 sententiam
1485 3326 1525 3377 le·

347 3429 461 3483 rendam
474 3429 547 3484 haud
558 3430 727 3485 sufficIenter
739 3430 883 3485 fundatam
897 3436 1018 3497 censeat,
1028 3430 1162 3485 tribunali
1177 3429 1375 3485 matrimoniali
1389 3430 1525 3499 iniungat,

348 3537 379 3586 ut
398 3534 622 3589 circumstantias
640 3536 675 3588 ab
695 3534 756 3604 ipso
774 3535 936 3589 iudicandas
955 3536 1045 3590 denuo
1064 3540 1172 3589 mature
1192 3528 1344 3604 perpendat
1362 3540 1392 3589 et
1410 3535 1443 3589 de
1463 3550 1525 3588 con·

347 3639 529 3695 saltationum
547 3642 684 3697 resultato
703 3643 845 3713 adipsum
872 3646 975 3698 referat
994 3662 1018 3699 a.
1044 3644 1073 3697 ln
1098 3644 1145 3697 cit.
1165 3660 1231 3697 vero
1251 3643 1317 3697 Inst.
1340 3644 1380 3697 Dc
1402 3643 1524 3713 Pr0pop.

348 3745 466 3814 Fides
490 3750 532 3801 24
556 3750 689 3803 statuitur
714 3749 747 3805 de
772 3750 925 3804 sententia:
951 3750 1111 3803 «Haecin
1136 3750 1247 3819 scriptis
1265 3750 1320 3804 erit
1338 3748 1479 3805 exaranda
1497 3748 1524 3801 in

347 3869 436 3923 eaque
449 3854 587 3908 rationum
599 3861 740 3910 momenta
759 3856 860 3927 quibus
874 3855 1002 3909 innititur
1016 3872 1050 3910 er
1063 3874 1192 3926 processu
1212 3856 1374 3927 deprompta
1387 3872 1525 3927 exponan-

347 3962 401 4022 tur,
420 3959 559 4013 succincte
577 3960 697 4030 quidem,
711 3961 760 4015 sed
778 3961 820 4015 ita
838 3964 932 4015 tamen
950 3977 987 4015 ne
1005 3960 1145 4031 quidpiam
1168 3962 1316 4016 essentiale
1334 3962 1481 4017 omittatur
1499 3979 1523 4013 s.

346 4068 387 4120 Cf.
407 4068 526 4135 Ferrari,
546 4070 660 4123 Summo
678 4068 746 4125 Inrt.
767 4071 806 4137 ΙῙ,
826 4072 894 4125 851.
910 4071 989 4141 Apud
1003 4070 1138 4139 eumdem,
1157 4092 1183 4128 n.
1203 4074 1256 4127 848
1274 4074 1337 4129 vide
1356 4075 1522 4145 explicatum

345 4191 451 4228 morem
476 4176 569 4230 curiae
594 4192 665 4229 rom.
684 4182 714 4231 et
740 4177 939 4232 nonnullarum
964 4178 1104 4232 curiarum
1129 4179 1329 4248 pronunciandi
1357 4181 1522 4236 sententiam

342 4290 430 4349 prout
448 4283 477 4332 in
496 4281 597 4334 cedula
615 4284 725 4348 danda·
739 4298 787 4337 seu
806 4270 972 4337 assumendo
985 4288 1095 4354 tempus
1110 4286 1226 4355 trIgiuta
1244 4285 1350 4341 dierum
1369 4303 1387 4340 a
1402 4286 1446 4341 die
1460 4302 1522 4357 pro-

344 4386 493 4441 nunciatae
512 4388 667 4443 sententiae
686 4390 786 4459 quibus
804 4390 916 4460 scriptis
935 4390 1136 4446 conficiebatur
1149 4392 1289 4447 sententia
1301 4395 1330 4447 et
1343 4392 1453 4448 notario
1468 4398 1522 4449 tra-
