3350 5117
532 700 768 768 IUVENIBUS
796 700 1063 767 LECTISSIMIS

627 930 720 997 IUltl
749 928 970 997 canonico

492 1164 715 1231 OPERAM
759 1162 1103 1230 NAVANTIBUS

318 1398 364 1463 ln·
393 1396 538 1463 LYCEO
566 1396 808 1464 PONTIFIGII
835 1398 1067 1463 SEMINARII
1099 1394 1272 1461 notram

290 1882 376 1957 Hoc
414 1904 511 1983 opus
547 1879 731 1969 editurus,
760 1878 862 1982 quod
899 1884 956 1955 est
992 1878 1030 1956 in
1069 1904 1176 1955 more
1205 1876 1387 1981 positum,

65 2041 79 2056 '¹
201 2020 379 2097 animum
400 2020 522 2097 adieci
548 2027 593 2096 nt
619 2018 742 2095 eidem
771 2018 932 2097 alicuius
962 2018 1110 2121 insigne
1136 2018 1387 2095 inscriberem

62 2183 83 2203 ²
208 2189 366 2254 nomen,
386 2164 493 2240 cuins
516 2162 730 2241 auctoritas
759 2167 798 2239 et
825 2168 1054 2241 ornamento
1084 2168 1184 2238 esset
1213 2168 1252 2237 et
1274 2186 1388 2263 prae·

75 2351 111 2382 1
209 2306 323 2383 sidio.
340 2308 448 2383 llaec
468 2305 667 2408 cogitanti,
682 2305 791 2381 molti
807 2304 959 2407 quidem
981 2305 1239 2381 occurrebant
1257 2302 1389 2381 animo

64 2508 79 2535 .,
110 2505 114 2516 .
213 2448 300 2540 viri,
329 2449 474 2525 rirtnte
503 2451 542 2524 et
569 2446 767 2549 dignitatis
800 2446 924 2549 gradu
954 2448 1206 2549 praestanteS,
1237 2444 1299 2546 qui
1332 2446 1390 2521 soi

206 2586 376 2664 nominis
396 2586 572 2663 claritate
593 2593 706 2662 tenne
726 2585 787 2661 vel
818 2586 1027 2663 obscurum
1049 2611 1144 2687 opos
1165 2583 1315 2659 clarere
1338 2582 1391 2659 sa-

209 2730 284 2807 cile
304 2732 491 2808 iuberent.
513 2732 608 2808 Mox
628 2754 723 2807 vero
752 2730 882 2806 animo
912 2734 1094 2831 reputans
1124 2727 1236 2803 huius
1262 2726 1391 2803 cnius-

211 2897 376 2973 cnmque
408 2870 554 2948 laboris
586 2870 757 2963 initium,
786 2894 1055 2972 progressum,
1085 2868 1247 2952 exitum,
1276 2866 1391 2969 plane

206 3015 325 3106 sensi,
347 3015 441 3104 Yon,
462 3014 750 3105 Adolescentes,
771 3014 917 3116 optinro
939 3038 1028 3091 sane
1063 3038 1107 3089 ac
1138 3016 1270 3088 vestro
1297 3038 1389 3115 pro-

98 3151 106 3174 *
209 3158 298 3260 prio
328 3158 411 3233 inre
440 3156 509 3233 has
537 3158 817 3260 praelectiones
848 3156 969 3234 Vobis
999 3155 1209 3235 vindicare.
1237 3158 1389 3235 Etenirn

205 3300 244 3376 si
272 3295 409 3379 iisdem
436 3324 572 3375 manns
600 3298 769 3383 admovi,
789 3298 821 3375 si
847 3322 924 3375 non
954 3298 1137 3375 mediocri
1170 3298 1287 3377 animi
1316 3298 1391 3377 ala-

206 3444 350 3522 critate
379 3443 442 3518 diu
471 3442 709 3526 adlaboravi,
740 3442 777 3517 id
807 3442 901 3518 mibi
931 3468 954 3519 a
989 3442 1111 3519 Vobis
1141 3441 1389 3544 repetendum

209 3582 386 3674 videtur,
416 3608 440 3657 a
467 3580 657 3657 desiderio
690 3581 872 3657 nimirum
910 3606 984 3683 qno
1023 3580 1093 3657 bas
1122 3580 1391 3683 excipiebatiS.

211 3727 267 3803 ita
294 3730 337 3801 nt
364 3722 533 3825 quotidie
561 3724 654 3799 mibi
684 3722 860 3799 stimulos
889 3721 1094 3813 adderetis,
1125 3730 1237 3825 atque
1272 3722 1311 3801 in
1341 3723 1392 3801 di·

211 3866 516 3970 sceptationibus
544 3865 790 3944 ennoleandis
823 3874 862 3943 et
890 3864 1142 3942 dilucidandis
1174 3866 1293 3943 menti
1322 3868 1390 3943 ob·

208 4006 489 4099 versaremini,
524 4006 726 4085 suadentes
763 4034 811 4085 ne
847 4006 1065 4099 laboribus,
1100 4034 1147 4084 ne
1182 4008 1392 4110 inquisitio-

208 4151 324 4229 nibns
357 4174 572 4252 parcerem,
601 4148 667 4226 sed
705 4156 835 4226 vestro
865 4148 1003 4243 studio,
1034 4154 1217 4252 quantuni
1255 4148 1295 4227 in
1332 4176 1394 4225 nie

207 4295 326 4381 esset,
356 4290 524 4367 facerem
551 4290 657 4366 satis,
688 4291 772 4365 lloc
802 4314 898 4391 opns
937 4290 1056 4391 igitur
1085 4290 1179 4365 nihi
1210 4294 1268 4365 est
1296 4316 1391 4390 qno·

208 4428 420 4508 dammodo
449 4428 649 4507 vobiscum
678 4454 894 4506 commune.
1017 4518 1021 4527 .
1072 4458 1076 4465 ·

973 4584 985 4596 q
1044 4584 1093 4601 ..1,
1131 4567 1140 4583 Ι
1218 4572 1225 4584 ι
1278 4544 1291 4562 Ἀ

857 4606 904 4741 7]
957 4627 964 4645 ἱ
1153 4612 1156 4621 Ι
