3350 5117
312 314 357 379 60
838 332 922 380 raas
945 331 967 377 1.

311 457 430 529 sefert‚
457 458 547 522 iuxta
577 477 616 521 ea
645 476 727 542 quae
751 458 918 523 statuimus
946 462 1082 543 agentes
1109 457 1160 523 Dc
1191 456 1485 530 transactionibus,

308 602 392 669 pap.
417 581 476 647 40.

401 703 454 769 33.
480 704 563 785 Pars
586 724 673 792 quae
692 704 751 770 has
775 705 814 770 ob
838 724 953 771 causas
975 705 1085 771 renuit
1106 705 1277 771 arbitrium
1300 706 1487 777 observare,

312 828 403 892 cuius
426 798 650 895 executionem
667 830 731 893 alia
746 850 823 913 pars
838 832 969 915 expetit,
987 829 1125 896 iudicem
1147 829 1243 927 adeat
1229 831 1315 913 tqui
1335 827 1375 893 de
1391 846 1490 893 causa

312 949 423 1013 videre
447 949 609 1018 debuisset
631 952 692 1017 nisi
716 954 856 1038 partes'
848 972 881 1017 m
905 952 1047 1051 arbitros
1063 922 1365 1051 compromisissent,
1383 957 1419 1017 ut
1437 950 1490 1016 de·

464 1024 590 1051 Η

654 1052 847 1063 ,α-ι--κ--ι-ιυ-

311 1076 415 1141 claret
442 1096 477 1143 sc
500 1078 648 1163 recipere
678 1079 765 1143 nolle
796 1044 936 1160 laudum,
961 1078 1054 1163 quod,
1079 1100 1150 1145 esse
1179 1081 1323 1152 nullum,
1348 1077 1488 1163 probare

311 1200 416 1276 debet
441 1205 467 1269 si
491 1205 665 1271 contendat
652 1211 818 1271 tcausam
842 1204 990 1271 adame
976 1225 1050 1289 ipso
1080 1206 1156 1273 iure
1182 1206 1351 1272 arbitrium
1375 1206 1487 1272 invali-

312 1328 458 1402 dantem;
476 1327 529 1392 vel
552 1327 670 1393 docere
693 1326 798 1409 debet,
822 1328 950 1409 dolum,
967 1334 1103 1400 metum,
1120 1348 1275 1394 errorem
1290 1327 1486 1410 interfuisse,

310 1448 338 1512 si
361 1453 477 1515 contra
500 1455 663 1535 petentem
693 1450 780 1515 laudi
810 1454 1046 1524 executionem,
1070 1450 1218 1534 eoecipiut
1240 1450 1280 1516 ob
1302 1449 1485 1517 huiusmodi

312 1592 435 1648 causas,
460 1574 523 1639 hoc
552 1576 796 1642 rescindendum
822 1596 903 1641 esse.
929 1575 960 1641 Si
985 1596 1049 1641 non
1073 1581 1185 1641 extent
1206 1576 1356 1642 ratimses
1382 1576 1488 1642 nutti-

313 1698 389 1763 lotis
404 1699 456 1762 vel
473 1700 769 1772 rescindibititutis,
788 1720 808 1765 a
823 1699 928 1765 iudice
944 1700 1111 1766 reducitur
1124 1699 1295 1765 arbitrium
1315 1699 1354 1763 ad
1372 1699 1488 1785 aequi-

311 1826 435 1904 tatem5
458 1823 503 1886 ita
526 1822 634 1888 Abbas
657 1824 690 1887 in
716 1844 743 1889 c.
767 1823 1189 1897 23‚De1ureturano.n.
1212 1824 1264 1890 29
1280 1860 1298 1873 ·
1320 1824 1363 1888 cf.
1388 1824 1409 1888 l.
1426 1823 1487 1898 27,

310 1948 390 2029 §Q
416 1948 447 2013 b.
473 1953 493 2011 l.
516 1950 564 2033 ff,
589 1954 621 2013 et
644 1950 665 2014 t.
690 1948 723 2023 5,
751 1948 830 2015 Cod.
857 1948 888 2013 b.
912 1954 933 2013 t.

401 2073 483 2149 Quid
507 2076 587 2141 iuris
610 2076 636 2140 si
660 2076 731 2159 quis
755 2080 906 2141 recurrat
920 2080 1088 2161 postquam
1111 2074 1240 2140 laudum
1256 2090 1418 2157 expresse
1433 2074 1488 2139 vel

313 2198 410 2264 tacite
433 2196 614 2284 receperitl
637 2170 719 2264 Nam
743 2198 901 2263 hactenus
922 2199 1045 2263 versati
1067 2218 1175 2263 sumus
1199 2199 1234 2263 in
1257 2197 1430 2283 hypothesi
1445 2196 1487 2263 de

310 2320 406 2386 laudo
427 2342 491 2386 non
516 2325 657 2407 recepto,
682 2341 739 2385 seu
768 2340 838 2388 non
865 2321 1088 2407 innocencio.
1113 2322 1152 2385 ln
1182 2322 1381 2407 propositum
1404 2321 1488 2386 haec

311 2448 507 2534 reponenda.
524 2446 658 2521 Quando
682 2446 772 2511 nulla
794 2446 877 2511 adsit
900 2466 998 2512 causa
1019 2445 1190 2512 recusandi
1208 2446 1388 2519 arbitrium,
1410 2464 1487 2511 exe-

313 2572 473 2656 quendum
498 2578 547 2638 est
568 2572 712 2649 laudum;
738 2592 798 2637 nec
822 2577 926 2659 potest
947 2572 1053 2637 altera
1076 2593 1151 2658 pars
1173 2593 1209 2637 se
1223 2574 1378 2654 eximere,
1395 2592 1488 2657 prae-

311 2698 425 2765 stando
448 2700 570 2783 quanti
591 2698 729 2763 interest
752 2698 896 2763 laudum
919 2703 1098 2763 eocccntnm
1121 2718 1189 2762 non
1212 2716 1291 2769 csse,
1316 2698 1423 2781 prouti
1449 2694 1486 2761 fit

309 2824 404 2889 laudo
427 2844 498 2891 non
522 2824 744 2910 immolopoto
762 2821 855 2898 Quod
878 2824 904 2887 si
927 2822 1009 2887 adsit
1032 2798 1233 2908 exceptionis
1255 2841 1362 2893 causa,
1379 2820 1488 2887 distin-

309 2970 372 3034 gue
395 2930 481 3015 inter
503 2968 617 3013 causas
631 2946 705 3030 ipso
721 2948 796 3013 iure
812 2967 870 3011 seu
884 2947 959 3029 ipso
973 2946 1066 3029 sacto
1082 2946 1305 3019 invalidantes‚
1323 2951 1357 3010 et
1371 2965 1487 3012 causas

309 3073 440 3139 laudum
468 3072 640 3139 reddentes
666 3070 882 3143 rescindibilc,
907 3092 964 3137 seu
996 3090 1060 3154 ope
1089 3071 1337 3154 suceptionem.
1363 3072 1486 3137 Causae

308 3200 382 3283 ipso
406 3196 482 3261 iure
513 3193 725 3259 invalidantes
747 3195 784 3275 si,
808 3198 845 3258 ut
873 3193 1016 3278 loquitur
1046 3214 1121 3277 cup.
1145 3195 1181 3274 2,
1204 3195 1235 3257 b.
1261 3200 1294 3268 t,
1318 3196 1487 3259 continent

310 3326 478 3409 peccatum
501 3340 560 3406 per
584 3326 692 3404 partes
715 3339 780 3385 non
803 3318 1004 3401 remissibile,
1027 3320 1128 3385 veluti
1151 3321 1328 3403 simoniam,
1352 3339 1486 3387 usuram

308 3466 366 3510 seu
387 3448 502 3509 contra
524 3444 630 3528 legem
647 3443 712 3513 Dei,
729 3447 867 3508 naturae
882 3441 934 3506 vel
951 3442 1118 3508 Ecclesiae
1140 3442 1323 3524 admissum,
1339 3439 1484 3508 efficiunt

310 3572 344 3632 ut
367 3564 497 3630 laudum
522 3566 618 3629 etiam
642 3564 905 3650 hoaaolopotnm,
929 3583 1057 3648 semper
1079 3564 1214 3630 nulium
1236 3566 1371 3641 existat;
1394 3566 1486 3630 cuius

307 3688 509 3763 nuditatem,
533 3685 678 3773 proinde,
696 3683 794 3750 iudex
818 3683 988 3751 declarare
1012 3685 1116 3751 debet.
1133 3685 1244 3761 Quoad
1267 3686 1347 3751 alias
1370 3706 1485 3751 causas

308 3813 546 3898 subdistingue:
564 3814 591 3877 si
607 3832 649 3877 ex
672 3811 736 3885 illis
759 3811 864 3876 causis
887 3832 944 3877 seu
964 3832 1006 3877 ex
1022 3812 1110 3885 doto,
1125 3816 1226 3882 mecu,
1244 3830 1362 3877 errore
1381 3797 1486 3876 laesio

308 3932 426 4020 procis
457 3932 626 4018 proveniat
651 3935 684 3996 et
710 3930 841 3996 laudum
867 3932 909 3996 sit
936 3931 1205 4017 lcomolopotum,
1230 3932 1304 4014 quia
1328 3930 1404 3995 talis
1429 3929 1487 3994 ho-

308 4057 481 4144 mologatio
504 4056 686 4141 aequivalet
708 4056 941 4131 transactioni,
964 4056 1096 4122 laudum
1123 4076 1189 4121 non
1213 4054 1407 4121 rescinditur
1423 4053 1498 4141 (1):·

397 4338 436 4409 (l)
455 4337 702 4407 Schmalugrueber
714 4340 739 4391 b.
754 4348 771 4391 t.
785 4342 803 4402 ἕ
816 4338 869 4403 36,
882 4338 1022 4407 explicata
1038 4336 1090 4392 hac
1103 4338 1210 4407 regula,
1223 4338 1358 4392 advertit:
1372 4356 1388 4389 ‹
1402 4337 1487 4393 Exci·

303 4448 390 4517 pitur,
409 4446 464 4499 nisi
479 4445 581 4515 prunis
599 4446 772 4500 contrarium
792 4444 919 4498 obtineat.
940 4443 983 4497 lta
1002 4442 1093 4497 Hunn.
1107 4442 1270 4515 (Encyclop.
1288 4462 1317 4514 p.
1332 4444 1362 4509 2,
1381 4446 1420 4496 tit.
1434 4444 1486 4509 40,
