3350 5117
304 302 371 367 432
828 320 914 368 runs
938 322 961 367 1.

257 502 264 514 ,
304 443 356 507 vel
379 444 412 509 in
436 444 586 509 Ecclesia
607 442 791 529 divulgatur
813 444 981 509 decretum
1006 444 1184 519 citationis,
1208 443 1261 509 vel
1285 441 1426 529 affigitur
1451 444 1488 507 in

305 570 430 656 publico
453 570 536 646 loco,
559 570 613 635 vel
637 570 743 637 editur
770 590 830 655 per
857 570 1003 657 publicas
1034 568 1269 655 ephemerides.
1303 568 1433 634 Revera
1458 570 1488 633 si

304 717 387 762 unus
409 697 462 761 vel
486 696 596 781 plures
618 695 736 760 citandi
755 696 818 761 sint
833 701 1071 761 commorantes
1086 697 1120 760 in
1137 696 1269 761 remotis
1286 695 1485 781 regionibus,

306 843 442 907 quorum
463 822 565 887 lateat
587 821 801 895 domicilium,
826 821 1012 886 citationem
1036 818 1109 886 lieri
1130 841 1191 906 per
1213 819 1358 907 publicas
1381 820 1487 907 ephe·

305 947 445 1013 merides
467 946 595 1013 admisit
618 947 649 1013 S.
666 946 700 1012 (l.
726 947 848 1013 Concil.
874 946 912 1011 in
935 946 1126 1019 Monesen..
1149 944 1201 1011 23
1224 946 1301 1011 Ion.
1317 945 1420 1011 1875.
1436 982 1486 993 -

307 1072 432 1137 Verum
452 1076 545 1149 caute
561 1070 762 1144 observetur,
787 1071 930 1137 citationi
956 1071 1091 1137 edictali
1113 1071 1219 1136 locum
1243 1090 1309 1135 non
1325 1090 1405 1143 esse,
1421 1071 1486 1135 nisi

307 1202 505 1281 compertum
530 1197 571 1263 sit
593 1198 810 1279 personalem
835 1198 1021 1262 citationem
1044 1196 1116 1261 dari
1140 1216 1205 1261 non
1233 1217 1338 1282 posse.

397 1318 576 1383 Praeterea
599 1318 708 1383 citatio
732 1323 781 1383 est
803 1318 916 1391 realis,
943 1338 1025 1402 quae
1055 1317 1092 1385 fit
1115 1340 1174 1404 per
1202 1339 1317 1384 manus
1346 1318 1489 1383 iniectio-

308 1462 381 1507 nem
406 1444 440 1506 in
463 1462 572 1515 reum,
597 1464 617 1507 a
638 1443 794 1507 ministris
817 1442 932 1507 iudicis
950 1442 1087 1518 sactam3
1110 1442 1280 1517 verbalis,
1305 1461 1386 1527 quae
1409 1443 1489 1507 viva

308 1583 388 1628 voce
411 1564 464 1629 vel
486 1566 615 1650 scriptis
637 1564 741 1637 datur,
767 1565 809 1631 cl'.
837 1564 916 1630 lml.
934 1565 986 1633 cit.
1005 1563 1038 1629 S.
1058 1566 1093 1632 C.
1110 1566 1180 1631 ΕΕ.
1197 1571 1230 1631 et
1250 1563 1326 1630 ΒΕ.
1349 1570 1414 1630 ort.
1431 1565 1486 1631 14.

398 1689 541 1774 Denique
571 1690 723 1756 dividitur
750 1693 783 1756 in
813 1692 1002 1775 simplicem
1032 1697 1065 1757 et
1090 1693 1382 1775 peremptoriam:
1404 1711 1491 1776 quae

310 1814 470 1881 distinctio
494 1822 528 1881 ut
550 1816 759 1902 intelligatur,
777 1818 861 1882 scitu
886 1818 1102 1882 necessarium
1126 1822 1185 1889 est,
1203 1816 1340 1882 iudicem
1364 1818 1489 1901 inipso

310 1908 440 2004 decreto
457 1940 616 2005 citationis
632 1939 811 2005 concedere
828 1939 956 2024 aliquod
971 1946 1183 2026 tempusque
1199 1942 1317 2006 citatus
1331 1939 1490 2009 deliberet

310 2082 352 2128 an
375 2064 517 2149 petitioni
541 2064 660 2130 actoris
683 2082 829 2129 annuere
853 2062 905 2129 vel
929 2065 1084 2129 resistere
1107 2063 1224 2129 debeat
1247 2067 1280 2128 et
1307 2081 1349 2126 an
1374 2067 1490 2127 contra

311 2191 413 2275 ipsum
431 2189 564 2255 iudicem
582 2192 733 2258 citantem
750 2189 824 2273 quid
849 2192 1002 2274 excipere
1017 2190 1125 2275 possit,
1138 2189 1240 2254 veluti
1262 2188 1303 2252 cb
1327 2190 1490 2273 incompe-

308 2322 452 2393 tentiam,
474 2320 695 2403 suspicionem,
714 2323 769 2409 aut
784 2318 921 2383 similem
938 2323 1132 2383 causam.-·'
1149 2319 1225 2383 lure
1242 2318 1402 2382 canonico
1413 2321 1492 2381 tem·

312 2466 370 2531 pus
390 2444 551 2510 dilationis
571 2444 738 2509 citatoriae
759 2443 954 2527 relinquitur
973 2444 1251 2510 determinandum
1274 2443 1393 2509 iudicis
1409 2443 1492 2509 arbi·

310 2568 384 2647 trio,
401 2571 508 2631 tamen
532 2585 604 2630 cum
628 2566 690 2631 hoc
707 2566 850 2646 criterio‚
868 2571 906 2633 ut
921 2566 962 2630 ab
981 2566 1071 2632 initio
1090 2584 1156 2631 non
1180 2567 1339 2631 concedat
1355 2567 1491 2651 longum

312 2690 465 2775 temporis
488 2689 703 2771 intervallum,
721 2694 799 2775 puta
821 2690 865 2756 20
889 2689 967 2772 dies,
990 2690 1047 2757 sed
1069 2695 1167 2755 antea
1188 2689 1420 2755 brevissimum
1444 2708 1494 2753 as

312 2810 416 2895 signet
447 2815 586 2894 tempus,
612 2814 689 2896 puta
714 2810 736 2876 5
762 2811 815 2876 vel
844 2811 865 2876 6
892 2812 1032 2893 dierum,
1054 2811 1095 2876 ad
1119 2811 1352 2878 sollicitandam
1382 2811 1490 2884 litem,

314 2940 546 3022 prorogaturus
569 2938 632 3001 hoc
654 2941 789 3024 tempus,
806 2940 832 3003 si
850 2958 925 3004 reus
950 2958 1014 3003 non
1030 2942 1217 3025 compareat
1233 2938 1285 3003 vel
1300 2956 1494 3022 comparere

314 3083 380 3127 non
395 3062 503 3147 possit,
527 3082 587 3147 per
608 3062 783 3127 secundam
799 3067 831 3126 et
846 3065 976 3128 tertiam
996 3065 1192 3137 dilationem,
1206 3069 1379 3146 antequam
1400 3081 1492 3126 reum
1530 3092 1533 3095 ⁴

315 3188 362 3252 uti
386 3192 618 3256 contumacem
647 3208 705 3253 seu
735 3186 901 3271 illegitime
925 3186 1161 3253 inobedientem
1191 3186 1318 3252 habeat.
1346 3221 1392 3233 —
1421 3187 1493 3253 Non

314 3309 504 3394 prohibetur
526 3332 605 3376 vero
635 3310 750 3391 iudici,
775 3311 802 3376 si
825 3311 888 3374 hoc
911 3310 1059 3375 videatur
1083 3311 1310 3395 opportunius,
1335 3309 1377 3374 ab
1402 3311 1494 3376 inih'o

317 3440 349 3501 et
371 3436 473 3502 unica
496 3435 648 3501 dilatione
663 3436 845 3523 concedere
861 3442 996 3523 tempus,
1015 3435 1100 3520 quod
1115 3437 1209 3502 secus
1224 3456 1284 3521 per
1300 3437 1436 3503 tertiam
1451 3437 1496 3502 di-

315 3558 468 3624 lationem
484 3560 553 3643 ipse
567 3560 784 3644 protraheret.
810 3561 910 3625 Hisce
933 3561 1119 3645 praemissis
1141 3560 1289 3644 siinplecn
1304 3568 1354 3628 est
1368 3560 1495 3633 citatio,

317 3702 399 3767 quae
421 3704 480 3768 per
503 3684 649 3769 primam,
666 3684 838 3751 secundam
856 3691 888 3750 et
904 3687 1034 3751 tertiam
1057 3687 1161 3750 vicem
1186 3688 1343 3773 repetitur
1365 3688 1406 3753 ad
1423 3690 1500 3755 red·

317 3807 455 3873 dandum
486 3830 577 3874 reum
604 3815 838 3886 contumacem;
860 3811 1113 3894 peremptoria,
1138 3831 1221 3895 quac
1244 3831 1288 3877 ex
1313 3814 1497 3880 intentione

319 3927 431 3993 iudicis
454 3928 635 4012 aequivalet
657 3930 763 3995 trinae
786 3931 930 3995 citationi
962 3929 1003 3995 ed
1033 3928 1182 3995 effectum
1212 3931 1369 3997 reddendi
1403 3954 1497 3999 reum

320 4058 555 4129 contumacem
579 4052 663 4118 unde
686 4052 784 4117 iudex
807 4052 902 4117 debet
931 4052 1130 4118 sufficienter
1161 4056 1346 4141 exprimere
1370 4057 1405 4121 in
1428 4058 1499 4143 ipsa

320 4180 471 4247 citatione
493 4199 535 4243 an
558 4178 640 4243 haec
663 4179 811 4262 simplem
824 4180 876 4244 vel
889 4180 1124 4263 peremptoria
1140 4182 1191 4261 sit,
1205 4200 1280 4267 asp.
1296 4178 1355 4262 ac,
1372 4180 1426 4247 De
1441 4183 1496 4265 off.

320 4302 390 4369 iad.
414 4304 519 4391 delep.
544 4304 584 4373 Χ,
598 4302 636 4388 (Ι,
661 4302 735 4388 29);
761 4304 800 4368 cl.
828 4303 1034 4385 Leurenium‚
1060 4304 1092 4368 b.
1118 4310 1139 4369 l.
1164 4324 1197 4390 q.
1221 4305 1299 4371 218.

410 4424 485 4489 406.
518 4428 697 4491 Necessitas
726 4434 906 4513 opportune
939 4428 1178 4497 determinandi
1202 4430 1388 4496 dilationem
1420 4430 1498 4496 cita·
