3350 5117
555 365 600 411 nn
623 364 762 413 murone
785 363 1052 412 nccnnsrrsrrors
1346 345 1391 413 25

211 487 275 551 nisi
288 492 386 551 antea
401 488 628 552 convenissent
642 490 753 571 partes
775 486 809 551 in
833 484 1001 571 pacificam
1017 507 1149 553 suorum
1170 489 1287 553 iurium
1306 507 1393 554 com·

212 613 412 697 positionem.

304 732 415 817 Neque
441 733 567 819 populis
596 732 734 799 ethnicis
762 734 927 821 incognita
949 732 1010 798 fuit
1034 734 1116 798 ratio
1139 734 1243 799 amice
1267 754 1393 821 compo·

210 857 309 922 nendi
332 858 435 943 litigia
456 878 516 945 per
538 864 633 946 pactu
662 864 838 927 convente:
862 861 999 928 Graecis
1031 866 1064 926 et
1096 861 1250 926 Romanis
1274 879 1392 947 magno

209 980 244 1043 in
269 980 393 1045 honore
413 980 546 1047 suerunt
559 981 739 1047 huiusmodi
755 984 1004 1057 conventionem
1021 1002 1123 1066 quare
1140 984 1273 1063 Romae,
1290 1002 1392 1068 prope

208 1103 328 1177 forum,
353 1104 552 1169 Concordiae
575 1104 727 1190 templum
752 1104 893 1170 dicatum
916 1104 977 1169 fuit
993 1104 1050 1189 (1).
1074 1103 1137 1168 Sed
1160 1106 1210 1168 ius
1233 1124 1304 1169 can.
1327 1102 1393 1169 effi-

208 1230 329 1311 cacius,
346 1230 393 1295 uti
412 1230 558 1301 vidimus,
575 1230 663 1295 hunc
686 1250 810 1295 morem
833 1230 989 1295 inducere
1013 1228 1125 1303 valuit,
1143 1228 1184 1293 ob
1208 1229 1273 1294 late
1296 1226 1392 1294 diffu-

207 1376 280 1422 sum
302 1355 336 1419 in
359 1357 492 1442 populos
516 1356 684 1423 charitatis
707 1358 866 1443 spiritum.
885 1390 902 1403 -
921 1353 1026 1419 Hodie
1042 1354 1075 1418 in
1091 1354 1219 1438 legibus
1242 1353 1392 1419 civilibus

207 1482 384 1553 ciuitatum,
408 1481 520 1547 sedulo
543 1486 679 1547 cavetur
694 1486 730 1546 ut
744 1478 898 1567 pacificae
914 1479 1067 1545 solutioni
1090 1479 1389 1545 controversiarum

206 1604 314 1669 facilis
336 1609 446 1690 pateat
468 1604 588 1681 editus;
612 1602 653 1669 ad
676 1603 739 1670 hoc
755 1604 940 1669 constitutis
960 1604 1056 1668 etiam
1072 1600 1272 1675 officialibus,
1289 1601 1391 1668 veluti

204 1730 293 1815 apud
316 1750 376 1795 nos
398 1730 566 1797 iudicibus
589 1727 874 1804 conciliatoribus,
898 1728 952 1794 vel
976 1728 1039 1793 hoc
1062 1730 1233 1815 commisso
1255 1747 1392 1792 munere

205 1853 365 1920 iudicibus
388 1854 604 1927 inferioribus,
629 1856 675 1919 itu
698 1856 731 1920 in
755 1854 863 1921 Gallie
885 1851 1054 1920 iudicibus
1072 1854 1172 1936 pacis
1196 1853 1252 1939 (2).

298 1978 395 2045 Tituli
415 1980 550 2044 materia
565 1980 628 2043 iam
645 1976 844 2045 sufficienter
867 1976 1044 2058 declarate,
1061 1976 1102 2041 ud
1118 1976 1263 2063 singulos
1278 1976 1390 2041 modos

203 2100 454 2179 descendemus;
478 2103 573 2169 etde
597 2102 882 2169 Transactionibue
897 2104 1000 2188 primo
1024 2122 1132 2168 sermo
1158 2104 1210 2167 sit.

297 3308 338 3379 (l)
356 3306 396 3361 Cf.
416 3307 530 3377 Sclopis,
550 3306 642 3363 Storic
666 3308 747 3362 delle
773 3308 956 3378 lepislozione
977 3305 1105 3374 italiana,
1134 3306 1327 3377 V01.1,part.
1351 3308 1388 3375 1³,

202 3432 269 3485 cap.
290 3414 348 3468 v11.

298 3520 338 3592 (2)
358 3486 508 3593 Postquam
533 3520 746 3577 studiumiuris
769 3538 839 3576 rom.
859 3520 1040 3577 vehementer
1066 3523 1228 3589 excitatum,
1248 3525 1299 3577 sub
1325 3540 1389 3579 sae-

201 3630 271 3685 culo
288 3629 490 3695 decimotertio,
508 3629 609 3683 eeneim
636 3630 728 3684 curies
748 3629 846 3684 civiles
870 3631 994 3699 pervasit
1015 3647 1128 3701 eaeque,
1146 3648 1294 3701 progressu
1315 3635 1389 3687 tem·

204 3735 283 3805 poris
303 3734 423 3790 reddidit
440 3734 547 3790 alienus
571 3736 606 3788 ab
625 3733 816 3790 ecelesiastica
844 3734 1049 3802 iurisdictione,
1068 3736 1158 3789 forma
1181 3735 1320 3790 iudicialis
1345 3753 1391 3791 so-

204 3840 338 3897 lemniter
356 3842 519 3909 instaur-eta,
539 3842 599 3896 visa
616 3846 659 3897 est
678 3858 821 3897 removere
841 3859 858 3895 a
878 3843 1001 3897 moribus
1026 3841 1191 3913 populorum
1216 3862 1295 3897 usum
1315 3845 1388 3897 ami-

202 3945 340 3999 cabilium
367 3946 607 4015 compositionum,
635 3945 782 4015 praecipue
812 3944 997 4000 ministerium
1026 3948 1173 4017 potestatis
1202 3947 1353 4001 arbitralis.
1374 3978 1388 3989 -

205 4054 315 4126 Meyer,
334 4055 362 4107 iu
382 4054 471 4124 Opere
489 4054 595 4125 Esprit,
614 4056 722 4127 oripine
741 4064 768 4110 ot
779 4056 899 4125 propris
918 4057 967 4109 des
986 4058 1137 4109 institution
1157 4058 1324 4125 judicieires
1338 4058 1388 4110 des

201 4164 377 4235 principanio
397 4178 470 4233 pays
494 4163 530 4217 do
555 4162 699 4233 Merope,
717 4165 817 4232 probat
843 4164 872 4217 in
898 4163 1046 4218 Holiendiu
1071 4165 1122 4218 sub
1147 4164 1259 4219 saecuto
1281 4164 1388 4219 decimo

200 4269 304 4339 quinto
323 4269 442 4338 primum
461 4268 604 4323 institutos
622 4268 707 4323 fuisse
730 4271 838 4324 iudices
858 4271 1060 4333 conciliatores,
1081 4274 1110 4325 et
1128 4271 1230 4341 passim
1250 4268 1321 4323 alias
1333 4270 1389 4324 Eu·

202 4391 290 4445 ropae
303 4375 431 4429 nationes
449 4374 523 4428 hunc
535 4392 639 4430 morem
652 4375 715 4431 dein
729 4380 841 4432 secutas
859 4377 952 4442 fuisse,
966 4376 1092 4447 quamvis
1104 4394 1159 4430 non
1178 4394 1274 4431 omnes
1290 4377 1387 4431 eadem

202 4483 326 4539 ratione.
