3350 5117
520 303 564 349 nn
596 303 734 350 romeus
765 301 1029 352 nccuasrssmms
1298 285 1363 352 217

183 427 207 516 t.
233 424 256 504 g
286 426 314 504 1,
345 423 486 490 advenit
509 425 647 491 Paulus:
673 446 691 487 α
723 425 809 492 ltem
832 425 893 510 qui
916 424 1014 492 ttobet
1036 425 1098 492 hus
1120 425 1268 492 actiones
1296 443 1366 490 ooo

182 545 388 635 iatettipitar
421 569 492 616 esse
515 550 715 633 locupletior
736 571 769 624 a,
793 551 868 634 quia
891 569 955 615 non
983 554 1057 616 sunt
1080 553 1285 634 comparatae
1306 567 1365 634 pro

185 669 311 736 iuribus
335 672 454 737 civium
485 672 763 758 patrimonialibus
786 672 843 738 sed
866 692 926 759 pro
957 670 1144 738 defensione
1166 670 1366 757 publicarum

184 794 295 879 legum
311 815 369 860 seu
386 795 504 881 publici
527 795 613 861 boni.
630 795 784 871 Quamvis
807 816 873 861 non
889 795 1081 862 excludatur
1098 797 1180 880 quod
1197 793 1366 880 aliquando

184 920 392 986 secundarie
408 927 442 987 et
463 921 626 988 indirecte
641 941 781 1008 vergere
805 923 929 1008 possint
945 924 978 986 in
995 923 1119 1008 agentis
1134 923 1293 1007 privatam
1309 920 1366 984 uti·

185 1041 321 1108 litatem.
337 1081 381 1094 -
398 1046 570 1132 Popularia
593 1047 678 1112 actio
692 1046 733 1111 ad
748 1046 968 1114 accusandum
985 1046 1221 1130 delinquentem
1237 1065 1294 1111 seu
1304 1065 1367 1128 po-

181 1171 322 1252 pularis
343 1173 513 1240 ocmaotio
535 1173 623 1258 viget
646 1170 701 1238 ubi
724 1172 899 1239 relativum
924 1173 1058 1259 poenale
1081 1179 1221 1260 systema
1244 1171 1366 1238 obtinet

184 1314 248 1360 nec
278 1295 446 1378 popedori
475 1295 537 1362 init
563 1300 735 1382 surrogatos
761 1295 903 1380 publico
937 1298 1105 1364 accusatio
1138 1297 1365 1362 Procuratoris

190 1417 336 1490 risonis,
361 1419 468 1503 prouti
491 1418 555 1484 iam
581 1421 761 1504 expositum
792 1419 862 1484 fuit.
888 1420 965 1486 lure
988 1439 1059 1484 can.
1087 1420 1190 1506 potius
1217 1419 1365 1484 mictum

184 1547 334 1626 opsiano
353 1542 489 1615 obtinet
507 1544 582 1628 quia
604 1542 644 1609 de
665 1545 738 1610 iure
753 1545 915 1610 communi
930 1543 1094 1630 popularis
1116 1545 1277 1610 accusatio
1300 1562 1364 1608 non

184 1670 350 1749 expuncta
369 1665 439 1731 fuit
458 1665 621 1740 Quaedam
639 1668 762 1752 species
777 1667 942 1754 popularis
964 1668 1178 1733 accusationis
1200 1665 1305 1732 adhuc
1321 1666 1367 1731 iu·

186 1790 308 1857 cumbit
320 1789 468 1858 fidelibus
478 1792 582 1877 quoad
595 1812 707 1858 causas
719 1793 975 1858 matrimoniales
987 1813 1029 1858 ex
1041 1793 1103 1860 Tit.
1115 1791 1166 1867 18,
1181 1791 1236 1858 lib.
1246 1791 1308 1864 IV,
1321 1791 1365 1856 X:

188 1934 206 1976 ‹
221 1912 284 1988 Qui
304 1915 541 2024 matrimonitpm
556 1934 713 1980 accusare
727 1920 861 2000 possunt
871 1915 922 1980 vel
935 1920 1049 1980 contra
1062 1915 1138 1980 illud
1154 1913 1320 1982 testificari
1334 1937 1364 1980 a.

186 2040 269 2104 ltem
291 2039 440 2124 populari
454 2041 582 2104 actione
604 2039 820 2105 denunciandi
843 2043 928 2113 sunt,
952 2038 1095 2125 impediti
1115 2039 1155 2104 ad
1179 2059 1289 2105 sacros
1305 2039 1365 2106 Or·

185 2161 279 2228 dines
303 2163 533 2249 suscipiendos.

278 2287 353 2352 185.
369 2285 421 2351 Ad
442 2286 535 2360 baec,
552 2287 624 2352 iure
644 2304 789 2358 romano,
806 2285 944 2352 aderant
968 2287 1078 2373 plures
1097 2287 1180 2352 aliae
1203 2287 1363 2352 actionum

184 2413 319 2494 species,
337 2429 421 2494 qnae
443 2410 554 2477 sedulo
569 2411 706 2477 diversis
722 2411 903 2478 nominibus
920 2411 1194 2478 enumerabantur
1210 2419 1242 2478 et
1258 2411 1365 2478 distin-

184 2536 379 2621 guebantur.
411 2537 483 2623 Non
511 2539 596 2602 enim
626 2542 754 2622 poterat
784 2535 926 2602 obtineri
957 2537 1114 2603 iudicialis
1137 2537 1280 2603 defensio
1303 2538 1365 2602 nisi

185 2681 304 2727 nomen
320 2662 505 2728 distinctum
529 2667 562 2726 et
584 2663 750 2748 proprium
767 2661 905 2728 actionis
922 2667 1168 2748 proponeretur.
1187 2663 1365 2749 Diligenter

185 2784 247 2848 bas
269 2804 381 2849 omnes
403 2785 565 2851 actionum
588 2785 711 2870 species
734 2785 880 2870 explicat
903 2783 1054 2849 Maschat
1070 2781 1118 2867 (ia
1135 2783 1190 2850 lib.
1207 2785 1226 2849 l
1235 2785 1264 2850 V
1282 2786 1364 2850 last.

190 2905 351 2994 Conon.);
380 2911 414 2973 et
440 2907 504 2973 hae
529 2909 612 2973 scitu
642 2909 799 2994 perutiles
822 2911 913 2982 sunt,
942 2927 1007 2972 non
1033 2913 1156 2974 tantum
1187 2908 1227 2974 ad
1250 2909 1365 2975 intelli·

185 3033 327 3118 gentiam
350 3033 432 3098 iuris
453 3053 566 3098 comm.
584 3052 674 3106 rom„
692 3031 749 3098 sed
766 3035 865 3098 etiam
880 3053 940 3118 pro
957 3052 1016 3098 usu
1032 3032 1164 3113 lorensi,
1182 3053 1277 3117 quum
1296 3053 1365 3118 pas·

184 3159 245 3224 sim
268 3158 394 3248 soleant
417 3159 572 3224 invocari.
595 3193 640 3206 —
663 3159 744 3225 Nam
775 3159 809 3222 in
842 3159 915 3223 foro
939 3159 1156 3223 ecclesiastico
1184 3156 1363 3223 huiusmodi

184 3283 410 3348 distinctiones
425 3283 605 3349 inserviunt
618 3287 654 3348 ut
676 3282 814 3348 diversis
842 3281 1023 3347 nominibus
1045 3281 1282 3367 distinguantur
1297 3301 1366 3366 spe·

186 3408 286 3473 ciales
304 3411 459 3490 actiones,
471 3407 529 3473 sed
543 3427 564 3472 a
579 3409 651 3474 iure
665 3409 802 3494 positivo
818 3426 889 3473 can.
906 3427 970 3472 non
988 3407 1162 3471 attenditur
1184 3407 1364 3492 proprietas

184 3533 337 3605 nominis,
363 3531 422 3598 sed
444 3553 556 3601 rerum
572 3532 749 3599 substantia
763 3538 795 3599 et
817 3533 957 3607 veritas;
981 3531 1085 3617 prouti
1106 3532 1197 3596 iussit
1219 3531 1363 3597 Alexan-

185 3655 245 3720 der
269 3657 320 3722 Ill
346 3658 379 3721 in
408 3675 483 3742 cop.
511 3658 543 3731 6,
567 3657 618 3723 De
639 3656 709 3724 iud.
733 3657 769 3722 X
789 3656 845 3742 (ll,
873 3655 914 3740 1),
944 3655 1183 3742 praescribens:
1210 3677 1227 3717 e
1254 3656 1364 3721 Provi-

183 3780 288 3848 dentia
302 3783 459 3848 attentius
481 3801 523 3846 ne
546 3783 589 3846 ita
610 3781 780 3854 subtiliter,
798 3782 881 3846 sicut
896 3800 917 3845 a
934 3781 1041 3846 multis
1056 3777 1127 3846 fieri
1151 3780 1241 3852 solet,
1263 3779 1365 3846 cuius

184 3901 268 3968 modi
293 3903 380 3969 actio
403 3903 592 3975 intentetur,
609 3903 789 3986 inquiratis,
806 3902 863 3968 sed
886 3903 1074 3988 simpliciter
1097 3907 1130 3966 et
1147 3922 1228 3987 pure
1244 3902 1364 3968 iactum

152 4105 157 4117 ι
185 4028 289 4111 ipsum
314 4032 347 4092 et
369 4027 420 4093 rei
441 4027 626 4099 veritatem,
646 4025 823 4092 secundum
846 4026 984 4092 formam
1007 4045 1165 4091 canonum
1189 4031 1222 4091 et
1238 4025 1365 4092 Sancto

182 4171 256 4216 rum
280 4152 419 4217 Petrum
442 4151 598 4225 instituta,
621 4151 819 4237 investigare
843 4151 962 4216 curetis
977 4171 1008 4216 u.

274 4275 353 4341 186.-
366 4275 429 4342 Sed
444 4274 632 4342 divisionem
648 4276 784 4340 actionis
803 4276 837 4339 in
858 4275 1055 4358 petitoriam
1071 4280 1103 4340 et
1117 4277 1364 4360 possessorium

148 4377 152 4383 ⁴
183 4401 449 4485 praetermittere
463 4377 537 4465 'non
560 4419 737 4486 possumus,
758 4400 799 4465 ob
822 4399 976 4466 relativos
999 4405 1182 4485 conceptus.
1209 4401 1289 4468 Nam
1307 4423 1365 4486 pe·
