3350 5117
872 314 956 363 PARS
979 314 1002 360 1.

831 577 945 645 Gerar
970 578 1029 643 lV.

391 748 439 803 DE
458 750 680 806 IURAMENTO
699 750 920 809 anUnerE
940 753 1009 809 SEU
1030 754 1076 807 DE
1096 752 1281 808 vunlrnru
1300 751 1463 806 DICENDA.

738 875 789 917 linc
808 873 902 918 referat.
917 876 953 918 ni.
968 876 982 915 7
995 875 1021 917 L.
1036 875 1069 918 11.
1083 875 1114 918 X.

335 1047 557 1106 Samarium.
570 1080 605 1091 -
624 1050 685 1105 373.
705 1052 800 1106 lui-are
818 1054 855 1107 de
874 1054 1016 1107 calamna
1033 1056 1077 1107 est
1094 1052 1244 1121 protestari
1264 1053 1364 1105 bonam
1379 1050 1465 1120 fidem
1482 1064 1514 1103 sa

428 1156 538 1212 babere.
557 1187 594 1198 —
605 1157 666 1212 374.
687 1160 778 1229 Magis
796 1160 1015 1215 determinatum
1028 1160 1082 1213 fuit
1094 1159 1147 1213 hoc
1165 1160 1351 1212 iuramentum
1369 1174 1421 1227 per
1437 1156 1511 1209 aliud

426 1264 615 1319 iuramentum
634 1274 692 1320 tum
718 1270 753 1321 de
780 1269 895 1323 ueritate
912 1269 1031 1323 dicenda
1050 1272 1110 1320 tum
1129 1268 1164 1320 de
1182 1266 1301 1319 naalitia.
1325 1294 1360 1305 -
1379 1263 1440 1317 375.
1460 1262 1515 1317 Re·

424 1370 508 1439 gulae
521 1372 621 1441 quibus
634 1374 753 1428 edicitur
766 1376 863 1428 modus
882 1374 1039 1444 praestandi
1053 1372 1122 1427 haec
1136 1374 1301 1427 iuramenta.
1310 1402 1345 1413 -
1354 1372 1416 1425 376.
1426 1370 1514 1432 Quaa-

427 1494 490 1531 nam
511 1494 645 1547 personae
665 1478 733 1534 baec
753 1481 911 1534 iuramenta
929 1490 1072 1549 praestare
1090 1478 1220 1532 debcant.
1239 1506 1274 1519 —
1291 1478 1397 1533 anm
1414 1478 1516 1547 quibus

423 1586 514 1639 causis
540 1585 609 1639 haee
636 1590 820 1654 praestentur.
839 1616 874 1628 —
893 1586 955 1641 378.
975 1586 1045 1648 Quid
1066 1588 1193 1641 obtineat
1215 1604 1250 1641 ex
1268 1587 1347 1655 praxi
1373 1584 1515 1641 hodierna

426 1782 503 1880 373.
529 1785 570 1851 L't
594 1785 710 1851 iudicia
732 1788 851 1871 optime
874 1807 932 1852 suo
955 1784 1011 1851 fini
1034 1785 1280 1869 responderent,
1296 1783 1515 1849 introductum

336 1906 397 1972 fuit
421 1908 636 1975 iuramentum
653 1911 846 1976 calumniae
869 1930 907 1975 eo
923 1910 1057 1974 consilio
1080 1917 1118 1975 ut
1132 1916 1243 1995 partes
1258 1910 1349 1974 initio
1364 1909 1429 1975 litis
1444 1928 1515 1995 pro-

334 2040 506 2117 testentur,
525 2038 556 2101 in
582 2036 697 2102 iudicio
722 2036 931 2101 instaurando
954 2043 987 2102 et
1009 2037 1042 2100 in
1067 2056 1105 2100 eo
1128 2036 1362 2120 prosequendo,
1383 2054 1419 2101 se
1441 2034 1513 2100 abs-

333 2182 396 2247 que
420 2164 535 2229 fraude
560 2183 769 2251 processuras
792 2184 881 2231 esse:
906 2166 950 2229 ita
974 2164 1169 2231 lastinianus
1192 2164 1225 2229 in
1249 2166 1272 2229 l.
1295 2164 1330 2238 2,
1360 2160 1441 2230 coa.
1465 2162 1517 2229 Dc

334 2286 559 2354 iureiurando
580 2294 725 2371 propter
740 2289 889 2354 calamo.
904 2288 975 2353 Hoc
992 2288 1205 2353 iuramentum
1229 2293 1279 2352 est
1294 2287 1513 2360 credulitatis,

334 2426 398 2491 quo
413 2410 486 2493 quis
497 2410 582 2475 iurat
593 2430 628 2473 se
644 2409 779 2475 credere
792 2408 909 2475 bonam
925 2428 1055 2474 causam
1071 2408 1203 2481 habere,
1216 2414 1312 2493 atque
1329 2408 1517 2474 extenditur

336 2530 378 2597 ad
403 2534 589 2599 universum
613 2553 808 2618 processum.
838 2534 919 2609 Quia
944 2532 1114 2599 admodum
1142 2533 1225 2597 haec
1248 2533 1413 2618 dispositio
1436 2532 1517 2597 iuris

337 2658 484 2721 canonici
509 2658 678 2723 intentioni
702 2658 910 2743 congruebat,
927 2657 1067 2724 libenter
1090 2660 1162 2723 foro
1185 2659 1265 2723 eccl.
1282 2662 1422 2742 excepta
1444 2657 1517 2737 fait,

335 2780 399 2843 imo
422 2780 583 2865 ampliata.
609 2782 741 2846 Revera
763 2750 905 2848 additum
921 2784 982 2849 fuit
1005 2785 1219 2848 iuramentum
1243 2780 1396 2847 malitiae
1418 2786 1452 2845 et
1470 2780 1516 2844 iu·

337 2910 519 2969 ramentum
542 2904 693 2971 veritalis
716 2904 890 2977 dicendae,
915 2926 959 2971 ex
982 2927 1011 2972 c.
1035 2927 1063 2973 a.
1087 2907 1104 2969 1
1128 2911 1159 2971 et
1181 2906 1208 2970 2
1230 2905 1269 2969 in
1292 2904 1316 2969 6
1339 2903 1397 2989 (ll,
1422 2903 1466 2989 4).

424 3028 500 3093 374.
527 3030 749 3095 loramentum
780 3006 961 3095 calumniae
987 3029 1068 3095 iare
1097 3049 1173 3096 ean.
1198 3028 1260 3094 suit
1289 3028 1390 3094 veluti
1413 3030 1517 3113 magis

335 3149 582 3218 determinatum
606 3174 665 3239 per
689 3157 904 3219 iuramentum
927 3154 970 3219 de
993 3153 1133 3220 aemule
1155 3152 1381 3236 dicendaque
1404 3158 1516 3243 partes

336 3294 493 3362 expresse
516 3278 661 3344 fatentur
690 3302 725 3345 se
749 3301 814 3345 non
837 3280 994 3347 allaturas
1018 3280 1223 3367 probationes
1253 3285 1286 3344 et
1307 3278 1389 3343 nihil
1413 3297 1515 3343 asser-

335 3402 428 3463 turas
451 3418 532 3479 esse,
547 3400 607 3463 nisi
623 3400 730 3463 <imula
752 3400 892 3463 veritate
908 3400 1060 3464 nitantur.
1079 3398 1185 3463 Bonis.
1201 3398 1287 3465 Vlll
1310 3398 1394 3462 haec
1410 3398 1451 3463 de
1467 3416 1516 3461 ra-

218 3612 222 3621 ,
335 3524 425 3588 tione
449 3544 547 3589 unum
571 3523 610 3589 ab
634 3525 738 3590 altero
761 3525 929 3610 distinguit
951 3543 1026 3607 cap.
1051 3525 1068 3587 1
1093 3525 1125 3589 li.
1143 3530 1163 3588 t.
1179 3525 1217 3589 in
1240 3524 1264 3589 6
1286 3529 1320 3589 et
1342 3529 1514 3607 utrumque

335 3645 511 3712 distinctim
535 3646 678 3733 proferri
707 3647 802 3713 iubet.
827 3648 1074 3732 —Utrumque
1103 3667 1184 3712 vero
1208 3650 1423 3713 iuramentum
1447 3649 1516 3712 sire

336 3773 532 3840 calumniae
563 3776 630 3837 sive
661 3774 812 3839 ueritatis
842 3774 904 3838 fuit
934 3774 1036 3858 magis
1067 3773 1314 3839 determinatum
1344 3793 1403 3859 per
1433 3775 1515 3837 ima·

335 3903 489 3970 mentum,
515 3899 559 3961 ila
590 3896 719 3969 dictum,
745 3898 906 3970 malitiae,
935 3898 1011 3981 quia
1042 3898 1117 3963 dum
1146 3900 1361 3963 iuramentum
1393 3899 1513 3964 calum-

336 4022 411 4086 niae
435 4042 491 4087 seu
515 4020 554 4086 de
578 4023 726 4095 veritate,
744 4022 802 4087 sub
819 4022 950 4087 diversa
972 4024 1109 4095 ratione,
1125 4044 1160 4087 se
1183 4023 1289 4091 refert
1310 4026 1515 4111 yeneraliter·

335 4144 377 4207 ad
402 4147 586 4210 universum
612 4166 809 4231 processum,
828 4148 1044 4210 iuramentum
1060 4148 1201 4212 malitiae
1225 4155 1273 4214 est
1291 4149 1512 4231 pertractare,

336 4269 555 4337 introductum
579 4292 638 4358 pro
662 4294 749 4345 casu,
771 4293 833 4357 quo
866 4273 964 4338 iudex
995 4274 1146 4341 dubitans
1174 4281 1320 4341 actorem
1347 4277 1401 4342 vel
1425 4296 1513 4341 reum

335 4391 464 4475 aliquid
481 4413 523 4457 ex
540 4393 653 4459 fraude
676 4414 776 4481 agere
800 4395 852 4461 vel
877 4397 1038 4472 omittere,
1056 4396 1157 4461 eidem
1182 4396 1334 4464 deierans
1358 4400 1515 4465 iuramen-
