3350 5117
531 334 575 380 oa
606 333 745 381 1ou1cus
774 333 1040 382 nocuosrasrrors
1084 289 1091 307 ⁸
1307 314 1374 380 265

285 449 347 515 Sed
371 471 591 536 quaecumque
609 472 630 517 a
645 451 750 517 iudice
769 452 1000 534 decernantur,
1017 453 1201 518 necessario
1217 450 1375 518 reducun-

192 579 251 640 tur
278 574 320 641 ad
346 575 480 644 decreta
507 578 707 644 retinendae
735 584 792 643 aut
814 579 1075 662 recuperandae
1098 579 1316 664 possessionis,
1342 585 1374 644 et

193 699 325 784 planum
350 707 408 766 est.

282 817 359 883 230.
385 819 496 886 Primo
494 841 649 907 agamus
660 821 708 890 de
725 823 927 909 possessione
942 822 1062 891 iurium
1077 821 1371 886 matrimonialium

195 944 688 1052 l-amQa-possessioin
714 948 806 1030 sueto
831 947 987 1016 consistit,
1013 945 1375 1038 iopium,o‹‘›ni,uga]ium

194 1074 375 1164 &piisimi
396 1073 720 1164 possessiossquando
735 1073 825 1155 hisce
842 1073 978 1156 „iuribus
1010 1073 1053 1137 uti
1079 1077 1232 1160 ¹coeptum
1263 1072 1372 1137 fuerit.

195 1194 338 1284 Proinde,
355 1196 403 1272 ‚in
434 1195 636 1281 sponsalibus
666 1215 748 1280 quae
770 1195 919 1279 praevio
943 1201 1015 1260 sunt
1048 1193 1260 1266 matrimonio,
1285 1192 1373 1280 nulla

193 1315 285 1381 adest
307 1318 426 1382 iurium
450 1319 866 1414 OQQQQPPSSOESW
891 1339 960 1405 arg.
979 1337 1053 1402 cop.
1072 1319 1121 1392 14,
1139 1318 1193 1383 De
1206 1323 1284 1384 rest.
1301 1336 1373 1400 spo-

193 1439 265 1504 liat.
282 1441 325 1504 X.
343 1443 585 1522 111AEle
587 1447 712 1534 „eino-n
731 1449 975 1530 consummato,
992 1443 1092 1508 semel
1115 1443 1263 1527 incoepta
1280 1442 1373 1506 coha-

194 1565 360 1640 bitatione,
380 1570 537 1657 possessio
553 1567 692 1634 hahetur
708 1571 788 1634 iuris
801 1570 1002 1634 individuae
1017 1570 1105 1634 uitae
1121 1566 1373 1634 consuetudinis

193 1688 250 1753 sed
274 1709 340 1755 non
363 1690 469 1755 adhuc
493 1691 645 1757 carnotis
660 1692 933 1775 commistioni&
953 1693 1098 1784 {agnato
1120 1697 1226 1755 autem
1248 1696 1324 1756 roto
1341 1696 1373 1754 et

193 1833 384 1902 consanam.
406 1816 485 1886 iuris
509 1815 688 1901 coniugalis
708 1816 807 1910 plena
828 1817 989 1910 possessio
1011 1815 1158 1882 habetur.
1177 1815 1225 1880 Gi.
1243 1835 1269 1882 c.
1287 1833 1314 1880 e.
1331 1814 1372 1878 14

192 1947 226 2007 et
247 1941 272 2008 8
295 1942 359 2014 eit,
386 1942 432 2007 tit.
456 1941 496 2008 X.

283 2067 360 2132 231.
374 2067 527 2165 Quina
549 2069 603 2133 vel
627 2069 773 2134 molestia
795 2070 1008 2154 possessionis
1030 2070 1062 2133 in
1087 2085 1185 2132 cause
1207 2066 1372 2160 metoba-

193 2186 265 2251 beri
288 2191 404 2272 potest,
429 2188 481 2252 vel
506 2188 546 2253 ab
570 2193 728 2253 extraneo
744 2189 797 2273 qui
814 2191 984 2274 coniugem
1000 2207 1020 2252 a
1036 2187 1172 2272 coniuge
1195 2187 1227 2249 vi
1244 2187 1372 2270 separat

192 2319 250 2376 aut
272 2311 433 2396 prohibet,
458 2312 512 2376 vel
534 2311 574 2376 ab
597 2313 673 2400 ipsis
697 2311 887 2398 coniugibus
911 2315 996 2381 inter
1019 2333 1065 2378 se.
1089 2313 1131 2378 Et
1155 2309 1194 2374 de
1217 2309 1279 2374 hoo
1295 2329 1373 2373 casu

193 2434 314 2518 aliquid
340 2436 587 2520 explicabimus;
611 2456 686 2502 nam
708 2442 827 2502 statum
850 2436 1059 2521 possessionis
1077 2433 1117 2498 ab
1141 2439 1298 2498 extraneo
1321 2431 1372 2494 de·

193 2556 357 2622 turbatum
380 2561 489 2624 statim
513 2562 546 2624 in
569 2562 740 2646 pristinum
765 2559 998 2626 restituendum
1014 2579 1084 2624 esse
1108 2559 1300 2623 auctoritate
1323 2556 1371 2620 iu·
1404 2585 1410 2600 ·

193 2682 283 2757 dieis,
309 2684 558 2769 exploratissimi
582 2689 664 2751 iuris
685 2691 744 2752 est.
761 2721 805 2734 -
822 2685 957 2762 Quando
981 2680 1065 2750 vero¹
1084 2685 1242 2748 alteruter
1266 2682 1372 2746 coniu-

193 2827 281 2892 gum,
305 2809 500 2874 auctoritate
522 2811 664 2895 propria,
688 2809 827 2876 alterum
859 2809 1021 2874 violenter
1050 2806 1220 2892 prohibeat
1249 2803 1372 2868 abusu

191 2931 313 2994 iuriam
335 2932 577 3015 acquisitorum,
594 2932 730 3018 spolium
746 2937 863 3018 patrat.
882 2933 972 2995 Tunc
997 2929 1103 3010 iudex,
1128 2934 1220 3014 parte
1237 2926 1372 3012 spoliata

192 3053 347 3128 instante,
371 3054 424 3119 vel
447 3075 490 3120 ex
513 3055 628 3130 officio,
645 3056 686 3122 ad
709 3056 897 3122 scandalum
914 3053 1153 3134 removendum,
1167 3051 1371 3138 spoliatorem

192 3184 298 3263 coget,
315 3183 351 3243 ut
370 3180 478 3244 omnia
501 3182 649 3246 restituat
665 3183 698 3245 in
713 3183 885 3267 pristinum
902 3185 1028 3248 statum.
1047 3181 1101 3245 Ius
1116 3199 1197 3244 vero
1216 3175 1372 3262 petendae

192 3304 408 3369 restitutionis
431 3325 474 3370 ex
497 3313 591 3390 parte
614 3306 750 3391 spoliati,
775 3311 809 3372 et
832 3325 914 3370 onus
944 3305 1125 3390 spoliatoris
1154 3299 1371 3368 satisfaciendi

189 3431 339 3513 petitioni
364 3451 421 3494 seu
443 3431 507 3496 iuri
529 3432 656 3516 spoliati
679 3436 730 3498 est
751 3431 1011 3517 correspondens
1033 3436 1164 3496 mutuae
1187 3428 1371 3514 obligationi

192 3555 368 3638 coniugum
391 3554 572 3618 servandae
595 3554 777 3620 individuae
800 3557 887 3621 vitae
906 3556 1092 3642 coniugalis.
1111 3555 1219 3630 Quare
1235 3555 1261 3618 si
1278 3573 1370 3625 uxor,

192 3681 328 3764 propria
350 3681 552 3754 auctoritate,
577 3679 720 3754 discedit,
738 3687 772 3746 at
795 3681 872 3746 sacti
896 3683 1062 3768 poenitens
1078 3681 1119 3746 ad
1134 3682 1238 3745 virum
1263 3678 1372 3744 redire

192 3802 281 3877 velit,
298 3824 320 3867 a
335 3805 408 3868 viro
425 3804 539 3890 repelli
555 3825 620 3869 non
637 3813 750 3891 potest.
770 3807 836 3872 Neo
860 3827 946 3872 uxor
969 3826 989 3871 a
1012 3808 1083 3871 viro
1108 3805 1253 3891 expulsa,
1270 3806 1296 3869 si
1313 3806 1370 3870 ite·

192 3945 266 3990 rum
289 3933 474 4000 revocetur,
499 3927 669 3993 dissentire
699 3934 814 4014 potest.
841 3929 1073 3994 Tantummodo
1098 3951 1139 3994 ex
1163 3948 1260 3993 causa
1282 3928 1370 3994 adul·

193 4050 277 4122 terii,
291 4050 396 4114 altero
408 4052 518 4132 invite,
536 4053 655 4118 coniux
667 4055 822 4120 innocens
836 4053 982 4119 dissolvit
997 4055 1084 4118 vitae
1097 4054 1273 4140 coniugalis
1293 4074 1370 4120 con·

193 4173 408 4239 suetudinem.
426 4177 551 4242 Verum
571 4180 645 4261 quia
660 4179 825 4261 spotiatus
842 4186 921 4246 unte
937 4181 1053 4247 oronte
1068 4179 1294 4246 restituendus
1310 4185 1371 4262 est·

191 4296 255 4361 nisi
278 4296 429 4363 adulterii
453 4299 574 4364 factum
598 4301 639 4365 sit
662 4302 834 4374 notorium,
859 4309 1029 4385 antequam
1058 4301 1207 4367 audiatur
1230 4303 1370 4388 spolians

193 4418 229 4483 in
260 4419 378 4486 iudicio
401 4422 442 4486 ad
465 4423 652 4510 allegandas
681 4425 833 4491 adulterii
857 4425 1071 4512 probationes,
1098 4429 1257 4494 restitutio
1284 4430 1370 4492 vitae
