3350 5117
311 298 376 364 118
833 318 917 367 rans
942 266 968 366 n

314 442 395 524 dat,·
417 439 498 506 adeo
522 445 558 507 ut
580 440 731 527 quidquid
754 446 850 507 extra
873 442 1057 507 mandatum
1076 442 1252 529 peragitur,
1270 444 1398 507 irritum
1422 442 1494 529 ipso

310 566 382 630 iure
409 568 460 639 sit,
486 585 560 655 erp.
586 586 659 651 cop.
685 565 736 632 32
758 567 808 633 Dc
836 570 891 652 off.
923 569 994 633 tad.
1025 568 1132 655 delep,
1155 569 1191 632 X
1210 568 1328 654 (1-29).
1353 571 1398 635 At
1427 567 1487 633 ali-

310 690 437 775 quando
460 694 604 777 aequitas
620 691 733 759 suadet
755 695 859 778 potius
881 695 1052 759 intentioni
1068 693 1248 779 delegantis
1263 714 1357 779 quam
1375 695 1494 759 literae

314 819 461 904 rigorose
474 839 544 885 esse
556 819 805 894 inhaerendum;
820 826 854 886 ut
865 826 952 905 puta,
966 821 993 885 si
1007 824 1135 905 tempus
1150 821 1390 906 comparirionis
1404 820 1491 905 apud

316 943 454 1011 iudicem
469 944 503 1009 in
520 945 679 1029 rescripto
695 946 935 1030 praestituatur,
949 946 1033 1010 iusta
1046 942 1088 1011 de
1103 964 1201 1011 causa
1216 944 1325 1011 dilatio
1345 944 1493 1033 partibus

312 1068 365 1132 vel
389 1068 486 1135 alteri
509 1070 659 1154 partium,
683 1068 859 1154 praecipue
881 1088 949 1149 reo,
977 1068 1111 1134 concedi
1135 1073 1246 1154 potest.
1272 1070 1364 1151 Item
1378 1074 1492 1155 partes

313 1211 458 1277 eaquae
482 1194 515 1258 in
538 1194 588 1259 sui
612 1194 756 1259 favorem
781 1194 812 1258 in
838 1196 996 1280 rescripto
1027 1194 1240 1262 determinata
1270 1200 1353 1268 sunt,
1377 1194 1489 1259 valam

309 1315 498 1393 immutare
523 1336 565 1381 ex
596 1336 670 1399 cap.
696 1316 867 1383 scaranem
897 1318 919 1399 ἓ
949 1316 988 1381 in
1016 1318 1111 1383 nullo
1141 1317 1192 1383 De
1215 1315 1378 1399 Rescript.
1403 1316 1494 1381 ina

310 1434 409 1525 (1-3).
434 1438 545 1505 Veluti
570 1440 595 1503 si
621 1439 697 1504 anni
721 1444 848 1525 tempus
872 1442 1078 1511 constitutum
1102 1442 1143 1505 sit
1164 1460 1224 1526 pro
1247 1439 1364 1505 iudicio
1387 1437 1490 1503 absol·

304 1564 420 1637 vendo,
445 1565 478 1628 ln
500 1564 680 1650 longiorem
704 1563 888 1630 dilationem
912 1569 1022 1649 partes
1044 1565 1229 1630 consentire
1252 1570 1394 1651 possunt.

396 1684 450 1752 92.
475 1688 520 1752 At
543 1686 687 1771 quamvis
715 1686 812 1752 iudici
836 1685 984 1771 delegato
1015 1687 1157 1771 pressius
1187 1684 1420 1751 inhaerendum
1443 1686 1487 1750 sit

312 1811 464 1876 mandato
481 1810 701 1899 delegationis,
718 1813 808 1876 cuius
824 1810 943 1875 limites
957 1809 1141 1896 transgredi
1157 1828 1222 1874 non
1238 1808 1287 1874 fas
1302 1814 1361 1890 est,
1379 1815 1489 1874 tamen

310 1960 374 2006 non
397 1940 463 2005 hec
484 1940 530 2005 ita
557 1938 810 2025 intelligendum,
833 1944 870 2004 ut
893 1958 958 2002 non
989 1942 1237 2023 praesumantur
1268 1957 1424 2004 concessa
1447 1957 1488 2002 ea

309 2067 343 2131 in
367 2065 517 2131 mandato
540 2085 606 2130 non
629 2085 794 2151 expressa,
819 2064 874 2131 sed
898 2066 1039 2155 intimius
1062 2084 1134 2130 cum
1159 2064 1328 2151 principali
1356 2066 1490 2150 negotio

306 2206 459 2253 connexa
483 2184 538 2274 (l).
564 2184 657 2253 Unde
679 2188 711 2251 in
736 2186 821 2252 hanc
844 2189 1011 2252 materiam
1032 2188 1120 2272 viget
1134 2187 1327 2272 principium
1350 2188 1383 2250 in
1407 2206 1487 2271 cap.

309 2313 538 2381 Praeterea5
568 2312 630 2379 Tit.
647 2313 698 2378 De
720 2316 774 2397 off.
799 2313 871 2379 iad.
895 2313 1000 2398 delep.
1017 2311 1052 2375 X
1073 2310 1175 2399 (1-29)
1202 2311 1247 2376 ita
1277 2331 1485 2397 expressum:

306 2458 324 2503 a
350 2437 436 2510 Quia
461 2457 506 2505 ece
528 2458 566 2505 eo
582 2436 683 2523 'qaod
706 2456 809 2503 cansa
827 2437 949 2522 (alicui)
965 2436 1193 2511 committitur,
1210 2454 1315 2519 snper
1329 2436 1490 2503 omnibns

292 2582 398 2651 ,qnae
421 2562 469 2627 ael
492 2562 632 2628 causam
650 2561 763 2643 ipsane
777 2567 930 2643 spectare
946 2565 1134 2626 noscantur
1152 2558 1350 2643 plenariam
1365 2558 1488 2641 recipit

303 2692 505 2772 potestatem
520 2708 551 2750 a.
577 2684 703 2750 Exinde
728 2704 767 2750 ea
790 2702 873 2775 quae
895 2685 1079 2749 accessoria
1101 2689 1134 2748 et
1157 2702 1306 2748 connexa
1321 2686 1405 2754 sunt,
1423 2684 1486 2747 etsi

307 2830 371 2875 non
405 2828 569 2896 expressa,
595 2812 769 2875 censentur
800 2782 963 2873 concesse.
988 2842 1031 2856 -
1056 2806 1117 2872 Sed
1140 2806 1285 2892 intellige
1308 2806 1350 2873 do
1371 2807 1411 2870 iis
1433 2825 1489 2869 ac-

308 2937 459 3003 cessoriis
481 2935 534 2999 vel
558 2934 742 2999 necessario
767 2932 933 3003 connexis,
951 2931 1065 3016 quibus
1087 2951 1107 2996 a
1129 2930 1234 2996 iudice
1256 2951 1321 2995 non
1345 2928 1488 2997 definitis

309 3064 365 3125 aut
395 3058 545 3131 decretis,
578 3077 675 3122 causa
705 3056 893 3142 principalis
922 3056 1069 3142 expediri
1099 3076 1165 3121 non
1195 3056 1292 3120 salet.
1317 3055 1360 3120 Vi
1393 3058 1488 3121 cuius

303 3184 487 3267 plenariae
510 3184 685 3270 potestatis,
710 3181 806 3249 iudex
830 3184 931 3247 utitur
958 3184 1054 3247 etiam
1081 3181 1206 3247 modica
1230 3181 1426 3247 coercitione
1450 3182 1484 3246 iu

304 3316 497 3399 spernentes
521 3330 579 3377 sua
601 3310 762 3384 mandata,
787 3308 925 3375 admittit
940 3310 1059 3375 actoris
1074 3308 1280 3395 probationes
1304 3312 1337 3373 et
1360 3308 1408 3372 rei
1431 3306 1486 3373 de·

305 3438 470 3503 tensiones
494 3455 555 3500 nec
578 3455 643 3499 non
659 3433 868 3501 rationabiles
883 3437 1107 3520 exceptiones:
1132 3455 1175 3499 ex
1195 3453 1269 3517 cap.
1286 3431 1331 3499 13
1353 3432 1403 3497 De
1425 3436 1485 3518 off.

306 3558 377 3625 incl.
402 3558 507 3644 deleo.
533 3558 567 3622 X
588 3556 711 3643 (1-29);
735 3556 860 3637 nisi‚'ut
879 3559 923 3623 ait
946 3558 979 3622 in
1001 3558 1034 3622 h.
1052 3576 1121 3644 cap.
1138 3556 1302 3629 Pontifex,
1330 3557 1483 3639 ‹copri-

308 3688 426 3749 matur
455 3682 494 3747 in
525 3682 642 3748 litteris
672 3682 797 3750 nostris
828 3682 920 3768 qaod
950 3682 1066 3748 nullae
1095 3680 1238 3748 debeant
1268 3682 1487 3765 coemptiones

303 3809 450 3876 admitti.
470 3810 565 3882 Quod
588 3830 651 3877 nec
673 3829 735 3878 nos
757 3829 820 3876 nec
843 3815 1068 3876 antecessores
1082 3812 1216 3875 nostros
1230 3826 1386 3892 anquam
1409 3828 1484 3875 cre·

301 3934 417 3999 elimas
439 3933 691 4016 cmpressisse».

289 4154 292 4159 ·
392 4125 433 4198 (l)
453 4124 553 4179 «Hinc
574 4124 706 4196 (advortit
725 4124 833 4192 Devoli,
853 4123 903 4180 Ius
924 4124 988 4179 Con.
1009 4125 1057 4179 lib.
1077 4123 1100 4189 J,
1119 4123 1158 4176 eie.
1171 4122 1222 4189 29,
1243 4140 1269 4175 n.
1287 4121 1317 4191 7)
1336 4119 1486 4191 delegatus

298 4232 326 4284 in
348 4232 392 4285 ius
410 4235 493 4286 vocat
505 4230 660 4301 litigantes,
674 4234 702 4285 et
714 4229 809 4285 uenire
824 4234 984 4285 recusantes
997 4229 1120 4283 censuris
1133 4226 1284 4299 compellit,
1297 4227 1367 4281 citat
1383 4230 1483 4284 testes.

302 4336 455 4406 poenisque
474 4334 671 4390 animaduertit
691 4334 719 4387 in
739 4350 794 4400 eos,
807 4334 855 4405 qui
871 4333 1003 4387 mandato
1021 4330 1178 4404 iudicioque
1203 4347 1253 4386 suo
1278 4348 1377 4403 parere
1398 4348 1486 4389 recru-

295 4443 420 4499 sareriut
431 4459 458 4501 a.
