3350 5117
441 371 444 377 .
525 324 568 371 ua
587 305 730 372 lonicus
754 324 1018 373 ecclesiasticis
1297 304 1360 369 193

278 446 350 511 162.
375 445 470 511 Modo
492 447 533 512 de
556 446 821 532 apparitoribus.
840 448 904 512 Alii
921 448 1008 513 euim
1025 447 1196 513 tribunalis
1211 446 1360 520 ministri,

180 570 238 651 qui
263 568 359 635 iudici
383 574 416 635 et
438 572 582 657 partibus
605 576 734 657 praesto
758 576 833 637 suut
859 570 900 636 sd
924 578 1015 637 certa
1037 572 1227 657 exequenda
1252 570 1361 667 iudicii

180 698 266 765 acta,
288 694 393 759 solent
408 694 625 777 apparitores
648 695 827 761 vocarive]
851 695 923 761 aliis
946 695 1126 761 nominibus
1145 696 1360 784 appellantur,

182 824 219 883 ut
241 818 344 887 tradit
360 820 547 907 Pellegrini,
564 840 618 905 op.
635 820 688 887 cit.
702 820 801 889 Part.
819 818 866 893 ΙΙ,
879 822 1044 905 praemis.
1063 822 1109 897 il,
1125 843 1159 887 n.
1177 822 1201 888 8
1222 821 1359 887 docens:

182 962 202 1003 ιι
222 945 306 1008 Item
331 944 508 1010 intervenit
532 945 673 1011 nuntius
699 964 756 1011 seu
783 965 905 1047 curam
930 967 987 1011 seu
1014 946 1149 1013 baiulus
1175 966 1232 1013 seu
1256 964 1362 1033 oppu-

181 1069 273 1135 ritor
295 1090 352 1136 seu
366 1070 517 1137 seruieus
532 1071 649 1137 curiae
672 1074 725 1155 qui
749 1072 814 1137 alia
837 1074 968 1137 nomina
990 1074 1135 1154 sortitur,
1151 1079 1185 1139 et
1206 1072 1260 1138 hic
1284 1074 1362 1138 citat

184 1202 296 1279 partes
320 1197 352 1259 in
377 1196 523 1262 omuibus
552 1198 633 1263 actis
656 1198 843 1279 iudiciariis,
860 1204 893 1263 et
914 1203 1027 1283 postea
1049 1196 1154 1263 reiert
1176 1199 1209 1262 in
1232 1198 1361 1283 scriptis

182 1322 323 1397 nutariO,
347 1341 383 1387 se
406 1322 588 1395 citassent
613 1322 725 1389 habuit
750 1325 783 1388 in
816 1324 993 1389 commissis
1017 1327 1078 1388 etc.
1096 1343 1126 1387 a.
1151 1321 1234 1397 Quia
1256 1322 1362 1387 huius·

182 1444 270 1509 modi
287 1447 497 1513 executiones
516 1446 686 1531 aliquando
703 1449 838 1533 exigunt
853 1448 918 1511 vim
934 1452 1103 1527 armatam,
1120 1446 1199 1511 hinc
1213 1447 1246 1511 in
1262 1447 1362 1513 curiis

178 1589 323 1653 praeses
337 1570 493 1653 [omiliae
507 1578 651 1637 amuatue
671 1572 774 1637 dictus
790 1572 852 1637 iuit
866 1571 1079 1639 baroncellus
1094 1571 1275 1658 (burgolio).
1293 1572 1362 1637 Pro

182 1692 402 1757 custodiendis
423 1698 457 1760 et
471 1692 731 1759 administrandis
755 1694 885 1759 mulctis
908 1712 965 1759 seu
980 1694 1066 1759 texis
1081 1694 1193 1759 solutis
1207 1693 1291 1780 apud
1306 1696 1362 1760 tri·

180 1820 283 1885 huual
307 1818 484 1885 destinatus
507 1826 555 1885 est
577 1819 806 1903 depositarius
823 1838 1030 1902 poenorum.

279 1946 354 2012 163.
380 1945 429 2013 Ob
452 1951 631 2031 temporum
655 1946 775 2011 iniuria
797 1944 915 2009 horum
938 1946 1156 2011 ministrorum
1179 1946 1228 2010 vis
1251 1950 1284 2010 et
1306 1964 1362 2011 nu·

182 2092 295 2137 merus
318 2069 488 2137 admodum
512 2074 705 2135 extenuatus
728 2074 777 2135 est
800 2068 896 2134 hodie
918 2068 1002 2155 apud
1025 2071 1142 2142 curias,
1166 2068 1247 2133 adeo
1270 2072 1361 2135 utin
1400 2140 1404 2148 ,

180 2192 236 2258 eit.
262 2190 345 2259 inst
372 2192 405 2257 S.
434 2190 467 2257 0.
491 2193 560 2257 ΕΕ.
584 2197 617 2257 et
638 2190 712 2257 RR.
736 2192 771 2256 11
797 2192 874 2257 luo.
897 2191 990 2258 1880
1011 2192 1050 2256 io
1072 2198 1136 2256 art.
1162 2191 1204 2255 14
1226 2191 1288 2257 hoc
1311 2212 1363 2257 ca·

182 2320 319 2379 reatur:
335 2312 608 2397 ‹Qawteuuspro
621 2312 890 2382 intimatiooibus
905 2312 1258 2399 autuotificationibos
1269 2313 1363 2381 houd

179 2540 199 2575 ‹
216 2543 252 2578 an
274 2527 366 2595 potius
379 2526 629 2595 praescribendum,
643 2524 738 2581 uther
757 2524 789 2580 de
809 2543 839 2579 re
855 2532 957 2595 agatur
969 2527 997 2580 in
1011 2526 1124 2598 synodis
1137 2526 1361 2596 provincialibus,

177 2649 196 2683 s
214 2639 244 2687 et
264 2638 403 2703 quatenus
422 2634 518 2705 synodi
533 2633 629 2689 haberi
643 2637 792 2705 nequeant,
805 2634 833 2687 iu
848 2634 1031 2687 conventibus
1043 2634 1241 2703 Episcoporum
1260 2634 1288 2687 iu
1306 2636 1363 2690 siu·

181 2753 200 2788 e
217 2736 294 2805 gulis
313 2738 470 2806 provinciis,
489 2748 518 2793 et
537 2739 564 2790 in
585 2736 668 2791 ltalia
691 2738 719 2791 in
744 2737 864 2807 siugulis
888 2738 1057 2806 regionibus,
1076 2737 1111 2791 ad
1134 2735 1208 2791 hunc
1232 2738 1361 2793 effectum

180 2860 198 2893 e
216 2844 398 2911 peculiariter
411 2843 554 2911 habendis,
566 2844 617 2897 sub
636 2843 698 2913 lege
712 2860 811 2913 nempe
829 2850 862 2897 ut
880 2844 1025 2899 uniformis
1038 2848 1104 2897 taxa
1122 2844 1150 2897 in
1169 2844 1288 2913 singulis
1300 2860 1363 2914 pro·

180 2962 199 2997 ‹
214 2947 316 2999 vinciis
335 2963 383 3002 seu
403 2930 563 3017 regionib'us
581 2948 671 3019 quoad
690 2948 750 3003 llari
770 2949 858 3018 possit
876 2952 1025 3014 statuatur,
1044 2947 1145 3004 Sacrae
1161 2948 1277 3003 Consilii
1291 2948 1362 3003 Con-

181 3068 199 3101 «
215 3051 376 3119 gregatioui
393 3068 444 3121 pru
460 3052 660 3122 approbatione
679 3052 859 3107 subiicienda.

277 3156 321 3213 lli.
340 3162 414 3213 «Au
432 3164 462 3215 et
480 3176 617 3230 quaenam
636 3159 708 3213 uliae
729 3160 901 3228 provisiones
914 3158 966 3213 hac
984 3160 1019 3215 de
1037 3178 1067 3215 re
1084 3161 1141 3215 sint
1152 3161 1323 3217 adhibendae
1337 3180 1361 3215 a.

276 3268 383 3331 Quibus
401 3266 462 3323 Emi
483 3268 589 3333 Patres,
608 3268 720 3337 praevio
745 3266 940 3323 consultorum
960 3275 1034 3335 voto,
1052 3270 1271 3339 respondendum
1295 3288 1360 3326 cen-

179 3380 315 3428 sanarunt:

275 3481 318 3533 ad
337 3480 378 3534 μ
395 3495 413 3533 s
426 3480 609 3547 Affirmative,
622 3481 662 3534 ita
675 3485 767 3535 tamen
782 3484 813 3534 ut
826 3480 917 3551 quoad
929 3485 1008 3535 aetus
1026 3481 1074 3551 qui
1093 3482 1197 3536 directe
1210 3482 1363 3551 respiciunt

181 3606 197 3637 ‹
212 3590 453 3640 sacramentorum
469 3586 747 3651 administrationem,
757 3590 885 3639 semetur
898 3586 1042 3654 dispositio
1061 3604 1119 3656 cop.
1133 3588 1175 3638 42
1191 3588 1299 3642 Decret.
1320 3589 1362 3642 De

179 3708 197 3743 a
211 3694 341 3760 umbrato,
361 3692 477 3759 scilicet,
489 3698 519 3747 ut
538 3692 626 3748 libere
646 3694 824 3748 conterantur
845 3694 1035 3748 ecclesiastice
1059 3699 1234 3748 sacramenta
1252 3700 1281 3748 et
1298 3695 1362 3763 piae

179 3816 198 3851 ‹
212 3800 429 3855 consuetudines
447 3801 637 3855 observentur.

272 3904 385 3965 «Qnod
404 3918 471 3959 vero
489 3904 523 3957 ad
542 3904 664 3975 reliquos
689 3910 776 3971 aeine,
796 3905 842 3975 qui
863 3905 967 3959 directe
992 3922 1046 3959 non
1072 3906 1222 3974 respiciunt
1246 3907 1361 3961 admini-

179 4013 380 4065 «strationem
400 4014 645 4077 sacramentorum,
666 4010 705 4063 uti
725 4016 791 4063 sulit
809 4010 1015 4080 dispensatius
1033 4010 1292 4064 denunciationibus
1304 4029 1362 4066 ma-

178 4134 196 4167 «
210 4117 349 4183 trimouii,
363 4117 445 4171 venia
459 4116 616 4171 conserendi
632 4116 769 4186 baptisma
789 4117 816 4169 in
837 4117 954 4186 privatis
966 4116 1101 4183 domibus,
1114 4123 1143 4171 et
1154 4122 1249 4171 cetera
1267 4118 1362 4172 huius·

181 4240 199 4273 ιι
213 4222 298 4277 modi:

278 4330 299 4383 l.
321 4328 501 4383 <servandas
518 4328 672 4383 laudabiles
691 4330 913 4397 consuetudines,
933 4337 961 4385 et
981 4330 1117 4384 rationem
1140 4331 1291 4399 prudenter
1308 4329 1360 4384 ha-

180 4446 202 4485 «
216 4434 336 4488 bundam
355 4434 487 4501 locorum,
505 4440 660 4506 ‘temporum
681 4452 712 4489 ac
733 4454 926 4505 personarum:

331 4542 392 4593 Suc.
411 4540 497 4610 Lepc.
1223 4542 1255 4595 13
