3350 5117
691 337 797 385 mnan
823 337 943 386 nanum
1340 316 1406 383 693

223 463 278 518 443
305 463 448 520 Corrfessio
466 465 529 532 post
547 461 627 516 litem
647 464 833 515 contestatam
856 463 1023 530 provocatu-r
1044 461 1079 513 ab
1099 475 1141 526 ec,
1160 460 1206 531 qui
1226 458 1281 514 ali·
1362 495 1364 499 -

332 565 405 638 quod
423 568 528 620 factum
546 565 664 635 probare
683 563 779 627 debet;
798 564 872 638 quod
890 564 996 618 sactum
1012 564 1035 617 si
1047 563 1224 618 adversarius
1241 565 1283 618 ia·

269 691 274 716 r
332 680 435 744 teatur,
453 675 509 728 iam
529 675 691 745 probatione
710 673 830 743 amplius
849 691 904 728 non
923 673 1038 745 indiget
1055 671 1198 729 Confessio
1216 691 1281 745 pro·

333 785 450 835 vocatur
468 796 517 850 per
535 778 687 850 positiones
705 782 755 833 aut
773 794 823 848 per
841 777 1103 848 interrogationes.
1139 819 1146 831 .
1183 819 1190 832 .
1226 818 1235 835 .
1267 798 1334 851 puy.
1354 780 1408 834 467

226 885 288 938 444.
307 885 426 947 Quinam
444 884 532 956 possit
550 884 601 939 has
619 899 782 956 proponere,
795 888 825 938 et
841 883 979 955 quomodo
996 885 1067 939 fiant
1096 924 1282 942 .....
1318 885 1407 944 »468

227 992 289 1048 445.
307 992 449 1056 Quomodo
466 1010 531 1064 pars
550 993 725 1064 interrogata
744 991 928 1062 positionibus
946 995 996 1046 aut
1014 992 1282 1064 interrogationibus

334 1097 489 1152 satisfaciat
516 1135 1280 1151 ..................
1317 1113 1335 1156 »
1367 1097 1408 1152 ibi

227 1203 288 1259 446.
309 1203 349 1259 De
368 1203 464 1260 valore
483 1203 664 1260 consessionis
700 1241 1282 1258 ..............
1319 1205 1408 1263 »470

228 1311 289 1364 447.
309 1311 354 1364 An
373 1309 509 1364 confessio
526 1309 621 1365 valeat
638 1310 764 1365 revocari
786 1345 1283 1364 ............
1319 1323 1338 1368 »
1355 1309 1405 1367 471

227 1411 288 1466 448.
309 1412 370 1468 Non
389 1416 483 1483 potest
505 1413 630 1469 revocari
656 1417 802 1483 praetextu
828 1413 954 1468 defectus
975 1429 1120 1483 processus
1137 1410 1284 1478 iudicialis,

334 1518 400 1588 quia
413 1517 549 1573 confessio
562 1517 748 1588 praesumitur
761 1518 904 1572 continere
917 1516 1146 1572 resolidationem
1158 1521 1284 1571 actorum

334 1625 517 1693 iudicialium,
535 1642 607 1696 quae
626 1625 768 1695 pertinent
786 1625 820 1679 ad
839 1627 944 1680 bonum
962 1625 1102 1695 priuatum
1140 1665 1147 1678 .
1185 1665 1192 1678 .
1229 1664 1236 1677 .
1273 1663 1281 1679 .
1317 1639 1336 1682 »
1367 1625 1409 1680 ibi

229 1729 290 1788 4491
310 1729 408 1785 Potest
426 1728 540 1784 facilius
557 1729 715 1800 impugnari
736 1729 873 1784 confessio
892 1728 968 1784 edita
986 1745 1035 1800 per
1053 1733 1248 1798 procuratores
1277 1769 1283 1782 .
1321 1729 1411 1788 »472

228 1833 289 1888 450.
309 1833 494 1904 Frequentius
512 1833 647 1889 confessio
667 1839 710 1890 est
727 1833 881 1904 implicita.
918 1873 925 1888 .
963 1855 970 1885 ι
1007 1873 1280 1888 .......
1317 1849 1336 1893 »
1368 1833 1409 1888 ibi

227 1941 289 1994 451.
309 1942 354 1996 An
373 1941 509 1996 confessio
529 1941 615 2011 possit
634 1941 721 1996 scindi
740 1980 1280 1996 .............
1318 1958 1336 2002 »
1368 1942 1409 1997 ibi

228 2046 289 2099 452.
310 2044 350 2099 De
369 2045 542 2100 confessione
561 2043 766 2100 extraiudiciali
789 2084 1283 2101 ............
1320 2046 1410 2105 »473

227 2153 289 2209 453.
309 2154 349 2210 De
367 2154 541 2209 confessione
559 2153 695 2208 extraiud.
715 2152 911 2208 sacramentali
922 2192 1285 2211 .........
1320 2155 1411 2215 »474

698 2420 859 2477 TITULUS
882 2420 940 2476 Vll.

647 2599 690 2639 DE
719 2600 990 2640 lURBlURANDO.

229 2800 290 2856 454.
310 2800 414 2872 Agitur
431 2800 465 2856 de
486 2800 656 2868 iuramento,
675 2799 748 2870 quod
773 2803 816 2854 est
842 2799 992 2855 remedium
1016 2799 1110 2854 litium
1135 2799 1285 2869 expedien-

337 2905 435 2960 darum
473 2945 1241 2960 ..................
1273 2922 1338 2977 paq.
1358 2905 1411 2959 475

229 3011 291 3066 455.
311 3009 383 3064 Hinc
401 3009 586 3065 iuramentum
606 3013 649 3064 est
666 3010 796 3067 iudiciale
815 3014 845 3066 et
862 3011 1074 3067 extraiudiciale
1101 3049 1286 3065 .....
1321 3010 1411 3069 »476

230 3116 291 3171 456.
311 3114 530 3170 Extraiudiciale
548 3114 737 3170 voluntarium
757 3121 801 3173 eet
819 3118 926 3187 speeies
945 3118 1142 3172 transactionis
1161 3116 1287 3188 interpo-

337 3222 409 3277 sitae
428 3221 462 3275 ad
481 3221 560 3276 litem
580 3223 810 3291 praeveniendam
830 3262 1283 3279 ...........
1318 3237 1338 3281 »
1370 3224 1409 3279 ibi

230 3331 292 3385 457.
312 3329 384 3384 Hinc
396 3327 449 3383 hoc
462 3327 649 3408 iuramentum
668 3329 776 3399 regitur
789 3328 905 3399 regulis,
917 3346 989 3400 quae
1001 3331 1181 3388 moderantur
1198 3335 1288 3386 trans·

337 3434 475 3489 actionem
478 3473 1286 3493 ...................
1322 3437 1412 3496 »477

232 3539 294 3596 458.
313 3537 444 3595 iudiciale
462 3537 651 3593 voluntarium
664 3542 707 3594 est
719 3540 825 3609 species
838 3538 1034 3594 transactionis
1049 3540 1138 3597 initae
1155 3541 1190 3595 ad
1207 3541 1288 3598 litem

339 3649 395 3702 iam
414 3645 572 3702 inchoatam
592 3645 785 3712 definiendam,
798 3649 828 3700 et
842 3644 895 3700 hoc
913 3643 999 3701 habet
1017 3646 1071 3701 sibi
1089 3646 1241 3718 proprium,
1256 3651 1288 3702 ut

339 3755 485 3811 emittatur
503 3753 616 3823 praevio
635 3752 734 3818 iudicis
752 3753 871 3821 decreto,
891 3753 935 3807 cui
956 3754 1107 3823 parandum
1126 3759 1197 3809 est.
1235 3793 1242 3809 .
1277 3793 1285 3810 .
1322 3768 1340 3811 »
1372 3754 1412 3809 ibi

233 3860 296 3918 459.
315 3861 400 3916 ludex
419 3875 474 3914 non
492 3859 588 3926 debet,
607 3860 637 3914 in
659 3876 777 3929 genere,
796 3860 944 3916 admittere
969 3861 1155 3916 iuramentum
1181 3860 1288 3916 deciso·

337 3969 425 4036 rium,
444 3968 498 4021 nisi
516 3971 594 4022 actor
613 3985 691 4022 suam
716 3969 871 4036 actionem,
890 3985 955 4024 rens
972 3969 1166 4039 exceptionem
1190 3970 1290 4038 proba·

338 4075 416 4130 tione
434 4074 530 4146 aliqua
549 4075 604 4130 iam
623 4075 757 4130 munierit
792 4113 1287 4131 ............
1324 4075 1413 4135 »470

230 4181 292 4236 460.
312 4179 444 4236 iudiciale
469 4179 655 4235 necessarium
674 4196 722 4235 seu
741 4179 942 4250 suppletorium
968 4197 1023 4236 non
1048 4182 1173 4251 procedit
1191 4200 1208 4237 a
1226 4200 1289 4253 par·

338 4287 410 4341 tium
430 4285 621 4352 conventione,
641 4285 689 4340 sed
707 4303 724 4339 a
741 4285 855 4341 decreto
872 4286 971 4341 iudicis
983 4287 1018 4340 ad
1030 4288 1211 4358 supplendam
1228 4291 1289 4344 ino-

340 4394 414 4464 piam
434 4393 629 4464 probationum
654 4432 975 4449 ........
999 4365 1002 4372 ¹
1013 4435 1285 4451 .......
1322 4399 1412 4455 »480
