3350 5117
298 314 344 382 72
824 336 908 385 rans
933 338 955 385 1.

300 456 405 522 nerali
436 456 729 537 administratione;
753 463 900 545 speciale
923 468 972 529 est
995 464 1078 548 quod
1108 466 1259 528 versatur
1289 461 1379 526 circa
1409 478 1480 523 rem

301 588 429 649 cartam
452 589 485 649 ot
502 584 723 671 simularem,
741 594 819 673 puta
841 586 1033 655 beneficium
1048 588 1194 673 aliquod;
1211 588 1263 654 vel
1279 590 1376 653 etiam
1391 588 1482 653 circa

300 726 371 773 rem
387 707 642 784 determinatam,
660 711 754 797 plura
769 713 987 778 continentem
1010 709 1198 793 individua,¹
1211 711 1312 777 veluti
1335 730 1480 797 gregem.

301 832 361 897 Est
381 835 484 907 reale,
501 836 535 900 in
559 854 621 919 quo
646 836 853 903 contenditur
876 837 917 903 de
941 839 1011 904 iure
1035 838 1116 903 reali
1149 843 1182 903 et
1213 837 1253 902 de
1280 837 1352 903 iure
1374 837 1408 901 in
1424 856 1480 910 re,

300 978 332 1020 v.
357 977 388 1042 g.
412 955 453 1022 de
475 958 636 1029 dominio.
661 958 701 1024 de
731 962 912 1044 seroilotc5
934 961 1127 1045 personale,
1148 960 1180 1025 in
1209 980 1272 1046 quo
1299 959 1482 1045 disputatur

301 1080 341 1145 de
364 1082 435 1146 iure
458 1084 491 1147 in
515 1104 685 1168 personam
709 1106 766 1150 seu
788 1085 829 1150 ad
859 1106 946 1167 rem,
969 1085 1121 1151 videlicet
1147 1085 1187 1149 de
1214 1084 1407 1169 obligatione
1438 1103 1483 1148 ex

301 1211 469 1272 contractu
494 1207 546 1272 vel
570 1210 658 1292 quasi
683 1215 863 1282 contractu,
881 1230 923 1275 ex
946 1209 1063 1276 delicto
1087 1210 1140 1275 vel
1164 1210 1254 1294 quasi
1277 1208 1405 1289 delicto,
1428 1207 1483 1273 rel

300 1351 345 1397 ex
367 1331 433 1395 alia
456 1350 561 1397 causa.
581 1334 772 1409 -Quando
796 1334 994 1420 disceptatur
1010 1334 1050 1400 de
1066 1336 1266 1421 proprietate
1290 1334 1350 1415 rei,
1367 1354 1419 1400 ex.
1437 1354 1480 1419 g..

302 1456 437 1521 alicuius
461 1456 581 1531 domus,
606 1457 737 1541 praedii,
762 1462 818 1523 aut
842 1457 882 1524 de
905 1459 976 1524 iure
1008 1460 1116 1543 aliquo
1140 1459 1174 1523 in
1198 1459 1312 1524 revel
1341 1458 1383 1523 ad
1411 1477 1482 1522 rem

301 1579 418 1664 agitur,
435 1577 586 1644 iudicium
610 1584 745 1645 vocatur
763 1580 984 1663 petitorium.;
1002 1580 1251 1664 possessorium
1268 1600 1348 1645 vero
1365 1580 1393 1644 si
1409 1599 1481 1665 par·

300 1708 352 1769 tes
374 1702 570 1768 contendant
592 1703 633 1768 de
656 1704 723 1769 sola
747 1706 795 1769 rei
817 1706 1019 1789 possessione
1046 1705 1099 1768 vel
1128 1706 1209 1769 iuris
1235 1705 1328 1789 quasi
1354 1723 1481 1791 posses-

302 1828 392 1893 sione
414 1828 628 1913 adipiscenda
655 1828 833 1903 retinenda,
859 1828 1095 1913 recuperanda.

391 1954 443 2017 48.
470 1953 608 2019 Ratione
630 1952 765 2035 soranae
789 1952 943 2019 dividitur
958 1954 991 2017 in
1007 1946 1225 2018 ordinarium
1241 1974 1298 2018 seu
1312 1952 1462 2036 serenate
1469 1973 1485 2036 ;

302 2079 335 2141 et
358 2077 390 2141 in
414 2078 731 2144 contram-dinarium
755 2098 811 2144 sau
834 2077 1076 2143 sumozarium.
1101 2113 1145 2128 —
1169 2076 1292 2142 Iudicia
1323 2078 1407 2143 enirn
1433 2076 1485 2143 de

301 2198 380 2265 bent
402 2206 492 2266 certo
517 2204 581 2269 ritu
596 2224 652 2267 seu
669 2222 823 2287 processu
843 2204 966 2268 institui
990 2222 1028 2267 ac
1044 2204 1223 2268 terminari.
1242 2202 1331 2277 Quae
1349 2202 1390 2267 ad
1406 2222 1483 2287 pro-

302 2342 429 2390 cessum
452 2326 662 2391 ordinandum
688 2328 862 2413 pertinent,
887 2326 1043 2391 nonnulla
1070 2325 1337 2411 praescribuntur
1363 2346 1384 2390 a
1411 2328 1483 2392 iure

303 2450 448 2533 positivo,
466 2452 555 2516 iuxta
579 2454 773 2537 exigentiam
797 2452 876 2517 iuris
892 2451 1059 2521 naturalis,
1078 2456 1110 2515 et
1131 2456 1205 2516 sunt
1228 2472 1267 2515 ea
1286 2452 1395 2516 iudicii
1420 2430 1486 2518 ele

302 2578 420 2645 menta,
438 2576 623 2639 necessaria
645 2575 685 2639 ad
700 2576 778 2640 lacti
794 2578 1014 2660 quaestionem
1038 2575 1100 2640 rite
1123 2574 1333 2656 enodandam,
1347 2576 1427 2642 adeo
1450 2583 1486 2642 ut

303 2698 388 2779 quod
414 2720 505 2764 suum
534 2704 598 2780 est,
622 2700 794 2784 unicuique
821 2697 1083 2765 contendentium
1113 2698 1286 2765 tribuatur.
1312 2700 1384 2766 Hoc
1414 2703 1485 2767 iure

303 2832 479 2897 censentur
505 2826 659 2907 partium
688 2825 815 2901 citatio,
835 2823 1013 2907 probatio,
1037 2822 1199 2906 defensio.
1224 2824 1300 2889 Alia
1332 2843 1413 2888 vero
1444 2824 1485 2888 ad

303 2970 490 3039 processum
506 2949 711 3035 pertinentia.
729 2950 800 3011 iure
815 2947 950 3032 positivo
966 2945 1149 3010 introducta
1165 2949 1249 3017 sunt,
1262 2951 1297 3009 ut
1312 2965 1486 3030 processus

304 3078 468 3139 constaret
491 3092 557 3137 non
579 3069 795 3136 tantummodo
819 3070 1012 3135 necessariis
1029 3069 1190 3151 requisitis
1212 3067 1269 3131 sed
1294 3069 1388 3132 etiarn
1412 3068 1486 3151 qui-

303 3194 437 3261 busdam
460 3192 590 3258 utilibus
614 3193 797 3267 elementis;
823 3198 856 3256 et
878 3192 940 3256 hoc
961 3190 1128 3255 conforme
1145 3194 1193 3255 est
1210 3209 1318 3253 rerum
1337 3192 1485 3263 naturae,

304 3316 358 3381 cui
380 3314 535 3400 quaedam
559 3299 668 3380 insunt
689 3318 727 3377 ut
749 3312 800 3393 sil,
817 3312 882 3377 alia
905 3317 940 3377 ut
963 3310 1045 3378 bene
1068 3311 1118 3377 sit.
1137 3312 1187 3375 Ita
1203 3316 1294 3375 certa
1309 3311 1486 3393 assignatio

304 3442 516 3506 terminorum
547 3440 587 3505 ad
620 3438 803 3504 exhibenda
833 3444 920 3512 acta,
950 3439 1107 3523 quaedam
1138 3438 1325 3505 solemnitas
1355 3442 1487 3502 actuum

306 3564 500 3631 iudicialium
524 3562 659 3629 mirilico
683 3562 880 3651 respondent
895 3562 951 3627 fini
967 3562 1167 3628 iudiciorum.
1182 3598 1225 3611 -
1242 3564 1391 3626 Iamvero
1406 3560 1489 3654 iudi-

305 3692 390 3756 cium
413 3692 447 3754 in
470 3710 531 3775 quo
554 3692 728 3755 servantur
751 3709 862 3755 omnes
890 3690 969 3755 iuris
1000 3690 1127 3774 positivi
1156 3690 1431 3775 praescriptiones
1456 3693 1490 3755 et

216 3884 220 3891 .
306 3820 533 3891 solemnitates,
558 3817 675 3883 dicitur
698 3816 916 3883 ordinarium
939 3837 995 3882 seu
1026 3816 1186 3899 formale.
1211 3815 1295 3881 Illud
1321 3821 1429 3881 autem
1454 3816 1489 3878 in

306 3962 368 4027 quo
398 3948 571 4011 servantur
598 3926 816 4009 tantummodo
847 3942 927 4007 iuris
957 3942 1085 4026 positivi
1115 3942 1283 4024 requisita,
1308 3944 1426 4004 exacta
1448 3937 1490 4002 ad

306 4072 355 4136 ius
378 4067 534 4149 naturale,
558 4066 684 4150 aliaque
707 4066 1012 4151 praetermittuntur
1035 4084 1117 4149 quae
1133 4063 1275 4129 celerem
1298 4062 1364 4128 litis
1389 4080 1492 4146 expe·

305 4196 457 4263 ditionem
481 4192 658 4265 retardant,
684 4193 785 4277 magis
809 4190 966 4262 ordinata,
991 4195 1103 4274 suapte
1126 4194 1253 4260 natura,
1275 4188 1316 4252 ad
1339 4192 1490 4253 actorum

306 4318 556 4391 solemnitatem,
582 4318 699 4383 dicitur
722 4315 872 4381 iudicium
903 4314 1222 4381 extraordinarium
1252 4334 1310 4377 seu
1341 4331 1481 4377 summa-

304 4448 398 4513 rium.
415 4482 460 4495 -
474 4446 690 4530 Assignantur
704 4463 725 4508 a
742 4444 812 4509 iure
840 4461 955 4507 causae
971 4443 1005 4507 in
1021 4439 1134 4524 quibus
1157 4440 1331 4504 summarie
1350 4438 1485 4524 procedi
