3350 5117
340 304 406 371 108
876 324 960 372 raas
984 324 1006 371 1.

429 445 504 510 376.
523 445 600 511 (lum
624 444 803 511 huiusmodi
829 447 1011 511 iuramenta
1027 448 1204 512 inserviant
1220 446 1409 525 iudiciorum
1425 445 1508 510 ordi·

339 571 471 643 nationi,
491 568 639 652 sequitur
669 588 779 634 ornnes
810 588 979 653 personas,
1002 571 1051 635 ius
1081 569 1248 652 habentes,
1272 571 1341 635 sive
1366 581 1424 634 suo
1446 570 1514 634 sive

338 693 446 758 alieno
468 695 607 767 nomine,
633 694 737 759 standi
761 696 794 759 in
819 694 946 770 iudicio,
962 700 1030 762 tum
1054 714 1094 761 ea
1117 697 1252 780 exigere
1274 712 1377 780 posse,
1394 698 1460 758 tum
1476 713 1515 757 ea

339 819 366 881 si
390 806 576 902 exigantun
598 821 745 883 emittere
769 818 901 891 debere,
926 822 971 884 ita
999 824 1034 885 ut
1056 838 1132 903 cup.
1157 820 1190 901 7,
1214 820 1237 903 ἓ
1259 821 1276 884 1
1300 820 1331 883 h.
1357 825 1377 884 t.
1402 820 1438 884 X
1457 824 1517 883 sta-

339 946 421 1007 tuat:
448 961 465 1005 c
484 944 594 1007 Poena
616 961 695 1007 vere
712 943 894 1007 recusantis
911 942 974 1007 hoc
989 942 1204 1008 iuramentum
1221 944 1292 1023 (seu
1311 941 1514 1023 calumniae,

337 1063 498 1137 ueritatis,
522 1063 685 1149 malitiae)
702 1062 757 1149 (l).
777 1084 851 1129 curn
868 1063 1097 1149 praestandum
1112 1064 1221 1137 fuerit.
1239 1070 1289 1129 est
1310 1071 1347 1131 ut
1368 1071 1462 1130 actor
1475 1063 1515 1129 ab

340 1191 485 1255 instituta
509 1190 602 1255 cadat
624 1191 760 1263 actione,
776 1210 854 1256 reus
878 1211 958 1256 vero
981 1190 1096 1257 haberi
1111 1190 1227 1255 debeat
1240 1210 1299 1276 pro
1319 1168 1470 1256 confesso
1485 1212 1517 1253 a.

340 1316 432 1380 Haec
455 1312 617 1399 dispositio
642 1319 690 1379 est
706 1316 938 1399 consequentia
960 1317 1145 1381 necessaria
1168 1316 1353 1381 intentionis
1376 1315 1460 1401 legis
1475 1316 1521 1381 iu·

341 1440 520 1501 ramentum
544 1437 734 1522 imponentis
757 1436 814 1522 (2).

428 1562 629 1629 Advertatur
645 1565 862 1630 iuramentum
877 1569 1047 1650 praestare
1062 1564 1182 1631 debere
1205 1585 1270 1630 non
1287 1570 1412 1631 tantum
1428 1566 1518 1651 prin·

339 1688 459 1773 <ripales
481 1708 646 1773 personas,
660 1688 716 1755 sed
740 1692 835 1755 etiarn
861 1710 975 1755 eorum
998 1696 1240 1775 procuratores,
1253 1691 1306 1774 qui
1323 1690 1381 1755 sub
1397 1688 1517 1775 duplici

339 1818 473 1897 aspectu
496 1814 559 1877 hoc
581 1815 730 1880 emittere
753 1815 881 1890 valent;
899 1835 956 1880 seu
972 1816 1005 1879 in
1021 1816 1176 1880 animam
1190 1835 1299 1888 auam.
1314 1835 1383 1901 arg.
1400 1834 1477 1899 cap.
1494 1814 1519 1881 3

341 1934 371 2001 h.
396 1939 416 1998 t.
432 1934 473 2014 X,
496 1932 683 2019 profitentes
706 1956 741 2001 se
764 1936 833 2000 sine
857 1935 974 2000 fraude
990 1934 1130 2002 officium
1154 1957 1246 2002 suum
1269 1936 1519 2022 adimpleturos;

340 2068 407 2127 turn
430 2062 467 2127 ia
490 2062 643 2127 animant
674 2063 912 2144 constituentia,
936 2064 1027 2129 cuius
1057 2063 1207 2128 mandato
1232 2064 1309 2129 illud
1336 2066 1518 2149 proferunt.

291 2236 294 2243 .
341 2188 383 2252 Et
407 2206 521 2272 reapse
537 2192 728 2272 procurator
744 2186 784 2251 ad
800 2191 973 2271 utrumque
989 2188 1206 2252 iuramentum
1222 2186 1430 2253 emittendum
1446 2190 1516 2274 cogi

341 2314 454 2396 potest.

431 2435 631 2500 Procurator
658 2454 738 2499 vero
763 2440 796 2499 ut
819 2434 857 2499 in
885 2434 1039 2499 anianum
1063 2436 1148 2499 iuret
1171 2435 1411 2517 constipante,
1436 2436 1517 2502 indi-

431 2626 469 2699 (1)
485 2628 524 2682 Ex
538 2647 597 2698 cap.
613 2629 626 2681 1
645 2630 669 2681 h.
684 2638 702 2681 t.
718 2629 747 2681 X
765 2632 842 2696 patet
856 2628 1010 2698 antiquitus
1024 2627 1172 2697 Episcopus
1184 2633 1214 2682 et
1226 2627 1343 2681 clericos
1355 2643 1453 2682 omnes
1465 2597 1517 2681 non

340 2734 480 2805 obligatos
505 2735 589 2789 luisse
612 2734 664 2788 hoc
690 2734 875 2789 iuramentum
896 2738 1047 2802 praestare,
1067 2750 1146 2803 posse
1170 2750 1237 2788 vero
1256 2733 1320 2787 aliis
1344 2737 1517 2789 committere

341 2842 550 2911 praestandum
578 2859 626 2910 per
645 2858 674 2895 se
700 2843 774 2910 ipsos
796 2857 862 2895 vero
882 2841 999 2896 clericos
1024 2857 1079 2895 non
1099 2857 1187 2910 posse,
1203 2841 1362 2895 inconsulto
1384 2842 1518 2911 Episcopo

342 2951 497 3015 praestare,
518 2946 666 3015 Episcopos
685 2961 751 2999 vero
771 2944 931 2999 inconsulto
952 2945 1077 2999 Romano
1096 2946 1240 2999 Pontifice.
1260 2945 1318 2998 Hoc
1337 2946 1518 3000 constitutum

339 3056 401 3107 erat
420 3032 520 3121 partini
541 3055 569 3105 in
594 3053 758 3121 dignitatem
778 3053 883 3107 ordinis
902 3052 1056 3119 clericalis,
1076 3053 1178 3122 partim
1197 3052 1232 3106 ad
1251 3053 1400 3107 arcendum
1426 3071 1443 3106 a
1462 3052 1518 3107 cle·

341 3160 406 3213 ricis
425 3161 577 3228 periculum
597 3160 719 3229 periurii,
733 3161 811 3213 cuius
830 3160 915 3213 etiam
935 3159 994 3213 sola
1013 3160 1134 3229 suspicio
1153 3175 1284 3227 magnum
1304 3161 1332 3213 in
1352 3160 1456 3229 populo
1474 3176 1520 3228 pe·

341 3267 458 3337 perisset
476 3266 644 3320 scandalum.
661 3267 764 3321 Verum
784 3266 887 3319 Lucius
908 3265 942 3319 lIl
962 3266 990 3318 in
1011 3284 1070 3335 cap.
1087 3268 1147 3318 5lr.
1165 3275 1181 3317 t.
1197 3266 1239 3332 X,
1260 3269 1363 3335 «quin,
1380 3266 1429 3332 ait,
1442 3269 1518 3319 nouis

339 3374 443 3425 morbis
461 3388 533 3425 nora
546 3373 671 3425 conuenit
684 3372 807 3424 antidota
819 3372 1032 3439 praeparari»,
1051 3369 1200 3437 abrogavit
1219 3369 1310 3439 legem
1325 3389 1347 3423 c.
1362 3370 1385 3435 1,
1403 3370 1432 3424 a.
1445 3380 1463 3422 t.
1480 3368 1519 3434 X,-

342 3482 370 3531 et
389 3478 418 3531 iu
437 3496 495 3548 cop.
515 3479 564 3530 ull.
583 3480 609 3531 lt.
630 3487 647 3530 t.
670 3478 699 3530 X
717 3492 848 3545 expresse
874 3474 927 3528 hoc
953 3477 1038 3529 etiam
1057 3476 1193 3529 statuitur
1217 3475 1250 3530 de
1274 3475 1427 3544 Episcopia,
1452 3490 1519 3546 quoa

341 3584 500 3639 decernitur
519 3585 610 3637 iurare
628 3574 683 3637 nou
704 3582 786 3637 tactis
812 3582 858 3636 sed
880 3582 1028 3651 propositis
1047 3581 1217 3649 Euangeliis,
1236 3582 1289 3634 nisi
1314 3581 1455 3651 elegerint
1472 3596 1520 3651 per

341 3694 548 3759 procuratorem
567 3690 689 3758 litigare,
708 3688 780 3759 quod
800 3704 868 3742 sane
888 3688 1038 3757 Episcopus
1056 3687 1147 3755 magis
1165 3687 1253 3741 decet.

431 3798 470 3865 (2)
490 3800 533 3849 An
553 3794 691 3850 recusatio
710 3794 858 3849 iuramenti
878 3794 1004 3848 eratione
1022 3794 1190 3847 secumlerat
1208 3809 1318 3862 semper
1336 3793 1440 3847 dictam
1454 3810 1520 3863 poe-

341 3901 628 3967 nam‚n0n·convenit
647 3900 719 3969 apud
740 3899 803 3964 Du,
823 3903 855 3952 ut
873 3898 969 3953 videre
988 3899 1078 3953 estin
1098 3898 1266 3967 Schmalzgr.
1286 3902 1313 3953 t.
1334 3910 1352 3954 t.
1365 3918 1392 3952 aa
1408 3902 1455 3953 15.
1470 3900 1521 3954 Sed

341 4008 460 4063 tenenda
479 4013 521 4062 est
539 4008 679 4062 sententie
704 4008 831 4061 tribuens
851 4005 923 4060 hauc
946 4023 1063 4076 poenam
1081 4005 1136 4060 hoc
1160 4007 1345 4063 iuramentum
1365 4010 1521 4072 recusanti;

341 4113 467 4183 quamvis
484 4130 519 4167 en
537 4112 674 4165 adiunctis
693 4129 773 4165 casus
787 4112 848 4166 fieri
869 4113 1006 4191 possitut
1024 4112 1152 4180 legitima
1164 4111 1254 4166 subsit
1273 4129 1356 4166 causa
1374 4081 1519 4167 recusandi

340 4217 394 4271 hoc
412 4219 597 4273 iuramentum
617 4220 661 4273 rel
686 4219 797 4273 aliunde
824 4220 963 4273 recusatio
988 4218 1128 4287 significet
1152 4234 1207 4272 uon
1231 4218 1333 4272 malam
1352 4219 1435 4273 tidem
1461 4218 1519 4273 titi-

341 4329 448 4400 gantis,
468 4327 513 4381 sed
539 4326 642 4396 aliquid
668 4326 756 4387 aliud,
783 4326 856 4396 quod
882 4326 1007 4381 accidere
1031 4330 1123 4395 potest
1148 4326 1176 4378 in
1205 4330 1307 4394 negata
1332 4327 1519 4395 praestatione

341 4438 474 4509 cuiusque
494 4436 651 4489 iuramenti.
