3350 5117
532 357 575 403 DE
600 356 739 404 luulclls
762 356 1027 405 acccustssrlffls
1300 340 1366 405 587

193 480 317 549 iudicis
339 484 491 570 lepitima
512 503 618 567 super
639 503 679 550 rc
701 504 723 548 u
747 482 955 569 titipootibus
973 484 1154 567 proposita
1170 504 1200 549 a.
1227 484 1369 549 Proinde

189 608 259 675 eius
282 608 437 692 requisita
459 606 644 674 intrinseca
667 612 758 673 sunt:

280 727 313 813 1)
336 734 372 795 ut
394 749 414 794 a
437 728 542 795 iudice
565 732 768 815 competente
792 729 952 797 edicatur:

279 852 314 940 2)
338 860 374 920 ut
397 856 439 921 sit
461 852 603 920 definitio
635 834 877 920 controversiae
906 874 963 920 seu
993 853 1083 919 iusta
1114 859 1234 919 elnon
1265 851 1369 919 dubio

193 976 313 1043 decisio
336 980 542 1063 quaestionis,
568 979 827 1046 accommodata
854 976 963 1045 libello
987 998 1043 1044 seu
1062 978 1218 1061 petitioni
1240 978 1369 1063 litigan-

191 1104 281 1168 tium.
298 1138 341 1153 ·-
359 1103 559 1187 Requisitum
583 1104 813 1170 ectrinsccum
836 1112 886 1169 est
909 1109 943 1168 ut
958 1104 1145 1189 proferatur
1161 1104 1252 1170 iuxta
1268 1103 1370 1189 lepidi·

189 1246 283 1293 mam
305 1227 458 1310 formam
480 1249 661 1314 processus.

278 1352 355 1417 604.
382 1352 433 1418 Ad
457 1354 596 1438 primum
613 1354 813 1437 requisitum,
831 1353 989 1438 quomodo
1013 1373 1128 1438 nempe
1151 1352 1249 1417 iudex
1263 1371 1373 1417 neces-

193 1477 312 1540 sariam
335 1478 545 1543 nanciscatur
576 1477 833 1562 competentiam,
857 1474 1055 1542 sufficienter
1085 1478 1290 1560 exposuimus
1313 1496 1370 1540 suo

189 1600 273 1665 loco.
298 1586 515 1675 Quamobrem
539 1602 718 1668 sententiae
734 1604 952 1686 pronuntiatio
976 1612 1025 1667 est
1048 1602 1199 1666 solemnis
1216 1600 1371 1665 iudicialis

192 1727 394 1791 auctoritatis
419 1728 610 1793 exercitatio
636 1732 669 1791 et
692 1728 869 1812 expressio.
895 1726 1020 1792 Verum
1044 1728 1118 1811 quia
1140 1726 1237 1791 iudex
1253 1732 1302 1791 est
1317 1728 1371 1791 ali-

191 1852 319 1936 quaudo
348 1872 489 1939 persona
519 1854 651 1919 moralis
682 1875 739 1919 sen
766 1854 909 1920 tribuual
940 1860 989 1919 est
1019 1854 1204 1939 collegiale,
1229 1854 1371 1939 pressius

196 1975 475 2043 determinandum
499 1984 556 2050 est,
575 1978 735 2062 quomodo
749 1978 887 2044 iudicum
912 1979 1083 2064 collegium
1098 1996 1189 2044 suam
1210 1980 1372 2062 exprimat

192 2102 396 2165 sententiam.
422 2102 571 2166 lamvero

284 2222 316 2303 l)
335 2220 407 2287 Hac
429 2224 463 2286 in
487 2241 525 2288 re
548 2224 617 2287 sive
633 2222 784 2308 delegati,
802 2225 871 2287 sive
887 2222 1042 2287 ordinarii
1061 2224 1125 2289 sint
1141 2223 1270 2295 iudices,
1287 2226 1372 2309 prin·

195 2349 314 2433 cipium
338 2338 492 2434 generale
516 2354 574 2422 est,
598 2348 720 2414 attendi
742 2350 957 2415 maioritatem
980 2356 1137 2421 votorum,
1163 2355 1197 2416 et
1209 2348 1250 2413 ab
1274 2351 1371 2414 omni-

195 2472 255 2539 bus
280 2473 419 2539 edictum
443 2476 580 2557 censeri,
598 2474 681 2558 quod
698 2494 718 2539 a
733 2476 847 2540 maiori
866 2480 958 2561 parte
974 2474 1113 2540 edictum
1129 2479 1193 2551 est;
1210 2494 1253 2540 ax
1268 2477 1288 2541 l.
1310 2472 1369 2550 33,

194 2601 231 2682 ff.
254 2598 306 2666 De
327 2619 367 2665 re
388 2600 548 2666 iudicata.

282 2722 317 2806 2)
337 2722 369 2789 Si
386 2722 448 2787 duo
465 2724 531 2789 sint
546 2721 668 2787 iudices
684 2722 839 2787 ordinarii
855 2726 911 2787 aut
926 2721 1064 2807 delegati
1078 2725 1134 2788 aut
1148 2722 1274 2804 arbitri,
1287 2724 1371 2807 iique

202 2844 397 2929 aequalitate
419 2841 646 2929 suffragiorum
669 2844 867 2911 indiversus
889 2844 1007 2910 abeant
1029 2847 1214 2917 sententias,
1231 2864 1306 2928 cop.
1322 2845 1372 2909 26

194 2970 246 3037 De
268 2975 351 3043 seat,
377 2976 407 3035 et
430 2989 470 3035 re
492 2971 574 3046 iud,
591 2971 626 3035 X
639 2969 696 3052 (ll,
711 2968 769 3053 27)
785 2970 947 3035 decernit:
967 2990 985 3033 ‹
1003 2969 1130 3035 Duobus
1147 2968 1302 3035 iudicibus
1326 2967 1372 3055 (ut

192 3091 389 3176 accepimus)
413 3091 558 3156 diversas
581 3093 762 3156 sententias
785 3091 1034 3176 proferentibus,
1053 3092 1078 3155 sl
1097 3111 1139 3156 ex
1155 3091 1373 3157 iurisdictione

191 3217 376 3283 ordinaria
391 3224 630 3303 processerunt,
655 3221 745 3283 tenet
767 3238 827 3303 pro
850 3237 920 3299 reo,
945 3238 1008 3282 non
1032 3238 1091 3304 pro
1115 3223 1228 3284 actore
1247 3223 1372 3283 senten-

190 3342 245 3414 tia,
262 3341 325 3405 nisi
349 3341 382 3405 in
406 3359 504 3405 causa
519 3340 700 3414 favorabili,
718 3347 795 3427 puta
817 3341 1034 3413 matrimonio,
1051 3339 1210 3413 libertate,
1227 3339 1298 3407 dote
1315 3358 1372 3405 seu

192 3469 395 3545 testamenta,
426 3484 485 3550 pro
515 3466 584 3549 ipso
611 3464 711 3530 fucrit
739 3465 952 3551 promulgata.
984 3464 1017 3531 Si
1048 3485 1128 3530 vero
1151 3484 1193 3529 ex
1217 3465 1372 3551 delepata

191 3592 359 3674 potestate,
376 3593 514 3671 utraque
529 3587 648 3672 pendet
670 3590 830 3653 sententia
846 3610 889 3654 ox
912 3588 1047 3656 arbitrio
1071 3587 1258 3673 delegantis.
1280 3587 1371 3663 Quod

191 3710 219 3777 si
239 3729 283 3775 ex
298 3710 537 3794 compromisso,
553 3714 671 3774 neutra
694 3709 790 3775 debat
810 3710 933 3776 habere
949 3712 1094 3796 vigorem
1107 3732 1138 3774 ».
1155 3710 1236 3776 Nam
1259 3708 1371 3775 iudicis

192 3834 349 3901 ordinarii
373 3839 564 3920 potestatem
580 3834 704 3900 habent
725 3836 762 3901 iu
777 3837 925 3903 solidum
932 3856 947 3919 ;
959 3856 1025 3919 pro
1037 3842 1140 3919 purte
1155 3855 1235 3901 voro
1251 3835 1371 3901 iudices

196 3958 345 4044 delegati,
376 3959 438 4023 nisi
470 3960 670 4024 contrarium
703 3979 858 4045 expresse
886 3959 1026 4035 dicatum
1057 3960 1133 4027 item
1165 3959 1279 4025 arbitri
1303 3960 1371 4025 sive

195 4086 283 4152 iura
305 4087 374 4151 sive
397 4086 697 4169 compromissarii.

285 4209 318 4293 3)
331 4211 370 4275 In
393 4209 546 4275 tribunali
563 4210 722 4296 collegiali
746 4212 906 4276 sententia
928 4210 994 4275 lata
1016 4231 1036 4275 a
1052 4210 1198 4295 pluribus
1216 4209 1372 4275 iudicibus

192 4334 366 4421 deleputis,
390 4354 525 4419 quorum
543 4355 626 4400 unus
649 4334 879 4408 iurisdictione,
897 4354 949 4400 ax.
970 4355 1020 4420 gr.
1037 4334 1078 4403 ob
1101 4334 1371 4402 eoeeommunica·

193 4458 319 4527 tionem
342 4458 487 4544 privatus
510 4460 561 4541 sit,
585 4459 746 4525 sententia
770 4458 862 4524 nulla
884 4464 949 4535 est;
974 4478 1017 4524 ex
1039 4476 1115 4543 cup.
1138 4456 1197 4533 24,
1214 4459 1265 4526 De
1287 4464 1369 4525 sent.
