3350 5117
308 335 375 400 302
832 352 917 398 raus
941 351 963 398 1.

391 469 489 556 ¹Haec
507 470 667 538 distinctio
683 473 769 537 inter
785 471 863 536 istas
878 472 1023 536 actiones
1047 474 1081 547 et
1103 471 1292 556 genoricum
1308 466 1490 534 remedium

307 596 527 664 restitutionis
548 597 587 663 in
607 597 780 684 inteqrum
810 597 947 663 obtinuit
980 597 1077 661 etiam
1111 596 1183 662 iure
1217 615 1301 668 can..
1325 613 1399 660 cum
1422 593 1488 656 iam

309 718 485 787 haberetur
501 722 572 785 iure
594 740 675 786 rom.
700 719 740 785 ob
764 719 936 806 specialem
959 731 992 786 et
1014 719 1227 784 vehementer
1250 715 1489 805 reprobandam

307 842 372 908 doli
396 849 429 909 et
450 849 554 910 metus
576 843 740 918 malitiam,
765 843 909 928 aliosque
933 847 1168 926 consequentes
1198 840 1381 927 peculiares
1409 835 1489 905 ede-

308 975 388 1034 ctus.
413 968 572 1053 Siquidem
595 972 680 1036 actio
703 971 902 1042 rescissoria,
919 974 1025 1035 metus
1048 975 1083 1036 et
1105 967 1169 1034 doli
1200 987 1309 1041 causa,
1332 967 1491 1052 competit

209 1148 213 1156 .
309 1113 352 1159 ex
372 1097 439 1181 ipso
454 1095 607 1160 naturali
629 1095 714 1176 iure,
732 1100 765 1162 et
784 1095 903 1180 partim
927 1098 978 1159 est
1000 1093 1162 1179 poenalis3
1178 1091 1262 1156 aliae
1277 1091 1422 1159 actiones
1437 1110 1491 1155 re·

308 1223 477 1287 scissoriae
501 1223 680 1288 consistunt
701 1222 778 1287 iure
800 1219 900 1288 civiti.
926 1219 973 1286 Cf.
1000 1218 1209 1302 D’Annibale,
1235 1219 1282 1292 ΙΙ,
1299 1217 1374 1283 420
1395 1221 1430 1283 et
1445 1217 1489 1281 cl.

310 1345 464 1431 Ruggeri‚
491 1343 543 1410 De
565 1345 700 1432 obliqui.
726 1366 752 1411 c.
776 1344 814 1430 2,
839 1346 862 1428 5
886 1343 919 1410 8.
944 1343 1049 1410 Hodie
1072 1344 1264 1428 praesertim
1291 1343 1365 1407 foro
1388 1342 1490 1416 civili,

308 1468 413 1551 potius
427 1473 602 1552 usurpatur
616 1465 748 1532 brevior
763 1468 883 1534 locutio
906 1468 1043 1534 actionis
1058 1466 1285 1546 rescissoriue,
1298 1485 1395 1550 quarn
1410 1482 1490 1550 pro·

307 1596 406 1661 lixior
427 1597 647 1664 restitutionis
669 1597 707 1662 in
722 1596 905 1683 intumum,
922 1595 1068 1680 apprime
1083 1593 1233 1658 distincti
1255 1593 1384 1658 actione
1399 1591 1491 1656 civili

307 1721 349 1786 ad
364 1721 604 1788 indemnitatem
621 1722 661 1788 ab
677 1723 804 1789 actione
820 1721 948 1808 poenali
963 1721 1006 1789 ob
1021 1721 1139 1787 dotum
1160 1726 1194 1787 et
1208 1726 1350 1804 metum;
1367 1724 1402 1786 et
1423 1720 1493 1786 hoc

308 1845 430 1910 utiliter
444 1852 595 1911 servatur
618 1845 715 1910 etiam
737 1846 770 1909 in
794 1845 867 1909 foro
890 1844 1122 1910 ecclesiastico.

574 2058 596 2140 5
620 2059 650 2123 2.
668 2057 718 2124 De
740 2058 777 2122 in
800 2057 972 2144 inteqrurn
996 2056 1214 2123 restitutione.

643 2202 693 2244 lluc
708 2200 793 2243 reserat
808 2201 844 2243 tit.
859 2200 894 2254 tt,
906 2201 937 2255 x,
948 2201 967 2254 1,
982 2205 1007 2242 et
1019 2200 1047 2242 25
1061 2200 1086 2242 in
1099 2201 1121 2252 e,
1135 2200 1156 2244 I.

308 2353 524 2414 Summanum.
544 2387 579 2400 -
603 2359 663 2413 268.
684 2359 789 2420 Quibus
814 2358 983 2414 concedatur
1006 2362 1037 2413 et
1054 2357 1121 2430 quid
1138 2355 1177 2411 sit
1201 2355 1354 2412 remedium
1372 2357 1492 2413 restitu-

400 2465 483 2518 tionis
502 2465 529 2518 in
550 2465 814 2534 integrum-269.
828 2466 889 2527 Qua
907 2465 941 2520 de
960 2479 1045 2518 causa
1064 2462 1356 2518 concedmus-270.
1369 2463 1492 2524 Quinam

398 2571 435 2625 sit
454 2571 513 2626 eius
531 2573 701 2626 effectus·
713 2571 774 2626 271.
793 2573 822 2626 Si
836 2589 900 2626 cum
919 2572 1042 2628 remedio
1061 2573 1287 2626 entraordinario
1301 2571 1493 2626 restitutionis

398 2679 426 2731 in
445 2679 586 2748 integrum
605 2683 753 2733 concurret
771 2678 924 2735 remedium
943 2679 1127 2745 ordinarium,
1147 2679 1200 2732 hoc
1222 2678 1427 2734 concedendum
1446 2683 1493 2734 sst

398 2802 453 2840 non
471 2785 556 2853 aliud,
574 2787 698 2856 exceptis
717 2786 989 2856 minoribus,quibns
1003 2785 1116 2854 prodest
1133 2785 1394 2853 extraordinarium,
1409 2793 1490 2856 post·

398 2892 494 2947 habito
512 2892 661 2958 ordinario,
674 2892 696 2946 si
715 2890 785 2945 illud
804 2891 843 2946 sit
861 2891 950 2961 magis
965 2894 1081 2961 pinque.
1100 2917 1136 2931 -
1154 2891 1216 2944 272.
1235 2889 1354 2951 Quinam
1372 2891 1491 2946 veniant

397 2999 509 3056 nomine
528 3001 674 3054 minorum.
693 3029 727 3042 -
752 2999 814 3053 273.
832 2999 974 3060 Quomodo
992 2997 1187 3054 beneficiarius
1206 2997 1240 3053 de
1259 2998 1366 3052 iuribus
1384 2999 1494 3053 benefi-

397 3104 515 3159 cialibus
533 3103 586 3159 hoc
605 3104 756 3160 remedium
770 3104 901 3158 invocare
915 3108 1063 3172 competet
1077 3133 1112 3146 -
1131 3104 1192 3158 274.
1213 3105 1256 3157 An
1276 3103 1329 3158 hoc
1347 3107 1493 3173 competat

397 3212 497 3266 minori
510 3229 559 3267 seu
578 3211 755 3282 privilegiato
774 3209 907 3265 adversus
927 3210 1014 3264 atium
1036 3211 1172 3265 minorem
1193 3226 1243 3264 seu
1262 3210 1484 3280 privilegiatum.

398 3345 432 3359 —
457 3318 518 3371 275.
539 3317 625 3371 Datur
643 3317 859 3387 quadriennium
878 3315 947 3370 utile
966 3330 1015 3383 pro
1035 3314 1087 3369 boc
1105 3314 1280 3385 implorando
1297 3314 1429 3370 remedio.
1448 3343 1488 3358 -

397 3423 459 3477 276.
480 3421 583 3476 Contra
607 3421 715 3490 lapsum
741 3421 874 3490 temporis
893 3437 947 3474 uon
972 3421 1054 3474 datur
1071 3423 1208 3476 restitutio
1230 3421 1260 3473 iu
1279 3421 1430 3493 inteqrum.
1450 3449 1487 3463 -

398 3525 459 3578 277.
478 3525 592 3586 Quando
611 3523 680 3580 haec
698 3528 838 3594 competat
857 3526 942 3578 etiam
961 3530 1056 3580 aetate
1075 3524 1234 3579 maioribus
1249 3552 1287 3567 -
1298 3524 1360 3578 278.
1374 3524 1494 3586 Quando

398 3628 514 3698 incipiat
532 3629 679 3684 decurrere
699 3634 806 3700 tempus
824 3629 999 3700 quadriennii
1020 3645 1070 3699 pro
1089 3629 1296 3683 maioribus·
1308 3629 1370 3684 279.
1384 3629 1429 3684 Ad
1446 3628 1489 3682 al-

398 3734 545 3804 legandam
564 3736 723 3790 nullitatem
736 3737 913 3805 professionis
932 3735 1080 3806 religiosae
1098 3735 1181 3790 datur
1193 3737 1427 3806 quinquennium:
1445 3753 1484 3790 au

398 3848 497 3897 contre
509 3842 616 3913 lapsum
629 3843 810 3915 quinquennii
823 3844 905 3897 detur
916 3843 1060 3898 restitutio
1073 3842 1102 3896 in
1117 3843 1267 3912 integrum.
1279 3843 1387 3898 -28Q
1403 3843 1494 3898 untur

399 3952 530 4007 adversus
554 3955 714 4006 uetustum
739 3951 891 4020 iudiciales,
917 3958 976 4006 tum
1001 3951 1236 4017 extraiudiciales,
1254 3951 1403 4007 dummodo
1427 3951 1494 4007 dolo

398 4059 536 4112 commissi
561 4075 617 4112 nou
641 4058 698 4113 sint
721 4059 756 4113 sb
775 4075 809 4114 eo
827 4059 875 4130 qui
894 4061 966 4130 petit
990 4059 1208 4115 restitutionem.
1229 4087 1265 4100 -
1283 4059 1346 4114 281.
1365 4057 1488 4120 Quinem

398 4163 480 4219 iudex
498 4165 536 4218 sit
554 4170 714 4234 competens
732 4165 761 4218 in
779 4181 864 4220 causa
882 4168 1073 4221 restinctionis.

399 4323 475 4390 268.
493 4326 569 4391 Iure
593 4343 675 4405 can,
692 4325 853 4410 aequitate
869 4325 1032 4410 exigente,
1049 4329 1161 4391 certae
1176 4343 1335 4410 personae
1357 4323 1400 4390 ob
1415 4343 1494 4391 con-

308 4446 461 4513 ditionem
490 4447 604 4513 aetatis
634 4452 730 4531 atque
757 4445 796 4511 ob
823 4447 904 4513 alias
927 4447 1023 4513 huius
1046 4450 1177 4534 generis
1203 4467 1318 4514 causas
1344 4447 1494 4516 obtinent
