<?xml version="1.0" encoding="UTF-8"?>
<!DOCTYPE html PUBLIC "-//W3C//DTD XHTML 1.0 Transitional//EN"
    "http://www.w3.org/TR/xhtml1/DTD/xhtml1-transitional.dtd">
<html xmlns="http://www.w3.org/1999/xhtml" xml:lang="en" lang="en">
 <head>
  <title>
</title>
<meta http-equiv="Content-Type" content="text/html;charset=utf-8" />
  <meta name='ocr-system' content='tesseract 3.04.00' />
  <meta name='ocr-capabilities' content='ocr_page ocr_carea ocr_par ocr_line ocrx_word'/>
</head>
<body>
  <div class='ocr_page' id='page_1' title='image "./praelectionesin01legagoog_0647.png"; bbox 0 0 3350 5117; ppageno 0'>
   <div class='ocr_carea' id='block_1_1' title="bbox 563 335 1399 410">
    <p class='ocr_par' dir='ltr' id='par_1_1' title="bbox 563 335 1399 410">
     <span class='ocr_line' id='line_1_1' title="bbox 563 335 1399 410; baseline -0.007 0"><span class='ocrx_word' id='word_1_1' title='bbox 563 364 607 410; x_wconf 80' lang='lat' dir='ltr'>DE</span> <span class='ocrx_word' id='word_1_2' title='bbox 632 362 769 410; x_wconf 84' lang='lat' dir='ltr'>IUDlGllS</span> <span class='ocrx_word' id='word_1_3' title='bbox 793 359 1058 408; x_wconf 73' lang='lat' dir='ltr'>nccunsmsrrcls</span> <span class='ocrx_word' id='word_1_4' title='bbox 1331 335 1399 404; x_wconf 81' lang='grc'>645</span> 
     </span>
    </p>
   </div>
   <div class='ocr_carea' id='block_1_2' title="bbox 218 480 1401 1692">
    <p class='ocr_par' dir='ltr' id='par_1_2' title="bbox 218 480 1401 1692">
     <span class='ocr_line' id='line_1_2' title="bbox 218 480 1397 572; baseline -0.007 -18"><span class='ocrx_word' id='word_1_5' title='bbox 218 487 362 554; x_wconf 85' lang='lat' dir='ltr'>definitio</span> <span class='ocrx_word' id='word_1_6' title='bbox 379 507 495 554; x_wconf 89' lang='lat' dir='ltr'>causae</span> <span class='ocrx_word' id='word_1_7' title='bbox 510 485 707 572; x_wconf 86' lang='lat' dir='ltr'>principalis,</span> <span class='ocrx_word' id='word_1_8' title='bbox 724 505 766 549; x_wconf 93' lang='lat' dir='ltr'>ne</span> <span class='ocrx_word' id='word_1_9' title='bbox 779 483 896 550; x_wconf 89' lang='lat' dir='ltr'>diutius</span> <span class='ocrx_word' id='word_1_10' title='bbox 908 480 1037 549; x_wconf 88' lang='lat' dir='ltr'>differat</span> <span class='ocrx_word' id='word_1_11' title='bbox 1048 483 1156 548; x_wconf 90' lang='lat' dir='ltr'>iudicii</span> <span class='ocrx_word' id='word_1_12' title='bbox 1169 480 1397 561; x_wconf 83' lang='lat' dir='ltr'>definitionem,</span> 
     </span>
     <span class='ocr_line' id='line_1_3' title="bbox 220 603 1400 696; baseline -0.005 -16"><span class='ocrx_word' id='word_1_13' title='bbox 220 603 411 680; x_wconf 83' lang='lat' dir='ltr'>sententiam</span> <span class='ocrx_word' id='word_1_14' title='bbox 436 610 632 680; x_wconf 84' lang='lat' dir='ltr'>definitivam</span> <span class='ocrx_word' id='word_1_15' title='bbox 647 611 866 696; x_wconf 79' lang='lat' dir='ltr'>pronunciare</span> <span class='ocrx_word' id='word_1_16' title='bbox 882 614 994 694; x_wconf 86' lang='lat' dir='ltr'>potest,</span> <span class='ocrx_word' id='word_1_17' title='bbox 1015 608 1074 675; x_wconf 93' lang='lat' dir='ltr'>sibi</span> <span class='ocrx_word' id='word_1_18' title='bbox 1091 629 1265 675; x_wconf 78' lang='lat' dir='ltr'>reservans</span> <span class='ocrx_word' id='word_1_19' title='bbox 1286 613 1400 694; x_wconf 89' lang='lat' dir='ltr'>postea</span> 
     </span>
     <span class='ocr_line' id='line_1_4' title="bbox 219 733 1399 818; baseline -0.001 -16"><span class='ocrx_word' id='word_1_20' title='bbox 219 735 430 803; x_wconf 84' lang='lat' dir='ltr'>decidendam</span> <span class='ocrx_word' id='word_1_21' title='bbox 454 734 649 800; x_wconf 80' lang='lat' dir='ltr'>incidentem</span> <span class='ocrx_word' id='word_1_22' title='bbox 673 753 890 818; x_wconf 82' lang='lat' dir='ltr'>expensarum</span> <span class='ocrx_word' id='word_1_23' title='bbox 907 736 1173 800; x_wconf 88' lang='lat' dir='ltr'>controversiam.</span> <span class='ocrx_word' id='word_1_24' title='bbox 1197 733 1262 797; x_wconf 90' lang='lat' dir='ltr'>Vel</span> <span class='ocrx_word' id='word_1_25' title='bbox 1284 735 1399 802; x_wconf 90' lang='lat' dir='ltr'>melius</span> 
     </span>
     <span class='ocr_line' id='line_1_5' title="bbox 221 855 1399 940; baseline -0.001 -18"><span class='ocrx_word' id='word_1_26' title='bbox 221 857 401 922; x_wconf 83' lang='lat' dir='ltr'>decernere</span> <span class='ocrx_word' id='word_1_27' title='bbox 426 855 520 922; x_wconf 91' lang='lat' dir='ltr'>debet</span> <span class='ocrx_word' id='word_1_28' title='bbox 551 855 851 921; x_wconf 85' lang='lat' dir='ltr'>condemnationem</span> <span class='ocrx_word' id='word_1_29' title='bbox 883 873 1111 940; x_wconf 85' lang='lat' dir='ltr'>expensarum,</span> <span class='ocrx_word' id='word_1_30' title='bbox 1143 855 1259 921; x_wconf 88' lang='lat' dir='ltr'>harum</span> <span class='ocrx_word' id='word_1_31' title='bbox 1289 875 1399 922; x_wconf 89' lang='lat' dir='ltr'>reser-</span> 
     </span>
     <span class='ocr_line' id='line_1_6' title="bbox 223 979 1399 1067; baseline -0.002 -19"><span class='ocrx_word' id='word_1_32' title='bbox 223 989 298 1050; x_wconf 87' lang='lat' dir='ltr'>vata</span> <span class='ocrx_word' id='word_1_33' title='bbox 322 984 486 1050; x_wconf 81' lang='lat' dir='ltr'>taxatione</span> <span class='ocrx_word' id='word_1_34' title='bbox 510 979 550 1047; x_wconf 92' lang='lat' dir='ltr'>ad</span> <span class='ocrx_word' id='word_1_35' title='bbox 575 986 700 1067; x_wconf 87' lang='lat' dir='ltr'>tempus</span> <span class='ocrx_word' id='word_1_36' title='bbox 731 1000 793 1064; x_wconf 93' lang='lat' dir='ltr'>quo</span> <span class='ocrx_word' id='word_1_37' title='bbox 824 982 986 1047; x_wconf 87' lang='lat' dir='ltr'>sententia</span> <span class='ocrx_word' id='word_1_38' title='bbox 1005 982 1192 1067; x_wconf 90' lang='lat' dir='ltr'>principalis</span> <span class='ocrx_word' id='word_1_39' title='bbox 1216 983 1399 1048; x_wconf 75' lang='lat' dir='ltr'>executioni</span> 
     </span>
     <span class='ocr_line' id='line_1_7' title="bbox 222 1101 1400 1174; baseline 0.003 -3"><span class='ocrx_word' id='word_1_40' title='bbox 222 1106 450 1174; x_wconf 86' lang='lat' dir='ltr'>demandetur:</span> <span class='ocrx_word' id='word_1_41' title='bbox 475 1105 517 1172; x_wconf 85' lang='lat' dir='ltr'>cf.</span> <span class='ocrx_word' id='word_1_42' title='bbox 543 1101 636 1172; x_wconf 83' lang='lat' dir='ltr'>Reiff.</span> <span class='ocrx_word' id='word_1_43' title='bbox 662 1105 711 1170; x_wconf 87' lang='lat' dir='ltr'>De</span> <span class='ocrx_word' id='word_1_44' title='bbox 734 1109 816 1170; x_wconf 79' lang='lat' dir='ltr'>sent.</span> <span class='ocrx_word' id='word_1_45' title='bbox 842 1110 872 1170; x_wconf 86' lang='lat' dir='ltr'>et</span> <span class='ocrx_word' id='word_1_46' title='bbox 895 1123 935 1170; x_wconf 88' lang='lat' dir='ltr'>re</span> <span class='ocrx_word' id='word_1_47' title='bbox 956 1105 1028 1171; x_wconf 80' lang='lat' dir='ltr'>ind.</span> <span class='ocrx_word' id='word_1_48' title='bbox 1052 1126 1085 1170; x_wconf 90' lang='lat' dir='ltr'>n.</span> <span class='ocrx_word' id='word_1_49' title='bbox 1103 1106 1188 1171; x_wconf 83' lang='lat'><em>207.</em></span> <span class='ocrx_word' id='word_1_50' title='bbox 1206 1107 1334 1173; x_wconf 87' lang='lat' dir='ltr'>Revera</span> <span class='ocrx_word' id='word_1_51' title='bbox 1357 1128 1400 1174; x_wconf 85' lang='lat' dir='ltr'>ex</span> 
     </span>
     <span class='ocr_line' id='line_1_8' title="bbox 221 1229 1398 1319; baseline 0.003 -23"><span class='ocrx_word' id='word_1_52' title='bbox 221 1233 385 1317; x_wconf 87' lang='lat' dir='ltr'>aequitate</span> <span class='ocrx_word' id='word_1_53' title='bbox 409 1233 487 1297; x_wconf 87' lang='lat' dir='ltr'>iuris</span> <span class='ocrx_word' id='word_1_54' title='bbox 515 1233 691 1296; x_wconf 90' lang='lat' dir='ltr'>communis</span> <span class='ocrx_word' id='word_1_55' title='bbox 723 1249 793 1295; x_wconf 89' lang='lat' dir='ltr'>can.</span> <span class='ocrx_word' id='word_1_56' title='bbox 820 1229 1022 1311; x_wconf 84' lang='lat' dir='ltr'>factumest,</span> <span class='ocrx_word' id='word_1_57' title='bbox 1052 1236 1087 1296; x_wconf 93' lang='lat' dir='ltr'>ut</span> <span class='ocrx_word' id='word_1_58' title='bbox 1115 1251 1180 1296; x_wconf 90' lang='lat' dir='ltr'>non</span> <span class='ocrx_word' id='word_1_59' title='bbox 1211 1253 1339 1319; x_wconf 82' lang='lat' dir='ltr'>semper</span> <span class='ocrx_word' id='word_1_60' title='bbox 1366 1236 1398 1299; x_wconf 92' lang='lat' dir='ltr'>in</span> 
     </span>
     <span class='ocr_line' id='line_1_9' title="bbox 222 1355 1400 1444; baseline 0.001 -22"><span class='ocrx_word' id='word_1_61' title='bbox 222 1377 384 1444; x_wconf 81' lang='lat' dir='ltr'>expensas</span> <span class='ocrx_word' id='word_1_62' title='bbox 407 1358 510 1422; x_wconf 84' lang='lat' dir='ltr'>victus</span> <span class='ocrx_word' id='word_1_63' title='bbox 534 1356 774 1428; x_wconf 82' lang='lat' dir='ltr'>condemnetur,</span> <span class='ocrx_word' id='word_1_64' title='bbox 788 1355 845 1420; x_wconf 93' lang='lat' dir='ltr'>sed</span> <span class='ocrx_word' id='word_1_65' title='bbox 867 1355 1086 1420; x_wconf 90' lang='lat' dir='ltr'>tantummodo</span> <span class='ocrx_word' id='word_1_66' title='bbox 1102 1357 1128 1420; x_wconf 92' lang='lat' dir='ltr'>si</span> <span class='ocrx_word' id='word_1_67' title='bbox 1147 1362 1271 1422; x_wconf 89' lang='lat' dir='ltr'>temere</span> <span class='ocrx_word' id='word_1_68' title='bbox 1293 1358 1400 1444; x_wconf 84' lang='lat' dir='ltr'>litiga·</span> 
     </span>
     <span class='ocr_line' id='line_1_10' title="bbox 224 1475 1398 1568; baseline 0.001 -21"><span class='ocrx_word' id='word_1_69' title='bbox 224 1475 318 1564; x_wconf 84' lang='lat' dir='ltr'>verit,</span> <span class='ocrx_word' id='word_1_70' title='bbox 336 1483 451 1568; x_wconf 90' lang='lat' dir='ltr'>quippe</span> <span class='ocrx_word' id='word_1_71' title='bbox 475 1482 527 1566; x_wconf 93' lang='lat' dir='ltr'>qui</span> <span class='ocrx_word' id='word_1_72' title='bbox 544 1500 673 1546; x_wconf 88' lang='lat' dir='ltr'>causam</span> <span class='ocrx_word' id='word_1_73' title='bbox 689 1481 804 1546; x_wconf 88' lang='lat' dir='ltr'>iustam</span> <span class='ocrx_word' id='word_1_74' title='bbox 821 1499 888 1546; x_wconf 92' lang='lat' dir='ltr'>non</span> <span class='ocrx_word' id='word_1_75' title='bbox 912 1480 1063 1545; x_wconf 91' lang='lat' dir='ltr'>habuerit</span> <span class='ocrx_word' id='word_1_76' title='bbox 1076 1480 1165 1546; x_wconf 82' lang='lat' dir='ltr'>litem</span> <span class='ocrx_word' id='word_1_77' title='bbox 1188 1483 1398 1548; x_wconf 86' lang='lat' dir='ltr'>instaurandi.</span> 
     </span>
     <span class='ocr_line' id='line_1_11' title="bbox 225 1605 1401 1692; baseline 0 -19"><span class='ocrx_word' id='word_1_78' title='bbox 225 1607 407 1692; x_wconf 81' lang='lat' dir='ltr'>Aliquando</span> <span class='ocrx_word' id='word_1_79' title='bbox 425 1627 504 1672; x_wconf 78' lang='lat' dir='ltr'>vero</span> <span class='ocrx_word' id='word_1_80' title='bbox 521 1606 685 1692; x_wconf 84' lang='lat' dir='ltr'>generalis</span> <span class='ocrx_word' id='word_1_81' title='bbox 702 1606 824 1690; x_wconf 87' lang='lat' dir='ltr'>regula,</span> <span class='ocrx_word' id='word_1_82' title='bbox 843 1605 1159 1672; x_wconf 78' lang='lat' dir='ltr'>condemnationem</span> <span class='ocrx_word' id='word_1_83' title='bbox 1180 1605 1218 1670; x_wconf 85' lang='lat' dir='ltr'>in</span> <span class='ocrx_word' id='word_1_84' title='bbox 1232 1625 1401 1689; x_wconf 74' lang='lat' dir='ltr'>carpenone</span> 
     </span>
    </p>
   </div>
   <div class='ocr_carea' id='block_1_3' title="bbox 223 1730 1401 1940">
    <p class='ocr_par' dir='ltr' id='par_1_3' title="bbox 223 1730 1401 1940">
     <span class='ocr_line' id='line_1_12' title="bbox 223 1730 1401 1819; baseline -0.007 -17"><span class='ocrx_word' id='word_1_85' title='bbox 223 1755 296 1802; x_wconf 79' lang='lat' dir='ltr'>esse</span> <span class='ocrx_word' id='word_1_86' title='bbox 315 1755 467 1819; x_wconf 87' lang='lat' dir='ltr'>poenam</span> <span class='ocrx_word' id='word_1_87' title='bbox 485 1739 609 1800; x_wconf 84' lang='lat' dir='ltr'>temere</span> <span class='ocrx_word' id='word_1_88' title='bbox 624 1733 839 1818; x_wconf 82' lang='lat' dir='ltr'>titiqanlium,</span> <span class='ocrx_word' id='word_1_89' title='bbox 856 1730 1002 1817; x_wconf 88' lang='lat' dir='ltr'>pluribus</span> <span class='ocrx_word' id='word_1_90' title='bbox 1016 1731 1199 1815; x_wconf 90' lang='lat' dir='ltr'>implicatur</span> <span class='ocrx_word' id='word_1_91' title='bbox 1214 1734 1401 1796; x_wconf 85' lang='lat' dir='ltr'>controver-</span> 
     </span>
     <span class='ocr_line' id='line_1_13' title="bbox 223 1856 598 1940; baseline 0.008 -19"><span class='ocrx_word' id='word_1_92' title='bbox 223 1860 290 1931; x_wconf 86' lang='lat' dir='ltr'>siis,</span> <span class='ocrx_word' id='word_1_93' title='bbox 315 1857 481 1940; x_wconf 90' lang='lat' dir='ltr'>quaeritur</span> <span class='ocrx_word' id='word_1_94' title='bbox 505 1856 598 1924; x_wconf 87' lang='lat' dir='ltr'>enim.</span> 
     </span>
    </p>
   </div>
   <div class='ocr_carea' id='block_1_4' title="bbox 277 1964 1172 2065">
    <p class='ocr_par' dir='ltr' id='par_1_4' title="bbox 277 1964 1172 2065">
     <span class='ocr_line' id='line_1_14' title="bbox 277 1964 1172 2065; baseline -0.002 -20"><span class='ocrx_word' id='word_1_95' title='bbox 277 1964 279 1968; x_wconf 82' lang='grc'><strong>’</strong></span> <span class='ocrx_word' id='word_1_96' title='bbox 317 1979 348 2065; x_wconf 82' lang='lat'>1)</span> <span class='ocrx_word' id='word_1_97' title='bbox 372 2000 414 2044; x_wconf 79' lang='lat' dir='ltr'>an</span> <span class='ocrx_word' id='word_1_98' title='bbox 438 1981 507 2062; x_wconf 87' lang='lat' dir='ltr'>quis</span> <span class='ocrx_word' id='word_1_99' title='bbox 530 1980 646 2045; x_wconf 79' lang='lat' dir='ltr'>merito</span> <span class='ocrx_word' id='word_1_100' title='bbox 670 1979 723 2043; x_wconf 79' lang='lat' dir='ltr'>vu</span> <span class='ocrx_word' id='word_1_101' title='bbox 747 1979 906 2043; x_wconf 74' lang='lat' dir='ltr'>immerito</span> <span class='ocrx_word' id='word_1_102' title='bbox 928 1978 1115 2063; x_wconf 83' lang='lat' dir='ltr'>litigaverit,</span> <span class='ocrx_word' id='word_1_103' title='bbox 1139 1983 1172 2043; x_wconf 74' lang='lat' dir='ltr'>a</span> 
     </span>
    </p>
   </div>
   <div class='ocr_carea' id='block_1_5' title="bbox 225 2101 1405 4048">
    <p class='ocr_par' dir='ltr' id='par_1_5' title="bbox 225 2101 1403 2416">
     <span class='ocr_line' id='line_1_15' title="bbox 315 2101 1403 2188; baseline -0.004 -18"><span class='ocrx_word' id='word_1_104' title='bbox 315 2105 349 2188; x_wconf 82' lang='lat'>2)</span> <span class='ocrx_word' id='word_1_105' title='bbox 373 2123 530 2188; x_wconf 86' lang='lat' dir='ltr'>quaenam</span> <span class='ocrx_word' id='word_1_106' title='bbox 561 2104 601 2167; x_wconf 90' lang='lat' dir='ltr'>sit</span> <span class='ocrx_word' id='word_1_107' title='bbox 628 2121 844 2188; x_wconf 84' lang='lat' dir='ltr'>expensarum</span> <span class='ocrx_word' id='word_1_108' title='bbox 875 2103 1054 2166; x_wconf 84' lang='lat' dir='ltr'>aestimatio</span> <span class='ocrx_word' id='word_1_109' title='bbox 1077 2101 1235 2167; x_wconf 80' lang='lat' dir='ltr'>iacienda.</span> <span class='ocrx_word' id='word_1_110' title='bbox 1260 2101 1403 2166; x_wconf 85' lang='lat' dir='ltr'>Maxime</span> 
     </span>
     <span class='ocr_line' id='line_1_16' title="bbox 225 2227 1401 2316; baseline -0.003 -22"><span class='ocrx_word' id='word_1_111' title='bbox 225 2233 300 2316; x_wconf 87' lang='lat' dir='ltr'>qnia</span> <span class='ocrx_word' id='word_1_112' title='bbox 323 2229 493 2313; x_wconf 90' lang='lat' dir='ltr'>aliquando</span> <span class='ocrx_word' id='word_1_113' title='bbox 517 2230 613 2294; x_wconf 88' lang='lat' dir='ltr'>etiarn</span> <span class='ocrx_word' id='word_1_114' title='bbox 636 2227 786 2292; x_wconf 92' lang='lat' dir='ltr'>damnum</span> <span class='ocrx_word' id='word_1_115' title='bbox 810 2228 904 2293; x_wconf 86' lang='lat' dir='ltr'>alteri</span> <span class='ocrx_word' id='word_1_116' title='bbox 929 2227 1013 2313; x_wconf 88' lang='lat' dir='ltr'>parti</span> <span class='ocrx_word' id='word_1_117' title='bbox 1036 2232 1201 2292; x_wconf 88' lang='lat' dir='ltr'>causatum</span> <span class='ocrx_word' id='word_1_118' title='bbox 1228 2227 1401 2292; x_wconf 90' lang='lat' dir='ltr'>aestiman-</span> 
     </span>
     <span class='ocr_line' id='line_1_17' title="bbox 225 2349 381 2416; baseline -0.013 0"><span class='ocrx_word' id='word_1_119' title='bbox 225 2349 381 2416; x_wconf 85' lang='lat' dir='ltr'>domest.</span> 
     </span>
    </p>

    <p class='ocr_par' dir='ltr' id='par_1_6' title="bbox 315 2473 1267 2560">
     <span class='ocr_line' id='line_1_18' title="bbox 315 2473 1267 2560; baseline -0.002 -18"><span class='ocrx_word' id='word_1_120' title='bbox 315 2476 390 2542; x_wconf 86' lang='lat'>670.</span> <span class='ocrx_word' id='word_1_121' title='bbox 417 2477 454 2539; x_wconf 93' lang='lat' dir='ltr'>ln</span> <span class='ocrx_word' id='word_1_122' title='bbox 479 2476 540 2540; x_wconf 89' lang='lat' dir='ltr'>hoc</span> <span class='ocrx_word' id='word_1_123' title='bbox 563 2477 759 2560; x_wconf 85' lang='lat' dir='ltr'>propositum</span> <span class='ocrx_word' id='word_1_124' title='bbox 784 2475 869 2539; x_wconf 85' lang='lat' dir='ltr'>lraec</span> <span class='ocrx_word' id='word_1_125' title='bbox 891 2473 1073 2539; x_wconf 86' lang='lat' dir='ltr'>habeantur</span> <span class='ocrx_word' id='word_1_126' title='bbox 1095 2475 1267 2560; x_wconf 91' lang='lat' dir='ltr'>principia:</span> 
     </span>
    </p>

    <p class='ocr_par' dir='ltr' id='par_1_7' title="bbox 225 2599 1405 3432">
     <span class='ocr_line' id='line_1_19' title="bbox 318 2599 1403 2689; baseline -0.001 -23"><span class='ocrx_word' id='word_1_127' title='bbox 318 2602 349 2689; x_wconf 94' lang='lat' dir='ltr'>l)</span> <span class='ocrx_word' id='word_1_128' title='bbox 375 2602 501 2688; x_wconf 85' lang='lat' dir='ltr'>Regula</span> <span class='ocrx_word' id='word_1_129' title='bbox 524 2599 686 2687; x_wconf 84' lang='lat' dir='ltr'>generalis</span> <span class='ocrx_word' id='word_1_130' title='bbox 717 2607 766 2666; x_wconf 88' lang='lat' dir='ltr'>est</span> <span class='ocrx_word' id='word_1_131' title='bbox 796 2599 880 2683; x_wconf 94' lang='lat' dir='ltr'>quod</span> <span class='ocrx_word' id='word_1_132' title='bbox 910 2602 1014 2666; x_wconf 85' lang='lat' dir='ltr'>victus</span> <span class='ocrx_word' id='word_1_133' title='bbox 1036 2602 1152 2666; x_wconf 88' lang='lat' dir='ltr'>victori</span> <span class='ocrx_word' id='word_1_134' title='bbox 1183 2601 1215 2664; x_wconf 93' lang='lat' dir='ltr'>in</span> <span class='ocrx_word' id='word_1_135' title='bbox 1243 2618 1403 2685; x_wconf 83' lang='lat' dir='ltr'>expensas</span> 
     </span>
     <span class='ocr_line' id='line_1_20' title="bbox 225 2722 1405 2805; baseline 0 -17"><span class='ocrx_word' id='word_1_136' title='bbox 225 2723 434 2789; x_wconf 88' lang='lat' dir='ltr'>condemnari</span> <span class='ocrx_word' id='word_1_137' title='bbox 458 2723 585 2798; x_wconf 89' lang='lat' dir='ltr'>debeat;</span> <span class='ocrx_word' id='word_1_138' title='bbox 603 2741 646 2787; x_wconf 84' lang='lat' dir='ltr'>ex</span> <span class='ocrx_word' id='word_1_139' title='bbox 662 2743 688 2788; x_wconf 87' lang='lat' dir='ltr'>e.</span> <span class='ocrx_word' id='word_1_140' title='bbox 706 2741 733 2789; x_wconf 91' lang='lat' dir='ltr'>c.</span> <span class='ocrx_word' id='word_1_141' title='bbox 749 2723 774 2788; x_wconf 90' lang='lat'><em>5</em></span> <span class='ocrx_word' id='word_1_142' title='bbox 789 2723 839 2787; x_wconf 87' lang='lat' dir='ltr'>De</span> <span class='ocrx_word' id='word_1_143' title='bbox 862 2722 940 2789; x_wconf 87' lang='lat' dir='ltr'>dolo</span> <span class='ocrx_word' id='word_1_144' title='bbox 963 2727 994 2788; x_wconf 85' lang='lat' dir='ltr'>et</span> <span class='ocrx_word' id='word_1_145' title='bbox 1017 2727 1102 2790; x_wconf 82' lang='lat' dir='ltr'>cont.</span> <span class='ocrx_word' id='word_1_146' title='bbox 1118 2723 1154 2788; x_wconf 89' lang='lat' dir='ltr'><em>X</em></span> <span class='ocrx_word' id='word_1_147' title='bbox 1173 2727 1207 2787; x_wconf 93' lang='lat' dir='ltr'>et</span> <span class='ocrx_word' id='word_1_148' title='bbox 1221 2722 1245 2786; x_wconf 82' lang='grc'><em>4</em></span> <span class='ocrx_word' id='word_1_149' title='bbox 1260 2723 1310 2787; x_wconf 90' lang='lat' dir='ltr'>De</span> <span class='ocrx_word' id='word_1_150' title='bbox 1324 2741 1405 2805; x_wconf 89' lang='lat' dir='ltr'>poe·</span> 
     </span>
     <span class='ocr_line' id='line_1_21' title="bbox 226 2847 1402 2934; baseline 0 -20"><span class='ocrx_word' id='word_1_151' title='bbox 226 2851 280 2915; x_wconf 83' lang='lat' dir='ltr'>nis</span> <span class='ocrx_word' id='word_1_152' title='bbox 295 2851 329 2916; x_wconf 90' lang='lat' dir='ltr'><em>X</em></span> <span class='ocrx_word' id='word_1_153' title='bbox 343 2847 397 2933; x_wconf 83' lang='lat' dir='ltr'>(V,</span> <span class='ocrx_word' id='word_1_154' title='bbox 412 2849 477 2928; x_wconf 68' lang='lat' dir='ltr'>37p</span> <span class='ocrx_word' id='word_1_155' title='bbox 494 2853 527 2914; x_wconf 92' lang='lat' dir='ltr'>et</span> <span class='ocrx_word' id='word_1_156' title='bbox 543 2849 638 2914; x_wconf 90' lang='lat' dir='ltr'>huius</span> <span class='ocrx_word' id='word_1_157' title='bbox 653 2848 808 2932; x_wconf 90' lang='lat' dir='ltr'>postremi</span> <span class='ocrx_word' id='word_1_158' title='bbox 829 2849 941 2932; x_wconf 88' lang='lat' dir='ltr'>cepitis</span> <span class='ocrx_word' id='word_1_159' title='bbox 957 2850 1169 2934; x_wconf 86' lang='lat' dir='ltr'>praescriptio</span> <span class='ocrx_word' id='word_1_160' title='bbox 1185 2854 1234 2914; x_wconf 91' lang='lat' dir='ltr'>est</span> <span class='ocrx_word' id='word_1_161' title='bbox 1256 2848 1402 2914; x_wconf 88' lang='lat' dir='ltr'>adamus·</span> 
     </span>
     <span class='ocr_line' id='line_1_22' title="bbox 225 2971 1401 3045; baseline -0.002 -5"><span class='ocrx_word' id='word_1_162' title='bbox 225 2977 286 3040; x_wconf 87' lang='lat' dir='ltr'>sim</span> <span class='ocrx_word' id='word_1_163' title='bbox 302 2975 476 3039; x_wconf 87' lang='lat' dir='ltr'>conformis</span> <span class='ocrx_word' id='word_1_164' title='bbox 499 2973 667 3037; x_wconf 90' lang='lat' dir='ltr'>intentioni</span> <span class='ocrx_word' id='word_1_165' title='bbox 690 2973 770 3036; x_wconf 90' lang='lat' dir='ltr'>iuris</span> <span class='ocrx_word' id='word_1_166' title='bbox 785 2991 867 3036; x_wconf 87' lang='lat' dir='ltr'>rom.</span> <span class='ocrx_word' id='word_1_167' title='bbox 884 2973 975 3037; x_wconf 89' lang='lat' dir='ltr'>cuius</span> <span class='ocrx_word' id='word_1_168' title='bbox 994 2971 1077 3037; x_wconf 89' lang='lat' dir='ltr'>haee</span> <span class='ocrx_word' id='word_1_169' title='bbox 1098 2972 1294 3038; x_wconf 88' lang='lat' dir='ltr'>reddebatur</span> <span class='ocrx_word' id='word_1_170' title='bbox 1308 2976 1401 3045; x_wconf 84' lang='lat' dir='ltr'>ratio,</span> 
     </span>
     <span class='ocr_line' id='line_1_23' title="bbox 227 3093 1404 3183; baseline 0 -21"><span class='ocrx_word' id='word_1_171' title='bbox 227 3118 342 3183; x_wconf 91' lang='lat' dir='ltr'>nempe</span> <span class='ocrx_word' id='word_1_172' title='bbox 366 3097 664 3162; x_wconf 89' lang='lat' dir='ltr'>condemnationem</span> <span class='ocrx_word' id='word_1_173' title='bbox 688 3093 757 3160; x_wconf 90' lang='lat' dir='ltr'>fleri</span> <span class='ocrx_word' id='word_1_174' title='bbox 784 3115 998 3182; x_wconf 82' lang='lat' dir='ltr'>expensarum</span> <span class='ocrx_word' id='word_1_175' title='bbox 1016 3097 1056 3161; x_wconf 88' lang='lat' dir='ltr'>ad</span> <span class='ocrx_word' id='word_1_176' title='bbox 1072 3097 1335 3182; x_wconf 85' lang='lat' dir='ltr'>compescendam</span> <span class='ocrx_word' id='word_1_177' title='bbox 1351 3117 1404 3163; x_wconf 92' lang='lat' dir='ltr'>au·</span> 
     </span>
     <span class='ocr_line' id='line_1_24' title="bbox 226 3224 1404 3310; baseline -0.001 -19"><span class='ocrx_word' id='word_1_178' title='bbox 226 3227 351 3293; x_wconf 90' lang='lat' dir='ltr'>daciam</span> <span class='ocrx_word' id='word_1_179' title='bbox 369 3230 400 3291; x_wconf 92' lang='lat' dir='ltr'>et</span> <span class='ocrx_word' id='word_1_180' title='bbox 413 3225 604 3290; x_wconf 90' lang='lat' dir='ltr'>calumniam</span> <span class='ocrx_word' id='word_1_181' title='bbox 619 3229 743 3288; x_wconf 90' lang='lat' dir='ltr'>temere</span> <span class='ocrx_word' id='word_1_182' title='bbox 759 3224 962 3310; x_wconf 85' lang='lat' dir='ltr'>litigantium,</span> <span class='ocrx_word' id='word_1_183' title='bbox 975 3245 1047 3289; x_wconf 91' lang='lat' dir='ltr'>cum</span> <span class='ocrx_word' id='word_1_184' title='bbox 1060 3225 1164 3290; x_wconf 87' lang='lat' dir='ltr'>victus</span> <span class='ocrx_word' id='word_1_185' title='bbox 1179 3229 1404 3310; x_wconf 81' lang='lat' dir='ltr'>praesumatur</span> 
     </span>
     <span class='ocr_line' id='line_1_25' title="bbox 229 3343 1404 3432; baseline -0.001 -22"><span class='ocrx_word' id='word_1_186' title='bbox 229 3351 278 3412; x_wconf 90' lang='lat' dir='ltr'>ius</span> <span class='ocrx_word' id='word_1_187' title='bbox 301 3345 447 3432; x_wconf 85' lang='lat' dir='ltr'>litigandi</span> <span class='ocrx_word' id='word_1_188' title='bbox 464 3365 529 3409; x_wconf 93' lang='lat' dir='ltr'>non</span> <span class='ocrx_word' id='word_1_189' title='bbox 545 3344 704 3410; x_wconf 88' lang='lat' dir='ltr'>habuisse.</span> <span class='ocrx_word' id='word_1_190' title='bbox 723 3345 785 3412; x_wconf 91' lang='lat' dir='ltr'>Sed</span> <span class='ocrx_word' id='word_1_191' title='bbox 805 3345 1040 3429; x_wconf 73' lang='lat' dir='ltr'>praesumptio</span> <span class='ocrx_word' id='word_1_192' title='bbox 1064 3345 1150 3411; x_wconf 90' lang='lat' dir='ltr'>cedit</span> <span class='ocrx_word' id='word_1_193' title='bbox 1164 3345 1303 3426; x_wconf 83' lang='lat' dir='ltr'>veritati,</span> <span class='ocrx_word' id='word_1_194' title='bbox 1319 3343 1404 3410; x_wconf 88' lang='lat' dir='ltr'>unde</span> 
     </span>
    </p>

    <p class='ocr_par' dir='ltr' id='par_1_8' title="bbox 227 3469 1405 4048">
     <span class='ocr_line' id='line_1_26' title="bbox 317 3469 1405 3556; baseline 0.001 -20"><span class='ocrx_word' id='word_1_195' title='bbox 317 3469 351 3556; x_wconf 74' lang='lat'>2)</span> <span class='ocrx_word' id='word_1_196' title='bbox 375 3469 525 3536; x_wconf 85' lang='lat' dir='ltr'>statuitur</span> <span class='ocrx_word' id='word_1_197' title='bbox 556 3487 725 3551; x_wconf 81' lang='lat' dir='ltr'>empensas</span> <span class='ocrx_word' id='word_1_198' title='bbox 748 3470 965 3551; x_wconf 75' lang='lat' dir='ltr'>compensari</span> <span class='ocrx_word' id='word_1_199' title='bbox 988 3471 1219 3554; x_wconf 66' lang='lat' dir='ltr'>interpretes,</span> <span class='ocrx_word' id='word_1_200' title='bbox 1243 3471 1273 3536; x_wconf 79' lang='lat' dir='ltr'>ai</span> <span class='ocrx_word' id='word_1_201' title='bbox 1298 3469 1405 3536; x_wconf 79' lang='lat' dir='ltr'>victm</span> 
     </span>
     <span class='ocr_line' id='line_1_27' title="bbox 228 3592 1404 3680; baseline -0.001 -19"><span class='ocrx_word' id='word_1_202' title='bbox 228 3594 386 3680; x_wconf 84' lang='lat' dir='ltr'>titiqondi</span> <span class='ocrx_word' id='word_1_203' title='bbox 409 3596 533 3659; x_wconf 71' lang='lat' dir='ltr'>instem</span> <span class='ocrx_word' id='word_1_204' title='bbox 564 3612 705 3658; x_wconf 80' lang='lat' dir='ltr'>causam</span> <span class='ocrx_word' id='word_1_205' title='bbox 737 3592 901 3659; x_wconf 70' lang='lat' dir='ltr'>habuerit.</span> <span class='ocrx_word' id='word_1_206' title='bbox 927 3594 1097 3660; x_wconf 85' lang='lat' dir='ltr'>Evincitur</span> <span class='ocrx_word' id='word_1_207' title='bbox 1127 3613 1169 3660; x_wconf 83' lang='lat' dir='ltr'>ex</span> <span class='ocrx_word' id='word_1_208' title='bbox 1200 3614 1297 3660; x_wconf 91' lang='lat' dir='ltr'>sensu</span> <span class='ocrx_word' id='word_1_209' title='bbox 1327 3614 1404 3660; x_wconf 91' lang='lat' dir='ltr'>con·</span> 
     </span>
     <span class='ocr_line' id='line_1_28' title="bbox 228 3715 1405 3802; baseline 0 -20"><span class='ocrx_word' id='word_1_210' title='bbox 228 3719 330 3783; x_wconf 88' lang='lat' dir='ltr'>trario</span> <span class='ocrx_word' id='word_1_211' title='bbox 354 3718 461 3802; x_wconf 86' lang='lat' dir='ltr'>legum</span> <span class='ocrx_word' id='word_1_212' title='bbox 492 3715 681 3780; x_wconf 87' lang='lat' dir='ltr'>allatarum:</span> <span class='ocrx_word' id='word_1_213' title='bbox 707 3716 751 3782; x_wconf 90' lang='lat' dir='ltr'>ita</span> <span class='ocrx_word' id='word_1_214' title='bbox 774 3718 989 3781; x_wconf 90' lang='lat' dir='ltr'>communiter</span> <span class='ocrx_word' id='word_1_215' title='bbox 1012 3718 1077 3783; x_wconf 88' lang='lat' dir='ltr'>DD.</span> <span class='ocrx_word' id='word_1_216' title='bbox 1103 3717 1210 3782; x_wconf 90' lang='lat' dir='ltr'>Habet</span> <span class='ocrx_word' id='word_1_217' title='bbox 1232 3737 1311 3783; x_wconf 86' lang='lat' dir='ltr'>vero</span> <span class='ocrx_word' id='word_1_218' title='bbox 1335 3718 1405 3802; x_wconf 90' lang='lat' dir='ltr'>quis</span> 
     </span>
     <span class='ocr_line' id='line_1_29' title="bbox 230 3839 1404 3928; baseline 0.002 -23"><span class='ocrx_word' id='word_1_219' title='bbox 230 3840 426 3928; x_wconf 90' lang='lat' dir='ltr'>probabilem</span> <span class='ocrx_word' id='word_1_220' title='bbox 450 3859 579 3905; x_wconf 88' lang='lat' dir='ltr'>causam</span> <span class='ocrx_word' id='word_1_221' title='bbox 594 3839 750 3925; x_wconf 83' lang='lat' dir='ltr'>litigandi,</span> <span class='ocrx_word' id='word_1_222' title='bbox 768 3839 895 3922; x_wconf 91' lang='lat' dir='ltr'>quando</span> <span class='ocrx_word' id='word_1_223' title='bbox 920 3841 969 3915; x_wconf 88' lang='lat' dir='ltr'>ius</span> <span class='ocrx_word' id='word_1_224' title='bbox 991 3860 1110 3906; x_wconf 87' lang='lat' dir='ltr'>revera</span> <span class='ocrx_word' id='word_1_225' title='bbox 1129 3841 1301 3907; x_wconf 91' lang='lat' dir='ltr'>obscurum</span> <span class='ocrx_word' id='word_1_226' title='bbox 1324 3847 1404 3916; x_wconf 85' lang='lat' dir='ltr'>erat,</span> 
     </span>
     <span class='ocr_line' id='line_1_30' title="bbox 227 3961 1405 4048; baseline 0 -19"><span class='ocrx_word' id='word_1_227' title='bbox 227 3985 290 4030; x_wconf 89' lang='lat' dir='ltr'>nec</span> <span class='ocrx_word' id='word_1_228' title='bbox 313 3965 382 4029; x_wconf 88' lang='lat' dir='ltr'>sine</span> <span class='ocrx_word' id='word_1_229' title='bbox 406 3962 628 4028; x_wconf 83' lang='lat' dir='ltr'>controversia</span> <span class='ocrx_word' id='word_1_230' title='bbox 651 3961 813 4027; x_wconf 90' lang='lat' dir='ltr'>declarari</span> <span class='ocrx_word' id='word_1_231' title='bbox 838 3967 975 4047; x_wconf 88' lang='lat' dir='ltr'>poterat.</span> <span class='ocrx_word' id='word_1_232' title='bbox 1001 3963 1063 4030; x_wconf 91' lang='lat' dir='ltr'>Sed</span> <span class='ocrx_word' id='word_1_233' title='bbox 1085 3964 1168 4030; x_wconf 90' lang='lat' dir='ltr'>haec</span> <span class='ocrx_word' id='word_1_234' title='bbox 1191 3969 1240 4030; x_wconf 90' lang='lat' dir='ltr'>est</span> <span class='ocrx_word' id='word_1_235' title='bbox 1262 3965 1405 4048; x_wconf 89' lang='lat' dir='ltr'>quaestio</span> 
     </span>
    </p>
   </div>
   <div class='ocr_carea' id='block_1_6' title="bbox 110 4087 1405 4178">
    <p class='ocr_par' dir='ltr' id='par_1_9' title="bbox 110 4087 1405 4178">
     <span class='ocr_line' id='line_1_31' title="bbox 110 4087 1405 4178; baseline -0.001 -21"><span class='ocrx_word' id='word_1_236' title='bbox 110 4173 112 4178; x_wconf 23' lang='grc' dir='ltr'>Ι</span> <span class='ocrx_word' id='word_1_237' title='bbox 226 4091 321 4174; x_wconf 76' lang='lat' dir='ltr'>facti,</span> <span class='ocrx_word' id='word_1_238' title='bbox 347 4109 428 4174; x_wconf 90' lang='lat' dir='ltr'>quae</span> <span class='ocrx_word' id='word_1_239' title='bbox 453 4109 511 4174; x_wconf 92' lang='lat' dir='ltr'>pro</span> <span class='ocrx_word' id='word_1_240' title='bbox 543 4088 669 4153; x_wconf 86' lang='lat' dir='ltr'>casibus</span> <span class='ocrx_word' id='word_1_241' title='bbox 692 4087 910 4173; x_wconf 90' lang='lat' dir='ltr'>peculiaribus</span> <span class='ocrx_word' id='word_1_242' title='bbox 937 4089 1172 4156; x_wconf 87' lang='lat' dir='ltr'>determinatur</span> <span class='ocrx_word' id='word_1_243' title='bbox 1194 4090 1327 4156; x_wconf 91' lang='lat' dir='ltr'>arbitrio</span> <span class='ocrx_word' id='word_1_244' title='bbox 1358 4092 1405 4156; x_wconf 92' lang='lat' dir='ltr'>iu·</span> 
     </span>
    </p>
   </div>
   <div class='ocr_carea' id='block_1_7' title="bbox 227 4213 1406 4423">
    <p class='ocr_par' dir='ltr' id='par_1_10' title="bbox 227 4213 1406 4423">
     <span class='ocr_line' id='line_1_32' title="bbox 229 4213 1406 4302; baseline 0 -20"><span class='ocrx_word' id='word_1_245' title='bbox 229 4217 318 4283; x_wconf 91' lang='lat' dir='ltr'>dicis.</span> <span class='ocrx_word' id='word_1_246' title='bbox 346 4219 383 4281; x_wconf 94' lang='lat' dir='ltr'>ln</span> <span class='ocrx_word' id='word_1_247' title='bbox 407 4215 502 4280; x_wconf 91' lang='lat' dir='ltr'>dubio</span> <span class='ocrx_word' id='word_1_248' title='bbox 525 4234 604 4279; x_wconf 87' lang='lat' dir='ltr'>vero</span> <span class='ocrx_word' id='word_1_249' title='bbox 626 4235 667 4279; x_wconf 90' lang='lat' dir='ltr'>an</span> <span class='ocrx_word' id='word_1_250' title='bbox 683 4213 815 4300; x_wconf 88' lang='lat' dir='ltr'>litigans</span> <span class='ocrx_word' id='word_1_251' title='bbox 837 4215 944 4280; x_wconf 82' lang='lat' dir='ltr'>victus</span> <span class='ocrx_word' id='word_1_252' title='bbox 959 4217 1074 4280; x_wconf 88' lang='lat' dir='ltr'>iustam</span> <span class='ocrx_word' id='word_1_253' title='bbox 1097 4214 1247 4281; x_wconf 91' lang='lat' dir='ltr'>babuerit</span> <span class='ocrx_word' id='word_1_254' title='bbox 1261 4215 1406 4302; x_wconf 84' lang='lat' dir='ltr'>litigandi</span> 
     </span>
     <span class='ocr_line' id='line_1_33' title="bbox 227 4337 1404 4423; baseline -0.001 -18"><span class='ocrx_word' id='word_1_255' title='bbox 227 4359 369 4412; x_wconf 88' lang='lat' dir='ltr'>causam,</span> <span class='ocrx_word' id='word_1_256' title='bbox 394 4338 481 4403; x_wconf 88' lang='lat' dir='ltr'>haud</span> <span class='ocrx_word' id='word_1_257' title='bbox 504 4338 619 4418; x_wconf 77' lang='lat' dir='ltr'>minuc,</span> <span class='ocrx_word' id='word_1_258' title='bbox 640 4337 857 4423; x_wconf 89' lang='lat' dir='ltr'>praesumitur</span> <span class='ocrx_word' id='word_1_259' title='bbox 880 4339 996 4403; x_wconf 89' lang='lat' dir='ltr'>iustam</span> <span class='ocrx_word' id='word_1_260' title='bbox 1012 4358 1140 4403; x_wconf 85' lang='lat' dir='ltr'>causam</span> <span class='ocrx_word' id='word_1_261' title='bbox 1164 4359 1229 4403; x_wconf 92' lang='lat' dir='ltr'>non</span> <span class='ocrx_word' id='word_1_262' title='bbox 1244 4337 1404 4405; x_wconf 88' lang='lat' dir='ltr'>habuisse.</span> 
     </span>
    </p>
   </div>
   <div class='ocr_carea' id='block_1_8' title="bbox 227 4457 722 4568">
    <p class='ocr_par' dir='ltr' id='par_1_11' title="bbox 227 4457 722 4568">
     <span class='ocr_line' id='line_1_34' title="bbox 227 4457 722 4568; baseline -0.006 -39"><span class='ocrx_word' id='word_1_263' title='bbox 227 4462 277 4530; x_wconf 79' lang='lat' dir='ltr'>bf.</span> <span class='ocrx_word' id='word_1_264' title='bbox 303 4457 397 4568; x_wconf 72' lang='lat' dir='ltr'>Reifl</span> <span class='ocrx_word' id='word_1_265' title='bbox 423 4463 483 4528; x_wconf 85' lang='lat' dir='ltr'>loe.</span> <span class='ocrx_word' id='word_1_266' title='bbox 508 4461 560 4527; x_wconf 83' lang='lat' dir='ltr'>cit.</span> <span class='ocrx_word' id='word_1_267' title='bbox 584 4481 618 4525; x_wconf 87' lang='lat' dir='ltr'>n.</span> <span class='ocrx_word' id='word_1_268' title='bbox 643 4460 722 4526; x_wconf 87' lang='lat'><strong><em>180.</em></strong></span> 
     </span>
    </p>
   </div>
   <div class='ocr_carea' id='block_1_9' title="bbox 0 0 1692 5117">
    <p class='ocr_par' dir='ltr' id='par_1_12' title="bbox 0 0 1692 5117">
     <span class='ocr_line' id='line_1_35' title="bbox 0 0 1692 5117; baseline 0 0"><span class='ocrx_word' id='word_1_269' title='bbox 0 0 1692 5117; x_wconf 95' lang='lat' dir='ltr'> </span> 
     </span>
    </p>
   </div>
  </div>
 </body>
</html>
