3350 5117
288 297 353 362 684
750 314 857 362 mnan
885 313 1004 362 asauu

287 435 349 490 291.
368 436 483 498 Quando
500 437 574 491 bona
592 435 668 504 fides,
681 451 752 507 quae
771 435 858 490 afficit
877 435 1005 490 intimam
1023 435 1110 490 animi
1128 434 1345 505 persuasionem,

395 542 425 597 in
442 544 502 597 soro
521 547 637 596 externo
656 544 789 611 probatur
802 579 1301 595 ............
1333 557 1401 612 pop.
1419 538 1474 593 323
1535 605 1542 616 .

287 646 348 701 292
368 648 519 709 Quaeritur
537 665 573 702 an
591 649 639 719 qui
658 647 809 703 succedunt
827 649 857 703 in
875 648 1049 718 possessione
1067 648 1119 713 rei,
1132 649 1240 718 possint
1253 647 1295 702 uti
1313 648 1348 701 ad

394 754 591 824 usucapionem
610 753 683 808 bona
700 753 755 808 fide
773 752 892 807 alterius
909 752 1063 807 immediati
1082 752 1256 822 possessoris,
1268 755 1298 808 at
1310 768 1348 805 an

393 856 477 912 huius
495 857 657 914 malefidas
676 859 716 914 eis
734 864 834 914 noceat
847 897 1167 913 ........
1174 908 1179 916 A
1205 898 1212 912 .
1249 898 1256 911 .
1294 897 1301 911 .
1338 896 1346 910 .
1383 855 1474 914 »324

287 962 348 1018 293.
369 964 444 1020 Haec
463 966 634 1020 continuitas
652 981 786 1035 personae
811 966 946 1021 iuridicae
972 982 1028 1021 non
1052 964 1173 1021 babetur
1191 967 1221 1020 in
1239 981 1347 1019 succes·

395 1074 504 1128 acribus
522 1075 550 1128 in
570 1074 666 1130 eodem
685 1075 828 1130 beneficio.
849 1074 880 1129 ln
899 1074 1027 1146 collegiis
1045 1091 1112 1128 vero
1133 1075 1201 1130 eccl.
1221 1075 1354 1146 quamvis

395 1186 538 1236 mutentur
557 1199 690 1253 personae
709 1181 875 1252 singulares,
887 1181 1008 1238 habetur
1020 1200 1128 1252 semper
1141 1201 1197 1238 una
1209 1189 1238 1239 et
1251 1183 1347 1238 eadem

395 1303 512 1356 persona
531 1289 654 1356 moralis,
673 1289 744 1360 apud
763 1306 847 1361 quam
866 1289 970 1346 residet
988 1291 1014 1343 b.
1033 1286 1079 1344 vel
1097 1307 1133 1343 m.
1153 1289 1222 1342 fides
1249 1329 1256 1342 .
1294 1330 1301 1343 .
1338 1330 1345 1343 .
1383 1288 1475 1345 »325

288 1391 349 1445 294.
368 1391 479 1446 Titulus
497 1393 586 1448 iustus
622 1431 1344 1448 .................
1381 1408 1400 1452 »
1431 1393 1472 1448 ibi

288 1499 348 1554 295.
368 1499 398 1553 lu
414 1500 561 1555 ordinariis
574 1501 839 1571 praescriptionibus
851 1501 1004 1572 requiritur
1016 1500 1116 1554 titulus
1129 1499 1278 1567 coloratus,
1290 1516 1346 1556 non

394 1606 496 1661 sufficit
514 1607 658 1675 putativus
675 1624 724 1662 seu
743 1611 938 1677 praesumptus
980 1645 1346 1661 .........
1384 1606 1474 1664 »326

288 1712 348 1766 296.
368 1711 444 1766 Iusta
462 1714 599 1782 possessio
621 1751 1344 1767 .................
1381 1728 1400 1770 »
1417 1712 1471 1767 327

288 1819 349 1875 297.
366 1820 507 1883 Quomodo
526 1823 661 1891 possessio
681 1823 894 1894 interrumpitur
912 1827 962 1878 aut
982 1798 1159 1893 suspenditur
1202 1863 1209 1876 .
1247 1863 1254 1874 .
1291 1862 1297 1876 .
1335 1861 1343 1873 .
1381 1837 1400 1878 »
1433 1822 1472 1876 ibi

288 1924 349 1978 298.
367 1924 510 1986 Quomodo
528 1927 660 1982 differunt
678 1928 752 1982 inter
770 1945 800 1983 se
820 1927 988 1997 interruptio
1006 1933 1035 1983 et
1054 1927 1210 1997 suspensio.
1248 1967 1256 1978 .
1295 1967 1301 1980 .
1338 1967 1346 1978 .
1384 1925 1474 1981 »329

287 2029 349 2084 299.
368 2030 510 2091 Quomodo
529 2031 625 2086 eadem
644 2033 780 2101 possessio
805 2031 986 2086 continuatur
1010 2032 1040 2086 in
1065 2030 1181 2086 diversis
1207 2046 1347 2100 possesso·

396 2133 472 2188 ribus
490 2136 526 2188 ob
546 2136 712 2190 beneficium
733 2135 901 2189 accessionis
938 2173 1347 2189 ..........
1384 2133 1475 2192 »330

286 2237 347 2292 300.
368 2239 530 2311 Requiritur
549 2241 583 2294 ad
603 2241 848 2311 praescriptionem
868 2246 975 2297 certum
993 2245 1118 2312 tempus,
1137 2241 1211 2312 quod
1232 2239 1343 2312 longius

396 2351 439 2401 est
456 2347 491 2400 ad
510 2347 736 2417 praescribendae
761 2365 806 2402 res
831 2348 1002 2416 immobiles,
1021 2349 1134 2403 brevius
1155 2348 1190 2402 ed
1217 2365 1261 2403 res
1287 2364 1348 2402 mo-

397 2454 467 2509 biles
489 2493 1298 2511 ...................
1336 2475 1343 2486 ·
1380 2455 1470 2512 »330

288 2555 349 2609 301.
369 2555 489 2626 Tempus
514 2555 706 2626 longissimum
728 2556 762 2612 30
781 2561 830 2612 aut
849 2559 885 2610 40
909 2573 1045 2611 annornm
1070 2557 1211 2611 ordinario
1237 2555 1349 2627 supplet

395 2676 596 2732 quemcumque
610 2663 685 2717 tituli
700 2664 836 2719 delectum
850 2668 880 2718 et
892 2666 1002 2718 tanturn
1014 2663 1132 2734 requirit
1145 2664 1246 2716 bonam
1265 2661 1347 2716 tidem
1384 2676 1403 2720 »
1421 2660 1471 2716 331

288 2768 347 2822 302.
368 2769 407 2826 lle
426 2771 550 2825 efficacia
569 2773 795 2842 praescriptionis
813 2773 992 2828 centenariae
1010 2772 1056 2828 vel
1075 2769 1303 2826 immemorialis.
1340 2810 1348 2826 .
1385 2770 1477 2829 »332

465 3007 483 3068 5
502 3005 527 3057 2.
547 3005 588 3058 Da
605 3005 830 3076 praescriptione
848 3008 941 3076 quoad
959 3009 1089 3078 cff'ectssm
1107 3007 1298 3060 extinctionem.

288 3195 567 3254 macetranorum
591 3198 619 3252 in
645 3199 737 3268 specie
762 3199 877 3254 effectus
901 3199 1087 3265 extinctivus,
1106 3197 1174 3270 quia
1199 3197 1351 3268 aliquando

397 3303 512 3358 effectus
531 3302 706 3358 immediatus
723 3303 950 3373 praescriptionis
962 3307 1006 3358 est
1018 3303 1199 3369 extinctivus3
1212 3302 1351 3358 medietas

397 3413 440 3463 est
458 3408 639 3480 acquisitivus
667 3447 1301 3463 ...............
1335 3425 1403 3479 pap.
1422 3407 1477 3463 333

290 3513 351 3568 304.
370 3514 484 3585 Aliquid
507 3515 627 3586 speciale
652 3521 695 3570 est
718 3515 754 3570 ad
778 3515 1024 3585 praescriptionem
1051 3515 1234 3570 extinctivam
1260 3513 1351 3585 quoad

397 3621 510 3675 titulum
535 3660 765 3674 ......
787 3609 789 3618 '
804 3659 1345 3673 .............
1382 3635 1401 3676 »
1418 3618 1472 3674 334

290 3725 351 3780 305.
371 3726 466 3787 Quoad
485 3743 543 3782 rem
562 3731 656 3796 aptam
670 3764 1348 3781 ................
1386 3740 1404 3782 »
1437 3726 1475 3780 ibi

289 3833 350 3888 306.
369 3833 465 3896 Quoad
484 3834 586 3888 iustam
606 3835 805 3904 possessionem
847 3873 1348 3888 ............
1386 3832 1476 3888 »335

289 3937 350 3992 307.
370 3938 465 4000 Quoad
484 3941 585 3994 bonam
600 3939 681 3996 fidem
708 3948 711 3954 '
713 3975 1347 3994 ...............
1385 3954 1404 3996 »
1436 3937 1474 3992 ibi

290 4043 351 4097 308.
370 4043 465 4104 Quoad
484 4048 593 4114 tempus
625 4084 1345 4099 .................
1383 4041 1474 4102 »336
