3350 5117
526 316 570 364 ΒΕ
594 315 733 365 lustuns
757 314 1022 365 accussmsrtcls
1294 299 1363 364 573

624 618 803 685 TtTULUS
826 618 920 683 XIX.

273 834 318 881 ΒΕ
334 833 589 882 TRANSLATIONE
614 832 734 882 muron
757 834 803 881 ΒΕ
826 833 894 881 UNA
911 832 947 881 ΙΝ
963 832 1069 881 ALIAM
1092 832 1273 881 ransom

187 956 252 1005 ·B'1'
284 954 330 1005 ΒΕ
359 956 636 1005 ΒΕΝΒΝΟῙΑΤΙΟΝΕ
660 954 864 1004 mersurus
887 956 954 1003 ΛΒΤ
978 956 1069 1004 mals
1097 954 1340 1021 CONTROVERSI.

186 1164 404 1223 Summam
416 1192 450 1207 -
463 1166 525 1219 588.
545 1164 709 1235 Explicatur
726 1165 755 1218 in
775 1181 830 1237 quo
844 1169 969 1219 vomatur
988 1166 1115 1236 quaestio
1133 1164 1257 1220 incidens
1270 1176 1363 1221 trans·

276 1274 388 1328 tationis
407 1275 515 1329 iudicii.
535 1301 573 1315 -
594 1273 655 1329 589.
674 1277 714 1328 At
730 1274 880 1329 translatio
904 1274 1003 1329 iudicii
1019 1277 1049 1328 et
1067 1272 1186 1329 relativa
1209 1274 1266 1329 litis
1282 1292 1363 1329 reos·

274 1385 395 1453 sumptio
413 1382 447 1435 st
466 1380 617 1451 praemissa
635 1382 786 1435 summaria
804 1382 973 1453 cognitione
985 1381 1094 1437 -590,
1114 1380 1255 1442 Quomodo
1274 1398 1307 1437 ex
1321 1399 1365 1438 ra·

275 1486 456 1541 nonciatione
474 1487 622 1541 enascatur
639 1488 763 1557 quaestio
781 1485 913 1541 incidens.

275 1681 352 1747 588.
369 1682 463 1745 Inter
477 1680 681 1764 quaestiones
702 1678 898 1753 incidentes,
923 1698 999 1745 sane
1023 1678 1225 1745 recensenda
1241 1683 1290 1745 est
1309 1678 1366 1744 illa

185 1822 400 1892 personarum
423 1804 598 1877 successio,
612 1822 695 1887 quae
717 1803 908 1887 frequenter
929 1802 1036 1869 locum
1060 1802 1159 1868 habet
1186 1804 1272 1868 inter
1294 1821 1365 1887 per-

184 1952 281 1999 sonas
296 1932 448 1997 iudicium
464 1931 704 2011 constituentes,
720 1930 789 1995 sive
809 1929 1039 2014 principalem
1054 1931 1123 1995 sive
1139 1928 1366 1997 accessorium

168 2058 220 2146 in
242 2056 360 2123 iudicio
377 2062 502 2143 partem
526 2055 684 2131 habeant;
708 2054 792 2121 haec
806 2054 972 2121 successio
987 2053 1106 2120 dicitur
1120 2054 1239 2121 iudicii
1258 2059 1365 2120 truns-

186 2183 277 2251 tatio.

277 2306 437 2391 Siquidem
454 2304 563 2387 iudex,
578 2310 671 2370 actor
686 2309 720 2370 et
735 2325 819 2380 reus,
838 2306 1028 2389 respective,
1052 2305 1106 2369 alii
1131 2304 1237 2387 iudici,
1260 2306 1364 2371 actori

186 2434 244 2496 aut
266 2449 324 2495 reo
347 2427 518 2514 aliquando
541 2429 647 2494 locum
671 2426 789 2494 cedere
813 2432 983 2513 coguntur.
1002 2429 1050 2493 tte
1073 2428 1201 2513 quidem
1225 2448 1304 2493 vera
1320 2429 1364 2492 iu·

186 2553 250 2621 dex
273 2554 343 2619 sive
359 2552 493 2618 decedat
508 2552 578 2617 sire
593 2551 745 2618 inhabilis
768 2551 886 2618 evadat
907 2553 975 2617 sive
999 2555 1172 2617 revocetur
1187 2571 1208 2615 a
1221 2551 1366 2637 legitimo

185 2680 364 2765 superiore,
388 2679 486 2743 alium
510 2677 647 2744 iudicem
663 2678 805 2763 excipiet
819 2677 908 2743 litem
932 2677 1116 2743 inchoatam
1132 2676 1363 2742 absoluturum.

187 2802 290 2867 Actor
312 2806 420 2867 autem
443 2801 496 2866 vel
520 2821 595 2866 reus
611 2800 679 2865 sive
695 2820 738 2865 ex
761 2801 854 2866 titulo
878 2800 1053 2866 universali
1074 2800 1143 2864 sive
1165 2798 1363 2883 particulari,

186 2924 221 2988 in
236 2923 335 2988 alium
350 2932 443 2987 suum
459 2921 509 2986 ius
524 2919 695 3005 aliquando
711 2921 878 2986 transfert.
893 2923 943 2987 lta
954 2920 1091 2987 heredes
1107 2919 1317 2986 succedentes
1331 2920 1365 2982 in

187 3048 237 3111 ius
260 3047 404 3112 defuncti
427 3048 623 3128 universum,
649 3048 681 3111 iu
704 3066 740 3112 se
762 3048 966 3114 transferunt
991 3049 1135 3111 actiones
1158 3065 1289 3111 suorum
1312 3064 1366 3110 au-

187 3178 331 3247 ctorum;
356 3173 432 3237 hinc
454 3172 599 3259 vulgaris
614 3174 747 3258 regula:
777 3174 957 3241 «actiones
972 3172 1086 3238 heredi
1103 3178 1136 3238 et
1158 3174 1190 3237 in
1210 3171 1365 3237 heredem

188 3300 374 3382 competunt
395 3315 425 3373 »3
450 3298 492 3362 ci.
517 3298 599 3363 lust.
617 3298 811 3371 Iustiniani,
828 3298 879 3366 De
889 3304 1002 3383 pepi.
1019 3304 1052 3365 et
1074 3302 1174 3381 temp.
1191 3296 1312 3364 action.
1334 3303 1367 3361 et

187 3444 263 3508 cap.
287 3425 333 3497 11.
358 3423 408 3490 De
431 3423 512 3497 iud„
538 3425 571 3489 X
583 3424 641 3510 (lI,
660 3426 701 3512 l).
726 3425 799 3491 Hoc
820 3423 857 3489 tit
880 3426 912 3489 in
937 3424 1090 3492 civilibus
1112 3425 1267 3509 negotiis;
1290 3442 1364 3489 narn

187 3550 221 3614 in
246 3548 482 3616 criminalibus
505 3551 649 3615 actiones
675 3552 838 3633 poenales
860 3570 925 3616 non
949 3555 1119 3616 transeunt
1143 3551 1175 3613 in
1199 3546 1366 3629 heredem,

187 3671 242 3756 qui
263 3674 372 3735 umen
403 3672 566 3737 resarcire
595 3671 691 3737 debet
713 3670 830 3737 damna
853 3672 980 3756 civilia·
1002 3692 1116 3739 verum
1139 3694 1204 3739 non
1227 3694 1270 3738 ex
1300 3672 1369 3737 suis

187 3788 311 3875 opibus,
328 3789 385 3856 sed
401 3811 444 3856 ex
467 3790 558 3858 bonis
573 3792 613 3857 ab
629 3791 811 3859 hereditate
829 3793 1109 3878 provenientibus;
1126 3812 1226 3879 quare
1242 3792 1282 3857 ad
1303 3791 1366 3857 hoo

188 3915 285 3981 etiam
308 3914 505 3982 iudicialiter
528 3919 599 4005 cogi
622 3923 772 4005 possunt;
796 3938 867 4005 arg.
893 3940 919 3985 r.
944 3920 1013 3987 cti
1040 3919 1090 3985 De
1112 3917 1318 4002 raptoribus,
1335 3916 1370 3981 X

189 4036 244 4123 (V,
272 4038 326 4125 17)
349 4047 382 4106 et
406 4042 438 4123 9,
463 4042 514 4109 De
536 4062 630 4109 usur.
647 4042 681 4109 X
702 4040 757 4127 (V,
785 4042 839 4128 19)
863 4048 896 4109 et
918 4044 977 4118 28,
1001 4044 1051 4109 De
1074 4048 1156 4111 seut.
1176 4062 1318 4117 erocum,
1334 4041 1371 4107 X

188 4160 244 4247 (V,
261 4160 317 4247 39)
341 4169 374 4231 et
388 4163 440 4239 14,
456 4164 508 4231 De
529 4168 660 4251 sepult,
675 4166 710 4231 X
730 4163 805 4251 (ΙΙΙ,
828 4166 897 4255 28).
913 4202 957 4217 -
973 4168 1085 4243 Quoad
1108 4186 1264 4255 personas
1286 4186 1369 4232 vero

188 4286 401 4359 accessorias,
418 4306 483 4352 non
505 4291 631 4353 tantum
654 4290 688 4353 in
710 4288 875 4355 advocatis
897 4288 980 4356 haee
1003 4293 1163 4357 successio
1187 4310 1244 4354 seu
1259 4308 1367 4354 surr-o

188 4409 276 4495 gatio
299 4412 439 4480 habetur
461 4414 589 4497 quando
611 4434 632 4479 a
653 4420 755 4501 parte,
768 4435 833 4481 uno
857 4415 1034 4502 repudiato,
1058 4418 1139 4483 alius
1154 4414 1367 4490 substituitur,
