3350 5117
303 264 347 329 86
831 290 916 337 runs
939 290 961 337 1.

253 464 256 472 .
307 409 479 491 spondere
511 411 549 475 iu
583 378 708 478 iudicio
734 446 779 458 —
806 432 864 478 seu
894 433 955 498 per
988 418 1242 499 procuratorem.
1271 414 1343 479 Hoc
1376 419 1487 479 tamen

308 534 509 619 intelligatur
544 532 583 600 de
618 555 695 600 casu
726 556 788 620 quo
819 538 1116 603 excommunicatus
1146 544 1195 603 est
1224 558 1301 603 reus
1329 556 1484 605 necessa·

310 660 386 723 rius
419 678 476 723 seu
512 658 639 742 quando
673 662 741 749 ipse
771 665 967 746 provocatur
997 663 1031 725 in
1060 661 1222 727 iudicium.
1249 662 1328 726 Nam
1359 663 1387 727 si
1416 663 1489 747 ipse

7 752 228 857 [twaede
240 755 375 845 a‘aaron
400 783 516 847 citatus
547 784 626 849 velit
656 804 691 849 se
721 785 857 869 iungere
880 784 976 850 alteri
1006 786 1103 851 citato
1126 805 1184 850 seu
1209 806 1276 858 reo,
1302 790 1393 851 utet
1415 786 1488 871 ipse

7 912 55 959 uu
70 874 291 1010 odeywwsp
308 904 504 989 respondeat
520 905 558 970 de
575 906 737 972 nonnullis
760 908 826 971 suis
842 906 974 988 iuribus,
991 910 1146 973 connexis
1162 929 1234 973 cum
1251 929 1350 974 causa
1364 908 1404 974 de
1420 929 1485 993 qua

11 986 232 1121 wardia
304 1029 424 1111 agitur,
448 1033 526 1095 tunc
550 1048 612 1111 qua
635 1049 714 1095 reus
736 1030 951 1096 voluntarius
973 1031 1179 1117 repellendus
1201 1037 1295 1097 esset.
1320 1031 1483 1116 Siquidem

306 1151 363 1217 lex
387 1152 525 1218 admittit
548 1156 843 1221 excommunicatos
865 1156 906 1221 ad
930 1158 1198 1243 respondendum.
1215 1180 1257 1223 ne
1273 1164 1407 1225 careant
1423 1180 1485 1226 ne-

304 1280 447 1343 cessaria
470 1278 667 1353 defensione,
693 1286 788 1348 etna
811 1282 861 1348 ius
884 1285 1004 1349 actoris
1027 1284 1265 1371 praepediatur.

399 1404 552 1478 Quamvis
576 1404 676 1470 verba
699 1409 935 1474 constitutionis
955 1409 1045 1473 clara
1059 1411 1132 1491 sint,
1149 1430 1213 1475 non
1231 1411 1382 1476 convenit
1396 1412 1487 1476 inter

307 1528 502 1600 canonistas,
519 1547 562 1592 an
584 1534 762 1595 teneantur
792 1533 1062 1597 excommunicati
1093 1540 1338 1618 procuratorem
1361 1538 1482 1601 consti-

309 1654 403 1715 tuere
426 1651 480 1715 νε]
502 1653 608 1736 potius
631 1671 691 1735 per
713 1671 748 1716 se
771 1654 857 1737 ipsos
879 1654 1078 1739 respondere
1106 1655 1245 1737 possint.
1271 1656 1366 1721 Ratio
1390 1655 1485 1722 dubi-

306 1776 438 1840 tationis
467 1778 617 1861 provenit
646 1797 688 1841 ex
716 1774 904 1844 difficultate
933 1781 1092 1847 statuendi
1121 1787 1377 1865 procuratorem,
1405 1804 1484 1847 nam

301 1900 473 1983 aliquando
497 1901 549 1966 vel
574 1902 614 1965 ob
637 1903 772 1969 arduum
796 1906 959 1989 negotium
983 1907 1036 1970 νε]
1060 1906 1100 1970 ob
1115 1926 1249 1991 magnas
1273 1910 1433 1992 impensas
1449 1910 1482 1971 in

55 1989 471 2111 dfflfflstatuendo
499 2032 711 2109 procuratore
738 2026 791 2092 νε]
815 2027 854 2091 ob
879 2028 969 2093 istius
991 2028 1162 2100 defectum,
1187 2030 1248 2095 hoc
1272 2037 1485 2117 praeceptum

54 2106 526 2235 traffizaffiuaequivaleret
549 2148 728 2233 denegatae
751 2148 948 2215 defensioni:
973 2150 1055 2234 quod
1079 2159 1128 2217 est
1158 2157 1358 2218 contrarium
1381 2156 1482 2219 menti

46 2226 481 2371 “prdw‘ionufieie
507 2273 598 2339 Unde
623 2276 654 2337 in
678 2275 772 2359 praxi
796 2273 878 2339 haec
900 2275 1041 2341 tenenda
1064 2278 1241 2343 sententia:
1265 2280 1484 2343 excommuni-

303 2402 396 2463 catus
418 2400 568 2465 vitandus
591 2405 710 2464 statuat
732 2406 987 2486 procuratorem,
1002 2401 1170 2467 dummodo
1186 2405 1371 2488 possitsine
1387 2408 1481 2491 gravi

304 2524 516 2589 incommodo.
542 2525 589 2591 Os.
614 2524 743 2607 suarez,
757 2526 807 2591 De
829 2528 990 2598 censuras,
1015 2527 1147 2610 Disput.
1171 2529 1222 2604 16,
1247 2527 1330 2595 Sect.
1356 2529 1388 2594 4.

396 2650 537 2716 Possunt
567 2670 647 2715 roro
678 2652 723 2715 ita
754 2650 951 2736 respondere
981 2656 1017 2716 ut
1044 2655 1139 2717 etiam
1172 2654 1372 2738 excipientes
1402 2653 1482 2721 fiant

304 2780 445 2856 actores,
469 2776 543 2860 quia
567 2777 714 2860 exceptio
739 2780 788 2840 est
810 2777 935 2860 species
958 2775 1166 2851 defensionis;
1183 2796 1248 2840 non
1271 2782 1405 2863 possunt
1426 2799 1485 2843 no-

304 2918 380 2962 vam
404 2899 563 2962 actionem
586 2896 803 2970 introducere,
827 2896 947 2980 aliquid
970 2897 1010 2961 ab
1041 2902 1152 2962 actore
1181 2897 1318 2982 petendo
1342 2917 1403 2983 per
1425 2920 1483 2964 re-

308 3023 574 3102 conventionem‚
599 3041 695 3106 quum
720 3022 782 3085 hoc
805 3022 1104 3107 praetergrediatur
1126 3024 1243 3088 limites
1273 3022 1481 3090 defensionis.

64 3123 184 3262 NJ«
202 3124 285 3211 taff
306 3146 498 3235 Μὶν]
511 3145 669 3231 haeretici
692 3148 788 3227 atque
811 3142 957 3235 QS
973 3144 1136 3210 ordinarie
1151 3144 1191 3210 ab
1209 3146 1334 3231 agendo
1355 3148 1388 3211 in
1407 3148 1482 3212 foro
1520 3217 1525 3244 1

304 3270 523 3337 ecclesiastico
537 3270 753 3354 repelluntur;
767 3271 818 3334 uel
833 3290 896 3354 qua
908 3273 1176 3336 excommunicati
1189 3272 1241 3335 vel
1249 3292 1313 3354 qua
1324 3292 1345 3335 a
1356 3272 1484 3337 iurisdi-

55 3362 410 3465 ruusffidfflcuone
435 3392 654 3459 ecclesiastica
677 3394 802 3474 remoti,
820 3394 931 3477 quales
954 3398 1029 3458 sunt
1044 3392 1199 3459 infideles.
1225 3394 1286 3460 Sed
1309 3395 1344 3459 hi
1367 3416 1483 3463 omnes

59 3500 109 3569 θ’]
126 3482 230 3559 ΛΜ
302 3518 475 3602 aliquando
489 3538 591 3602 agere
614 3518 667 3581 νε]
687 3516 886 3602 respondere
902 3518 1013 3583 valent
1035 3518 1118 3602 apud
1134 3519 1213 3583 eccl.
1231 3518 1361 3591 iudices.
1378 3520 1481 3585 veluti

304 3645 337 3707 in
362 3644 466 3709 causis
490 3644 767 3706 matrimoniorum
790 3642 983 3707 mixtorum:
1005 3642 1046 3706 cf.
1072 3642 1226 3723 Sanchez‚
1249 3642 1300 3709 De
1323 3643 1357 3709 S.
1381 3644 1483 3726 Mat,

303 3767 360 3833 tib.
395 3766 468 3839 VH,
494 3767 581 3848 drap.
611 3764 644 3839 3,
668 3784 702 3829 u.
729 3764 760 3837 9,
786 3769 818 3829 et
841 3784 916 3851 ary.
941 3784 1016 3847 cup.
1039 3764 1092 3847 13,
1116 3766 1138 3849 ἓ
1168 3766 1202 3839 5,
1219 3766 1269 3831 De
1292 3766 1481 3844 haereticis

299 3896 334 3961 x
355 3892 452 3979 tir-u
477 3888 488 3977 t
511 3890 532 3977 r

396 4085 435 4155 (l)
455 4086 526 4139 Nam
546 4084 672 4155 quamvis
690 4082 816 4138 infideles
836 4081 977 4136 Ecclesiae
996 4080 1179 4135 iurisdictioui
1197 4098 1252 4135 non
1274 4082 1330 4135 sint
1350 4083 1484 4149 subiecti,

305 4199 399 4249 tamen
420 4194 455 4247 ob
474 4194 516 4246 ius
535 4180 703 4245 detensionis
721 4190 782 4243 iuro
801 4206 852 4242 sua
871 4187 993 4242 vindicat
1011 4187 1096 4241 etiam
1120 4187 1252 4241 adversus
1276 4186 1417 4242 infideles:
1436 4195 1481 4244 est

304 4300 379 4356 euim
398 4298 517 4353 societas
536 4298 668 4366 perfecta.
688 4294 727 4349 Cs.
742 4292 852 4347 Nicolai
871 4292 909 4346 lV
928 4292 1020 4346 consa
1040 4293 1161 4347 Turbato
1175 4294 1267 4359 corde,
1281 4296 1303 4345 5
1315 4303 1384 4363 sept.
1398 4293 1485 4347 1288

301 4410 332 4461 et
350 4403 478 4475 Gregorii
498 4401 563 4456 lllll
583 4400 674 4455 Coust.
694 4400 816 4469 Antiqua
836 4398 1015 4463 ludaeorum,
1034 4398 1071 4448 10
1089 4397 1160 4451 iunii
1177 4396 1262 4450 1581.
