3350 5117
311 310 378 376 568
770 298 775 306 ’
838 332 923 381 rans
948 332 969 379 1.

311 456 361 516 est
375 452 598 518 controversia
620 452 793 539 deponunt,
819 452 938 518 dicitur
960 458 1142 539 sequester.
1159 490 1203 504 -
1218 454 1360 519 Proinde
1381 474 1495 539 seque

311 577 425 641 stratio
448 582 497 643 est
519 578 642 663 species
664 578 819 663 depositi.
844 598 864 643 a
888 597 951 663 quo
975 580 1115 644 maxime
1138 576 1257 654 differt,
1278 580 1352 664 quia
1375 599 1492 664 seque-

311 683 426 768 stratio
447 702 484 767 fit
512 703 552 768 de
574 724 613 769 re
643 710 873 779 conuenerat,
900 710 933 771 et
962 703 998 769 fit
1020 704 1061 769 ab
1092 705 1131 769 iis
1154 707 1241 772 inter
1263 726 1299 771 se
1329 705 1370 771 de
1393 726 1432 770 ea
1456 725 1507 771 re.

310 825 578 893 contendentibus
601 847 658 892 sen
674 825 709 892 tlt
732 847 752 891 a
772 827 933 911 pluribus
956 835 988 895 et
1008 830 1047 893 in
1071 828 1217 910 solidum,
1235 849 1307 893 cum
1324 835 1494 913 sequester

312 949 427 1016 debeat
450 971 518 1016 rem
542 951 589 1016 illi
613 922 795 1033 restituere,
821 954 884 1034 cui,
909 972 1008 1017 causa
1031 950 1130 1034 finita,
1148 973 1207 1037 per
1230 953 1420 1017 senteutiam
1437 972 1494 1017 res

311 1071 522 1139 adiudicatur.
538 1110 584 1121 —
607 1075 634 1138 E
658 1079 773 1140 contra
796 1074 935 1159 simplex
958 1074 1136 1159 depositum
1161 1079 1209 1139 est
1232 1073 1271 1139 de
1296 1095 1332 1139 re
1355 1074 1442 1139 haud
1458 1074 1495 1139 li·

311 1195 436 1281 tigiosa,
461 1217 519 1261 seu
541 1196 735 1261 iudicialiter
757 1196 873 1261 saltem
896 1216 962 1261 non
995 1204 1216 1277 controversa,
1241 1202 1274 1261 et
1297 1194 1333 1264 fit
1354 1197 1394 1262 ab
1418 1218 1492 1278 uno,

312 1323 366 1389 vel
388 1343 408 1387 a
430 1324 575 1409 pluribus
598 1344 657 1409 pro
688 1329 791 1409 parte,
816 1323 869 1388 vel
894 1324 928 1387 in
951 1323 1096 1393 solidum,
1122 1329 1155 1388 et
1185 1325 1219 1387 in
1250 1322 1328 1387 illud
1355 1329 1493 1408 tempus,

311 1448 395 1534 quod
419 1449 564 1535 partibus
586 1450 756 1536 placuerit.

402 1577 478 1645 579.
502 1578 541 1642 ln
565 1575 678 1641 ordine
701 1574 741 1640 ad
765 1575 883 1641 indicia
898 1574 1018 1661 duplex
1033 1576 1241 1662 distinguitur
1264 1576 1493 1661 sequestratio:

312 1701 377 1766 alia
398 1700 601 1781 uoluntaria,
626 1697 767 1783 quantit
790 1704 902 1763 mutuo
925 1700 1065 1784 partium
1089 1720 1265 1775 consensu;
1297 1698 1364 1765 alia
1384 1719 1495 1766 neees-

312 1821 418 1894 sumu,
443 1822 559 1906 quippe
588 1818 624 1887 fit
654 1840 697 1884 ex
720 1820 852 1885 decreto
876 1819 999 1902 iudicis,
1013 1827 1068 1885 aut
1091 1840 1136 1885 en
1158 1820 1266 1905 officio
1290 1818 1409 1884 autad
1439 1821 1494 1885 in·

311 1944 473 2027 atentiam
497 1945 592 2009 unius
615 1964 658 2008 ex
679 1944 890 2029 litigantibus,
907 1944 1012 2009 altero
1036 1943 1311 2009 contradicente.

402 2069 478 2133 580.
495 2070 548 2134 Uti
572 2074 659 2155 patet
681 2070 877 2135 necessario
893 2074 942 2135 est
965 2089 1093 2154 semper
1117 2068 1287 2134 iudicialis
1310 2087 1368 2133 seu
1382 2066 1495 2132 decer-

315 2193 450 2257 niturin
467 2192 593 2268 iudicio;
611 2212 780 2277 quaecum
797 2191 854 2257 fiat
871 2194 966 2257 etiam
984 2194 1030 2258 ad
1046 2193 1243 2259 instantiam
1259 2192 1383 2275 portis,
1406 2194 1496 2276 patet

313 2336 406 2402 posse
422 2317 485 2402 peti
503 2318 688 2401 quaestione
708 2318 899 2400 principati
915 2323 970 2383 alit
993 2317 1163 2384 incidenti.
1190 2318 1251 2381 Ex.
1276 2336 1326 2401 gr.
1340 2314 1497 2381 ¹creditor

313 2442 369 2523 qui
391 2441 479 2506 videt
502 2441 681 2507 debitorem
704 2442 789 2507 hona
811 2442 999 2528 dilapidare,
1016 2442 1096 2527 petit
1111 2462 1131 2505 a
1146 2440 1251 2505 iudice
1268 2446 1302 2506 ut
1317 2445 1424 2505 certas
1440 2460 1496 2505 res

314 2570 472 2649 supponat
495 2565 756 2647 sequestrationi..
778 2566 827 2628 lta
850 2582 931 2648 cap..
944 2563 975 2637 7,
1001 2562 1055 2629 De
1070 2564 1184 2630 donat.
1210 2562 1299 2628 inter
1321 2562 1446 2643 uirum,
1462 2561 1500 2626 X

313 2686 387 2772 (IV,
404 2687 459 2775 20)
476 2710 561 2753 uxor
576 2689 734 2754 adversus
750 2691 902 2756 maritum
919 2690 972 2773 qui
988 2691 1095 2775 vergit
1109 2688 1150 2752 ad
1167 2690 1316 2775 inopiam,
1333 2694 1366 2753 et
1382 2689 1444 2751 iam
1461 2688 1496 2751 in

313 2832 353 2877 eo
377 2815 474 2876 estut
497 2812 603 2876 dotem
619 2811 775 2894 absumat,
788 2811 947 2876 bonorum
964 2812 1116 2877 dotalium
1129 2811 1370 2894 principaliter
1385 2830 1499 2894 seque

313 2939 504 3004 strationem
520 2938 710 3024 expostulat.
725 2974 769 2987 -—
783 2938 977 3005 incidenter
992 2958 1071 3003 vero
1095 2938 1258 3003 enascitur
1278 2937 1421 3021 quaestio
1444 2957 1498 3002 se-

313 3062 553 3145 questrationis,
577 3062 604 3126 si
634 3061 708 3126 duni
738 3061 856 3126 iudicio
883 3062 1051 3145 quaeritur
1078 3059 1117 3125 de
1141 3060 1300 3125 solutione
1330 3056 1497 3125 cuiusdam

314 3185 422 3258 debiti,
440 3183 565 3249 debitor
580 3206 637 3249 seu
653 3205 730 3251 reus
745 3189 923 3249 conventus
942 3204 1009 3248 rem
1026 3182 1219 3247 familiarem
1236 3182 1376 3268 dissipet
1394 3202 1498 3266 quare

313 3311 407 3373 actor
430 3308 518 3393 petit,
535 3308 569 3370 in
585 3308 633 3371 sui
657 3307 771 3371 crediti
787 3308 1007 3386 securitatem,
1025 3304 1182 3369 bonorum
1206 3304 1497 3388 sequestrationem

316 3429 398 3496 fieri.

283 3572 286 3578 ·
406 3554 483 3620 (lum
500 3556 608 3641 agitur
628 3554 668 3618 de
691 3554 949 3637 sequestratione
972 3554 1101 3617 actione
1117 3550 1317 3633 principali,
1335 3550 1416 3616 nihil
1437 3552 1499 3615 sin-

315 3679 431 3765 gulare
453 3686 513 3752 est,
538 3679 594 3745 sed
618 3699 689 3746 cum
713 3680 915 3744 instauratur
937 3677 1135 3750 incidenter,
1160 3682 1237 3743 tunc
1261 3675 1434 3741 videndum
1449 3682 1500 3741 est

316 3806 457 3890 qnando
481 3809 514 3871 et
536 3804 706 3889 quomodo
729 3805 829 3889 possit
844 3800 926 3877 fieri,
944 3804 1000 3869 tite
1019 3802 1199 3885 pendente,
1225 3802 1307 3867 baec
1322 3802 1499 3881 innovatio,

317 3952 376 3996 seu
398 3930 619 4015 sequestratio.

406 4054 482 4120 581.
514 4054 732 4138 Sequestratio
764 4058 872 4118 autem
896 4053 1053 4119 iudicialis
1081 4054 1288 4134 noluntaria,
1312 4058 1362 4118 est
1385 4056 1501 4137 suapte

317 4180 351 4245 vi
365 4179 528 4262 incidens,
552 4185 586 4247 et
610 4180 805 4266 regulariter
820 4199 892 4244 eam
909 4185 1018 4265 partes
1041 4185 1175 4265 possunt
1195 4199 1324 4263 semper
1339 4177 1502 4258 obtinere,

317 4303 393 4385 quia
414 4302 526 4368 valent
548 4304 743 4368 renunciare
772 4303 837 4389 legi
861 4302 928 4368 litis
947 4302 1154 4386 pendentine
1182 4305 1214 4368 in
1238 4322 1350 4367 earum
1373 4298 1499 4366 utilita-

284 4475 286 4480 -
318 4434 384 4495 tem
406 4428 502 4492 latae.
526 4430 601 4494 Dixi
625 4466 635 4474 -
659 4428 868 4513 repuleriter
885 4463 903 4475 ·
928 4446 1003 4491 nam
