3350 5117
516 326 560 373 na
584 325 723 373 tuulclls
746 324 1012 371 noonnsmsmcrs
1304 304 1350 369 93

260 448 295 537 2)
321 452 357 515 ln
381 446 538 515 beneflcio
561 470 641 515 vero
665 450 801 535 collegio
816 448 913 514 alicui
937 449 1036 521 unito,
1053 448 1086 511 in
1103 446 1258 513 Ecclesiis
1274 466 1349 511 con·

169 572 377 639 ventualibus
399 594 458 639 seu
481 572 710 659 collegialibus,
735 574 767 637 in
795 573 999 637 monasteriis
1028 576 1062 637 et
1091 570 1164 637 aliis
1193 569 1350 636 similibus

170 698 327 784 collegiis,
344 697 384 762 ad
404 718 478 763 eum
501 698 673 785 spectatio
697 697 813 763 iudicio
836 717 936 785 agere
959 703 992 762 et
1009 695 1208 782 respondere
1223 694 1275 759 cui
1291 692 1346 757 bo-

170 841 288 887 norum
317 820 466 887 beneficii
489 821 545 908 (1),
569 822 709 908 capituli,
734 822 931 894 monasterii,
955 821 1009 887 vel
1039 820 1167 906 collegii
1194 820 1350 904 competit

171 946 416 1021 administratim
429 968 487 1013 sen
502 946 666 1012 ordinarie
682 948 833 1032 competit
849 946 1012 1010 Praelata.
1030 982 1074 995 -
1087 944 1299 1011 Nihilominus
1314 944 1348 1009 in

170 1071 263 1135 hisce
287 1070 439 1157 Collegiis
460 1071 568 1155 aliqua
591 1069 662 1137 fieri
686 1072 768 1137 solet
794 1070 941 1136 limitatio
969 1069 1113 1135 Praelati
1144 1068 1349 1135 administra·

170 1197 261 1277 tioni,
279 1202 312 1261 et
334 1196 487 1281 quosdam
510 1197 627 1263 limites
642 1196 789 1283 designat
812 1198 914 1282 ipsum
930 1198 980 1261 ius
995 1214 1180 1269 commuue;
1196 1192 1349 1279 quosdam

171 1322 439 1389 determinatius
462 1322 657 1407 particulare
681 1322 903 1388 ecclesiarum.

261 1446 297 1531 o)
320 1446 374 1511 Ex
388 1447 460 1511 iure
475 1446 635 1511 communi
651 1446 688 1511 in
709 1444 771 1510 Tit.
788 1444 822 1507 X
835 1443 973 1531 (lli-10)
990 1464 1009 1507 a
1024 1444 1073 1510 De
1090 1444 1246 1527 hisquae
1260 1444 1350 1529 fiunt

172 1592 195 1639 a
218 1573 393 1639 Praelatis
414 1572 487 1639 sine
502 1592 667 1640 consensu
693 1570 888 1655 Capituli»,
905 1574 1037 1657 negotia
1051 1572 1183 1637 maioris
1197 1571 1349 1635 momenti

173 1704 205 1764 et
219 1700 316 1762 nimis
330 1697 433 1763 ardua
449 1698 618 1764 Praelatus
633 1702 778 1763 tractare
800 1717 865 1762 non
888 1697 977 1763 valet
998 1697 1068 1763 sine
1092 1714 1252 1760 consensu
1267 1695 1350 1780 capi-

171 1824 242 1904 tuli,
266 1820 353 1887 unde
377 1823 409 1886 in
433 1824 500 1887 istis
523 1822 660 1906 negotiis
691 1820 872 1886 inconsulto
903 1820 1042 1907 capitulo
1073 1840 1135 1884 nec
1165 1839 1264 1905 agere
1288 1838 1350 1885 nec

175 1950 208 2015 in
232 1949 351 2015 iudicio
374 1948 572 2035 respondere
595 1945 705 2022 debet;

263 2070 297 2158 b)
321 2092 364 2137 ex
394 2072 465 2135 iure
495 2071 684 2157 particulari
708 2074 806 2137 etex
835 2068 1096 2153 fundationibus
1124 2070 1252 2154 saepius
1274 2088 1352 2133 non·

176 2195 268 2261 nulla
297 2196 378 2261 iura
408 2202 440 2261 et
471 2196 559 2262 hona
589 2201 663 2261 sunt
692 2194 830 2281 praelati
854 2201 887 2260 et
908 2200 1087 2259 conventus
1117 2192 1187 2257 sive
1211 2191 1349 2277 collegii,

173 2320 350 2386 communi
360 2320 650 2388 administrationi
666 2325 843 2393 reservata,
856 2319 971 2404 quibus
985 2320 1018 2383 in
1036 2316 1174 2403 negotiis
1189 2336 1251 2381 nec
1263 2316 1351 2381 solus

175 2446 350 2511 Praelatus
373 2466 435 2511 nec
458 2452 635 2513 conventus
658 2446 744 2513 solus
767 2465 867 2533 agere
889 2446 943 2509 vel
970 2444 1137 2509 conveniri
1161 2448 1275 2527 potest.
1300 2442 1348 2507 Cf.

175 2565 389 2635 Reiffenstuel
413 2570 459 2635 tit.
483 2570 533 2637 De
547 2572 628 2645 ind„
645 2592 679 2635 n.
697 2570 757 2635 171
772 2568 828 2655 (2).
845 2603 890 2617 -
907 2570 1094 2641 Praeterea,
1118 2567 1352 2634 consuetudine

266 2850 312 2921 (l)
328 2850 359 2903 ln
386 2850 458 2921 quod
486 2850 656 2920 propositum
688 2850 799 2920 plurimi
826 2850 954 2903 facienda
980 2853 1024 2903 est
1051 2848 1120 2902 haec
1150 2847 1353 2902 animadversio

178 2955 405 3027 Schmalzgrueb.
425 2959 463 3011 tit.
483 2959 524 3011 De
543 2958 599 3010 iad.
612 2976 639 3010 n.
659 2958 701 3010 40
713 2958 750 3011 ad
762 2958 792 3023 3,
805 2957 920 3010 aientis:
940 2971 957 3009 a
976 2956 1085 3011 Decisio
1103 2956 1178 3009 dubii
1199 2954 1289 3025 quoad
1304 2972 1352 3009 ec·

173 3063 275 3117 ctesias
293 3062 469 3133 parochiales
487 3066 571 3117 etiam
592 3063 654 3133 ipsa
671 3062 819 3133 plurimum
840 3063 940 3131 pendet
959 3062 1186 3117 aconsuetudine
1199 3066 1312 3131 recepta
1324 3067 1354 3115 et

174 3170 351 3223 concordatis
370 3169 501 3224 locorum.
521 3170 551 3223 lu
570 3168 718 3225 Germania
737 3170 839 3239 passim
864 3168 1009 3223 constituti
1028 3174 1093 3223 sunt
1117 3167 1252 3237 speciales
1270 3184 1352 3237 prae·

174 3278 295 3347 positi...
315 3278 364 3348 qui
382 3294 475 3331 rerum
494 3277 628 3332 ecclesiae
648 3277 842 3347 temporalium
860 3294 954 3331 curam
969 3281 1049 3331 extra
1062 3276 1193 3330 indicium
1212 3280 1242 3329 et
1260 3275 1352 3330 defen·

174 3388 281 3442 sionem
302 3386 378 3441 intra
396 3387 528 3441 iudicium
547 3391 654 3457 gerant,
673 3386 746 3457 quod
764 3385 886 3440 maxime
904 3386 1014 3439 obtinet
1032 3384 1061 3439 in
1081 3384 1200 3438 Bavaria
1219 3401 1267 3453 per
1285 3400 1352 3437 con·

175 3490 290 3545 cordata
309 3491 385 3546 inter
403 3490 542 3560 principes
559 3490 693 3545 Bavariae
713 3493 742 3544 et
759 3489 914 3543 ordinarios
926 3489 1014 3553 illius,
1025 3488 1096 3543 inita
1117 3486 1185 3541 1583
1198 3503 1223 3541 a.
1237 3488 1291 3540 Pro
1304 3486 1353 3540 ho·

174 3601 280 3655 diurnis
292 3599 404 3667 legibus
417 3598 444 3651 in
458 3597 614 3663 Germania,
627 3598 661 3651 ci.
675 3596 805 3663 aicham,
821 3597 969 3667 Campana.
980 3596 1057 3649 laris
1068 3595 1176 3649 Ecclcs.
1190 3598 1208 3658 ἓ
1222 3594 1284 3645 222
1297 3610 1352 3663 seq.

176 3708 242 3760 edit.
261 3716 331 3776 sept.
353 3706 496 3758 Brixinoa.
518 3705 571 3757 Pro
590 3702 682 3757 Gallia
701 3705 735 3757 cs.
755 3703 852 3770 Bouix,
872 3704 915 3756 De
930 3703 1054 3772 parocho
1074 3717 1136 3770 pag.
1156 3700 1217 3753 607.

265 3813 307 3879 (2)
326 3809 441 3871 Quando
459 3808 598 3880 loquimur
617 3808 650 3862 de
669 3808 806 3861 Praelatis
824 3806 1009 3876 intelligimus
1023 3803 1167 3859 Praelatos
1181 3803 1353 3873 praecipuam

177 3930 278 3984 nempe
298 3915 463 3984 Episcopum
483 3912 572 3967 relate
590 3912 625 3965 ad
649 3910 836 3966 cathedralem
863 3911 1026 3976 Ecclesiam,
1044 3909 1159 3979 eiusque
1185 3906 1354 3977 Capitulum,

177 4038 228 4075 nec
249 4036 304 4075 non
323 4021 448 4075 Abbates
472 4018 577 4073 nullius
601 4018 646 4073 vel
672 4019 750 4089 quasi
776 4018 881 4071 nullius
900 4017 1077 4079 Dioeceseos3
1103 4015 1170 4069 item
1190 4014 1352 4084 praecipuos

177 4131 306 4185 ordinum
332 4130 525 4201 religiosorum
551 4130 696 4195 Rectores;
723 4128 854 4183 nimirum
876 4129 1001 4182 Abbates
1019 4132 1047 4181 et
1066 4125 1216 4181 Generales
1235 4141 1353 4195 praepo-

178 4239 253 4293 sitos.
274 4240 419 4300 -Quare
442 4237 620 4303 excludimus
641 4236 785 4291 inferiores
810 4239 996 4290 conventuum
1021 4233 1192 4304 regularium
1213 4233 1353 4301 guberna·

180 4350 262 4400 tores.
280 4375 318 4387 -
337 4346 399 4399 lure
423 4345 562 4399 communi
587 4344 672 4398 etiam
699 4344 865 4397 Abbatissae
884 4358 967 4412 super
991 4340 1221 4395 monasteriorum
1240 4354 1354 4392 suorum

180 4453 286 4508 iuribus
305 4459 334 4509 et
354 4455 445 4520 rebus,
464 4469 513 4522 per
531 4453 697 4507 constitutos
717 4455 911 4521 procuratores
929 4466 1014 4520 agero
1033 4454 1061 4504 et
1080 4446 1246 4518 respondere
1265 4444 1294 4499 in
1313 4444 1355 4497 io-
