3350 5117
323 337 389 404 620
861 354 944 402 ress
969 354 990 399 1.

322 480 475 563 effectum
491 478 727 561 suspensivum
743 498 773 541 r.
788 475 931 542 Proinde
947 482 1036 564 patet
1049 476 1258 543 clausulam«
1276 475 1507 560 appellatione

323 610 455 670 remote
472 625 489 668 >
516 603 631 688 quood
654 602 707 668 icas
730 620 919 683 comnenae,
945 604 1118 687 praecipue
1135 623 1177 667 es
1194 600 1280 668 Trid.
1297 600 1332 669 O.
1349 600 1506 686 applicari

322 733 447 792 tautum
471 727 607 811 negotiis
629 724 821 810 quibusdam
845 724 1164 793 eoetroiodieiatioas
1180 732 1212 791 et
1227 724 1332 808 quoad
1355 720 1505 790 effectum

322 852 559 936 suspensivum
582 872 647 916 nou
666 851 897 917 decotetieom
914 872 943 915 n.
962 852 1097 935 Inquam
1116 872 1133 913 s
1151 850 1254 934 quoad
1271 850 1319 915 ius
1335 868 1506 914 commune

322 1064 458 1119 stratisue
472 1065 613 1121 fructuum
627 1067 725 1118 contra
738 1079 833 1117 curam
846 1064 1002 1117 animarum
1016 1061 1152 1119 habentes
1166 1079 1219 1117 uon
1234 1062 1388 1117 residentes
1401 1062 1430 1115 in
1443 1060 1506 1114 loco

324 1169 452 1223 beneficii
472 1169 585 1237 proprii.
1072 1156 1077 1163 ’

413 1294 429 1328 s
448 1276 478 1347 f)
498 1279 522 1331 Α
541 1276 675 1331 divisione
696 1276 887 1345 parochiarum
908 1294 1058 1349 earumque
1085 1278 1226 1333 erectione
1246 1278 1274 1330 iu
1294 1276 1407 1331 titulum
1426 1278 1507 1329 iusta

324 1400 383 1452 cop.
403 1384 448 1449 13,
467 1400 533 1439 sess,
552 1385 601 1447 24,
623 1384 664 1439 De
683 1386 736 1453 res.
756 1386 786 1437 in
810 1385 903 1451 Trid.;
923 1384 968 1437 nbi
990 1383 1137 1452 parochiae
1161 1400 1216 1437 nou
1241 1382 1347 1438 habent
1371 1382 1505 1438 determi-

322 1496 403 1544 natos
426 1492 510 1555 fines,
535 1493 564 1545 et
590 1488 702 1560 parochi
728 1494 904 1552 sacramente
932 1488 1087 1560 promiscue
1114 1488 1244 1545 fidelibus
1271 1490 1431 1559 petentibus
1455 1485 1507 1541 mi·

322 1598 451 1651 nistrant

413 1717 428 1753 s
442 1704 471 1773 p)
491 1702 552 1755 Non
566 1703 735 1757 servaturis
749 1703 912 1771 suspensivo
925 1701 1078 1773 appellatio
1091 1719 1107 1755 a
1123 1702 1242 1757 decretis
1255 1703 1392 1773 Episcopi,
1406 1704 1507 1774 quibus

322 1810 408 1891 etiam
426 1810 468 1862 uti
489 1808 568 1863 Sedis
582 1808 759 1877 Apostolicae
772 1807 918 1877 delegatus
931 1810 1008 1877 cogit
1027 1813 1150 1863 rectores
1162 1807 1350 1863 Ecclesiernm
1364 1809 1508 1879 parochia-

322 1914 391 1968 lium
410 1916 445 1968 ob
465 1914 559 1984 populi
581 1916 810 1969 numerositatem
830 1919 873 1969 tot
892 1916 944 1969 sibi
972 1915 1130 1971 sacerdotes
1155 1916 1318 1985 adiungere,
1338 1920 1406 1987 quot
1430 1917 1507 1971 suffi-

323 2024 400 2077 ciant
417 2022 452 2075 ad
470 2028 707 2076 sacramentorum
727 2022 1013 2087 administrationem
1033 2040 1083 2077 nec
1104 2024 1210 2093 pariter
1228 2041 1245 2077 a
1269 2023 1388 2078 decretis
1406 2025 1507 2095 quibus

324 2131 476 2200 Episcopus
494 2132 530 2184 ob
549 2147 635 2203 grave
655 2129 857 2183 incommodum
880 2130 973 2199 populi
993 2130 1027 2183 ad
1046 2136 1221 2185 sacramenta
1234 2131 1419 2201 percipienda,
1438 2131 1506 2201 ipsis

323 2240 409 2294 etiarn
429 2240 525 2293 invitis
544 2239 709 2303 rectoribus,
728 2254 814 2291 noves
832 2236 979 2307 parochias
998 2238 1131 2304 instituit,
1151 2242 1180 2292 et
1199 2240 1276 2293 novis
1292 2238 1420 2307 parochis
1439 2255 1507 2293 con·

324 2365 421 2419 gruem
441 2348 596 2418 portionem
615 2349 757 2399 fructuum
777 2345 914 2413 adsignat.

413 2454 476 2524 sb)
496 2456 519 2506 Α
539 2452 659 2509 decretis
683 2452 784 2523 quibus
807 2452 968 2521 Episcopus,
991 2452 1098 2505 secatis
1124 2452 1159 2505 iis
1177 2410 1301 2522 ⁸quorum
1327 2453 1453 2517 interest,
1473 2468 1506 2507 ex

324 2558 458 2613 Ecclesiis
476 2556 613 2627 collapsis,
633 2574 705 2627 quae
724 2556 848 2625 reparari
869 2560 1011 2627 nequeunt
1036 2557 1072 2609 ob
1091 2556 1222 2633 ipopiem,
1241 2557 1374 2610 transfert
1398 2556 1431 2609 ed
1450 2572 1507 2609 ma-

321 2667 407 2721 trices
425 2670 474 2719 aut
493 2666 526 2718 ad
539 2664 610 2718 alias
623 2664 762 2718 Ecclesiae
780 2664 917 2717 beneficia
936 2663 1074 2732 simplIcie
1086 2664 1172 2717 etiem
1186 2663 1254 2716 iuris
1268 2667 1431 2731 patronatus
1443 2678 1506 2717 cum

322 2774 451 2828 omnibus
469 2773 667 2827 emolumentis
686 2776 715 2827 et
741 2772 888 2836 oneribus,
914 2788 1020 2826 necnon
1047 2790 1064 2825 e
1088 2772 1207 2827 decretis
1231 2772 1332 2841 quibus
1356 2770 1507 2841 Episcopus

322 2878 472 2946 adstringit
491 2882 634 2946 patronos,
655 2882 786 2941 rectores,
805 2878 987 2931 beneficiatos
1005 2883 1054 2931 aut
1074 2876 1257 2946 parochianos
1276 2877 1310 2930 ad
1330 2878 1508 2932 restauratio·

322 3003 387 3040 nem
401 2984 588 3041 Ecclesiarnm
602 2985 814 3056 parochialium,
828 2985 1285 3054 servatatemerilormaT1·ideut.
1300 3004 1321 3039 c.
1340 2985 1366 3049 7,
1379 3001 1446 3039 sess.
1459 2986 1505 3048 21,

325 3095 368 3148 De
386 3097 503 3163 reform.

413 3215 428 3248 s
448 3198 469 3265 al
488 3198 512 3250 A
532 3197 670 3267 denegate
689 3199 862 3267 promotione
881 3200 915 3253 ed
934 3216 1027 3253 sacros
1046 3199 1156 3253 ordines
1175 3203 1203 3252 et
1223 3215 1240 3251 a
1261 3198 1441 3267 suspensione
1460 3215 1507 3251 su·

322 3306 534 3387 sceptorumob
554 3304 661 3358 crimen
680 3304 830 3370 occultum,
850 3306 908 3359 sive
928 3323 961 3360 ex
981 3306 1133 3359 informata
1156 3306 1338 3360 couscientia.

413 3431 429 3465 s
449 3415 478 3479 bl
498 3416 520 3466 Α
542 3413 668 3468 censuris
687 3418 736 3467 aut
748 3413 813 3468 aliis
826 3414 1033 3483 provisionibus
1046 3420 1144 3468 contra
1157 3414 1374 3481 concubinarios,
1388 3418 1417 3468 et
1429 3431 1508 3483 prae-

323 3520 420 3575 sertim
440 3518 556 3573 clericos
576 3521 660 3573 etiam
681 3520 835 3575 retinentes
854 3520 927 3575 domi
948 3526 998 3575 sut
1017 3526 1097 3575 extra
1116 3521 1247 3575 mulieres
1267 3526 1408 3590 suspectas
1430 3521 1510 3575 iuxta

324 3627 525 3697 praescriptum
551 3626 577 3679 S.
597 3624 684 3697 Cong.
710 3628 1005 3689 Trid.sess.24,1)e
1030 3630 1147 3697 reform.
1169 3628 1328 3681 omerimon.
1353 3644 1413 3696 cop.
1434 3627 1464 3691 8,
1483 3635 1510 3682 ct

324 3751 390 3788 sess.
409 3736 463 3797 25,
483 3735 525 3789 De
543 3738 599 3804 res.
621 3753 643 3788 c.
663 3734 708 3787 14.

413 3857 428 3892 ι
449 3842 471 3903 ll
490 3840 551 3894 Non
571 3846 700 3895 servetur
719 3842 835 3896 effectus
849 3842 1047 3911 appellationis
1067 3844 1095 3896 iu
1115 3844 1277 3912 suspensivo
1292 3859 1309 3895 a
1327 3841 1448 3896 decretis
1460 3840 1510 3893 Or·

324 3948 422 4001 dinarii
444 3949 518 4001 circa
537 3949 746 4003 couversionem
766 3951 868 4005 tertiae
889 3952 976 4019 partis
1001 3953 1141 4005 fructuum
1166 3949 1343 4019 dignitatum,
1363 3950 1509 4003 canonica·

323 4058 402 4107 terum
421 4058 475 4107 etc.
495 4055 524 4107 in
544 4054 756 4116 distributiones
780 4056 966 4125 quotidianus,
985 4073 1135 4127 eorumque
1154 4056 1319 4113 divisionem
1338 4056 1411 4109 inter
1431 4072 1509 4124 prae·

324 4161 416 4212 sentes
435 4158 464 4211 in
478 4160 610 4233 Ecclesiis
622 4160 834 4215 cathedralibus
847 4166 876 4215 et
889 4161 1056 4231 collegiatis,
1070 4160 1097 4213 iu
1111 4161 1211 4231 quibus
1224 4159 1320 4215 nullae
1333 4164 1398 4212 scirit
1411 4159 1508 4214 huius-

325 4262 398 4316 modi
424 4264 602 4332 quotidianae
629 4263 856 4333 distributiones,
885 4265 933 4319 vel
960 4268 1025 4319 sunt
1055 4266 1098 4319 ita
1125 4270 1224 4321 tenues
1255 4270 1287 4320 ut
1316 4264 1510 4320 verisimiliter

324 4365 506 4437 negligantur
534 4370 612 4424 iuxta
637 4371 759 4426 Trident.
789 4372 893 4426 Concil.
927 4387 951 4425 c.
978 4373 1007 4435 3,
1035 4388 1101 4426 sess.
1128 4372 1172 4438 et,
1201 4382 1227 4427 et
1255 4391 1277 4426 c.
1305 4373 1334 4440 3,
1362 4390 1428 4428 sess.
1457 4376 1506 4440 22,

325 4476 368 4530 De
389 4480 509 4547 reform.
