3350 5117
316 320 383 388 550
843 348 927 393 raas
951 346 973 393 1.

316 462 469 551 adiungat
485 466 580 531 alteri
604 466 815 553 litigantium;
833 468 1031 553 proindeque
1054 470 1113 537 sub
1137 471 1273 535 dirersis
1289 470 1401 534 formis
1420 469 1502 534 iudi-

316 588 456 655 cialibus
481 610 651 675 processus
675 593 708 655 in
732 612 796 656 uno
819 594 987 679 alteraque
1008 593 1102 659 modo
1125 596 1232 660 locum
1255 594 1362 661 habet.

405 716 481 783 558.
508 718 613 801 Caput
636 718 794 782 bonifacii
818 720 903 785 Vlll
920 721 1101 805 expositum
1124 722 1320 788 mentionem
1335 740 1400 785 noo
1419 721 1500 785 tacit

322 841 385 905 nisi
408 840 448 905 de
472 841 658 908 interventu
680 845 766 907 tertii
789 844 1002 926 calantarta;
1026 844 1160 929 regulae
1182 864 1263 910 vera
1289 844 1393 928 quoad
1416 844 1501 908 alias

314 966 393 1032 duas
417 968 541 1053 species
565 968 776 1035 interventus
801 970 879 1034 alibi
903 973 1119 1036 continentur.
1137 972 1268 1036 Revera
1290 970 1417 1054 quando
1432 970 1501 1054 egi-

312 1114 384 1158 mus
416 1093 454 1157 de
483 1096 700 1179 competentia
733 1095 806 1167 tori.
839 1096 1037 1161 advertimus
1069 1099 1298 1162 continentiam
1326 1115 1497 1159 causarum

314 1215 412 1280 dividi
436 1236 501 1281 non
531 1216 661 1298 debere,
686 1218 742 1282 sed
768 1239 827 1303 per
852 1238 922 1284 eam
947 1218 1041 1292 effici,
1065 1226 1101 1285 ut
1124 1218 1221 1285 iudex
1247 1222 1290 1284 sit
1312 1223 1499 1303 competens

317 1360 415 1425 super
435 1342 498 1405 alia
514 1361 611 1407 causa
635 1363 707 1407 cum
732 1345 901 1429 principali
925 1364 1083 1426 connexa,
1101 1352 1134 1411 et
1153 1347 1185 1409 in
1202 1364 1357 1430 personas
1372 1342 1495 1408 haben-

320 1470 370 1531 tes
393 1466 561 1531 iuridicam
585 1468 776 1533 relationem
801 1490 874 1534 cum
898 1470 961 1535 illis
984 1471 1137 1556 negotiis;
1166 1471 1208 1535 ct.
1232 1490 1259 1536 a.
1284 1491 1312 1535 c.
1335 1468 1496 1535 Pruden-

318 1590 410 1663 tiam
435 1590 512 1672 §si
534 1611 613 1659 cero
639 1628 657 1641 -
683 1594 734 1659 De
757 1597 811 1677 aff.
829 1594 937 1679 dctep.
961 1596 996 1659 X
1016 1592 1343 1680 (1‚29)er20‚1)e
1366 1598 1435 1659 test.
1451 1594 1496 1660 X.

210 1732 212 1737 ¹
314 1708 371 1793 (ΙΙ,
395 1708 452 1795 20)
476 1718 508 1775 et
534 1712 565 1784 9,
593 1712 641 1778 De
664 1714 700 1778 in
723 1714 843 1801 intepr.
868 1721 946 1781 rest.
962 1716 997 1779 X
1019 1715 1212 1802 (1‚41)(1).

409 1836 494 1901 Hinc
507 1836 546 1900 ob
562 1836 660 1903 talem
673 1840 908 1903 connexionem
924 1859 1094 1905 causarum
1106 1842 1133 1905 si
1145 1859 1228 1905 unus
1240 1859 1283 1903 ex
1297 1838 1499 1923 litigantibus

319 1960 409 2041 putet
425 1956 483 2023 sibi
497 1963 710 2043 opportunum
722 1960 818 2023 alium
832 1980 953 2025 vocare
966 1962 997 2025 in
1011 1981 1151 2036 causam,
1164 1962 1243 2046 petit
1254 1981 1274 2024 a
1285 1959 1390 2025 iudice
1405 1961 1495 2025 illum

322 2084 427 2159 citari,
444 2084 544 2149 veluti
561 2092 596 2151 ut
613 2090 755 2170 praestet
777 2085 836 2151 sibi
860 2087 1052 2153 cantionem
1074 2106 1131 2153 seu
1153 2087 1367 2153 securitatem
1389 2093 1444 2151 aut
1459 2087 1496 2150 a·-

320 2206 528 2280 beratiomem
544 2228 565 2274 a
581 2210 751 2275 molestiis.
769 2213 807 2275 In
824 2212 887 2275 hac
902 2212 1010 2296 specie
1024 2213 1133 2277 citatio
1153 2212 1271 2277 dicitur
1286 2211 1353 2277 titis
1366 2211 1496 2276 denun-

312 2333 415 2401 tiatia.

408 2456 522 2532 Iudex,
537 2460 665 2545 cognita
676 2461 767 2544 petiti
781 2461 984 2526 interventus
1000 2460 1142 2545 legitima
1154 2480 1261 2535 causa,
1273 2461 1405 2525 tertium
1415 2460 1494 2525 citat

315 2582 375 2648 sibi
391 2580 568 2648 subiectum
593 2582 632 2647 ob
657 2585 892 2648 connexionem
916 2603 1096 2649 causarum.
1122 2584 1231 2659 Quare
1254 2585 1336 2649 ratio
1360 2602 1490 2668 campe·

314 2706 439 2773 tentiae
462 2708 620 2802 repetitur
643 2728 686 2773 ex
709 2708 778 2792 ipsa
801 2708 1014 2775 connexione
1037 2728 1222 2774 caasarmm
1241 2707 1297 2794 (2).

403 2970 444 3043 (ll
464 2970 505 3026 Cf.
525 2990 609 3050 supra
629 2974 670 3027 De
689 2976 891 3045 prorupatione
916 2975 1113 3045 competentiae
1137 2990 1174 3027 cx
1197 2976 1369 3029 connexione
1396 2988 1495 3028 causa-

310 3096 385 3145 rum,
403 3096 431 3132 n.
450 3079 515 3131 344
532 3096 587 3149 seq.

404 3184 443 3251 (2)
470 3184 500 3237 ln
526 3186 569 3237 cit.
596 3185 655 3237 cad.
675 3183 756 3251 Greg.
780 3183 812 3237 de
837 3185 996 3237 interuentu
1013 3186 1172 3237 necessario
1195 3181 1265 3238 haec
1289 3183 1492 3237 decernuntur:

319 3290 381 3342 Art.
400 3288 467 3342 855:
487 3306 503 3340 ι
523 3288 699 3343 teterrimas
724 3300 764 3343 cst
782 3292 971 3344 necessarius:
996 3291 1022 3357 l)
1040 3306 1124 3359 quum
1146 3288 1252 3343 iudices
1269 3293 1307 3343 ad
1333 3290 1493 3343 instantiam

315 3390 480 3446 alterutrius
499 3392 671 3461 litigantium
691 3392 845 3447 autetiam
865 3412 901 3447 ex
919 3392 1007 3462 afficio
1026 3394 1187 3459 decernunt,
1204 3394 1318 3447 tertium
1337 3393 1365 3446 in
1379 3410 1493 3447 caueam

309 3497 418 3561 vocari;
434 3496 461 3560 2)
475 3514 560 3568 quum
580 3499 682 3553 tertius
700 3504 872 3553 conuocatur
890 3517 906 3552 a
924 3516 974 3553 reo
986 3504 1123 3553 convento
1139 3501 1167 3552 in
1186 3499 1319 3553 iudicium
1338 3498 1493 3569 principale

309 3608 342 3659 ut
360 3606 413 3659 sibi
433 3610 556 3675 praestet
571 3609 726 3661 cautionem
741 3613 791 3661 aut
805 3609 999 3661 liberationem
1012 3626 1030 3661 a
1047 3607 1220 3664 molestiis).
1234 3608 1294 3661 Art„
1308 3609 1374 3663 857:
1389 3607 1493 3661 ‹Con-

311 3709 423 3763 vocatio
441 3708 470 3762 in
490 3726 602 3763 causam
623 3727 802 3779 personarum
816 3713 877 3765 foro
895 3710 993 3765 eccles.
1007 3711 1190 3765 obnoxiarum
1203 3727 1257 3764 nan
1277 3714 1368 3780 potest
1379 3709 1493 3764 decerni

308 3836 326 3873 a
345 3818 482 3873 iudicibus
502 3818 589 3873 laicis
611 3818 639 3871 Si
659 3818 688 3873 hi
707 3825 910 3888 recognoscent
928 3836 1040 3873 causam
1059 3837 1114 3873 non
1133 3835 1213 3889 possa
1231 3819 1319 3873 decidi
1337 3819 1442 3889 absque
1455 3816 1493 3871 il·

310 3924 401 3981 larum
421 3928 590 3993 interventu,
606 3928 768 3983 instantiam
789 3930 935 3983 remittent
954 3946 989 3985 ex
1009 3929 1097 4000 afficio
1109 3928 1143 3982 ad
1157 3928 1260 3982 iudices
1279 3926 1492 3982 ecclesiasticas.

308 4032 369 4085 Art.
389 4031 456 4085 860:
474 4044 491 4085 t(
511 4032 542 4085 ln
566 4031 687 4087 secundo
706 4048 772 4085 casu
791 4042 844 4085 art.
868 4032 938 4084 855
956 4048 1021 4086 reus
1039 4036 1200 4099 conventus,
1218 4033 1266 4102 qui
1285 4031 1357 4086 velit
1375 4032 1492 4087 tertium

310 4152 469 4192 convocare
488 4138 516 4191 io
535 4136 677 4205 iudicium,
693 4144 723 4191 ut
742 4155 804 4193 eum
818 4142 903 4207 cogat
924 4138 958 4191 ad
976 4140 1030 4193 sibi
1049 4138 1243 4208 praestandam
1261 4138 1422 4192 cautionem
1440 4146 1493 4194 aut

310 4240 512 4296 liberationem
538 4259 556 4296 a
580 4244 724 4311 molestiis,
744 4244 858 4299 debebit
882 4244 923 4298 illi
948 4246 1120 4299 denunciare
1145 4247 1222 4299 litem
1246 4245 1430 4299 instauratam
1454 4246 1493 4298 ab

313 4355 409 4403 actore
429 4364 453 4405 a.
475 4352 534 4404 Art.
554 4350 616 4406 871:
634 4364 651 4403 a
671 4350 1035 4407 Interventuanccossarius
1054 4352 1137 4405 etiam
1157 4352 1192 4406 ad
1211 4354 1339 4407 effectum
1352 4353 1492 4407 cautionis

312 4461 362 4511 aut
382 4457 557 4512 liberationis
576 4475 594 4511 a
612 4458 748 4513 molestiis
766 4474 820 4513 nou
835 4459 940 4528 poterit
957 4458 1066 4513 admitti
1083 4476 1172 4531 neque
1184 4459 1295 4517 decerni
1313 4477 1396 4531 quam
1415 4476 1433 4513 a
1444 4460 1491 4513 iu·
