3350 5117
452 313 497 359 nn
521 310 662 359 marcus
685 310 952 360 nccnnsrssrrcrs
1232 291 1290 355 ill

123 436 275 502 sententia
296 441 417 507 nostra,
435 434 544 506 iudex,
562 433 707 500 indubio
723 436 813 516 iuris,
829 454 888 522 pro
905 453 1091 520 possessore
1103 433 1294 501 sententiam

123 559 207 624 ferre
229 558 397 624 debet-
421 561 511 624 llaec
534 557 654 624 diserte
677 557 793 644 probat
815 559 960 645 Belgeni,
979 557 1042 624 Del
1061 575 1227 642 possessu.

123 672 182 768 >k
205 687 260 750 lus
282 686 454 770 positivum
477 684 584 767 iudici,
601 685 665 751 hac
688 686 722 749 in
741 704 788 765 re,
807 704 965 771 expresse
987 685 1033 749 nil
1057 684 1232 770 praecepit.
1250 720 1295 732 -

121 810 163 873 At
177 809 279 874 relate
293 807 334 873 ad
349 807 491 874 dubium
504 807 593 874 iuris
607 809 676 873 sive
685 807 780 890 facti,
796 809 891 873 iussit
906 805 1078 872 nonnullas
1094 827 1208 874 causas
1224 827 1296 874 esse

121 931 321 1012 favorabiles,
345 951 462 1016 nempe
488 951 602 997 causas
630 932 834 1005 matrimonii,
860 931 951 1004 dotis,
976 930 1146 1012 libertatis,
1169 931 1294 1004 viduae,

120 1057 236 1141 pupilli,
260 1055 404 1140 aliasque
423 1075 538 1122 causas
557 1058 637 1142 pias,
659 1056 741 1122 adeo
756 1059 846 1122 utin
872 1056 967 1122 dubio
990 1057 1088 1122 iudex
1112 1077 1240 1144 semper
1263 1061 1296 1123 in

119 1181 262 1246 favorem
286 1183 403 1246 harum
426 1201 599 1247 causarum
621 1183 814 1248 sententiam
837 1181 929 1247 ferre
953 1180 1076 1248 debeat.
1102 1182 1139 1244 ln
1156 1201 1230 1265 cap.
1247 1181 1297 1246 26

119 1304 166 1370 De
187 1309 270 1370 sent.
295 1309 328 1368 et
347 1323 387 1370 rc
409 1304 480 1368 iud.
498 1301 555 1388 (ΙΙ,
572 1305 629 1390 27)
645 1304 728 1369 haec
751 1304 900 1389 specialis
921 1303 1035 1390 regula
1051 1306 1095 1369 iia
1110 1304 1297 1370 decernitur

118 1434 152 1493 ut
172 1446 238 1491 non
255 1423 390 1490 difficile
412 1423 621 1491 subaudiatur
636 1427 830 1512 principium
846 1427 1001 1512 generale
1024 1447 1044 1492 a
1067 1427 1159 1492 nobis
1183 1429 1298 1492 consti·

117 1556 237 1626 tutum;
253 1550 435 1636 disponitur
450 1551 550 1616 enim:
569 1571 587 1613 a
669 1556 755 1618 tanet
766 1571 834 1634 pro
850 1571 909 1618 reo
925 1571 995 1619 noa
1007 1571 1074 1636 pro
1092 1557 1207 1618 actore
1221 1572 1297 1618 sea-

119 1675 227 1746 tentia.
240 1675 313 1740 nisi
326 1675 364 1739 in
375 1693 481 1741 caasa
494 1674 688 1758 fauorabili,
697 1681 787 1758 puta
802 1676 1032 1750 matrimonio,
1047 1675 1207 1752 libertate,
1222 1677 1298 1743 dole

120 1819 177 1864 sau
192 1805 391 1866 testamento
407 1821 437 1864 ›.
453 1799 544 1875 Quae
560 1789 677 1866 musae
688 1801 824 1886 proinde
836 1821 879 1868 ex
891 1801 1057 1869 voluntate
1069 1805 1149 1870 iuris
1161 1806 1299 1890 positiva

118 1923 309 1988 mustitutae
333 1923 462 1990 suntin
486 1923 630 2008 legitima
648 1925 861 2007 possessione
868 1945 883 2008 ;
906 1927 1058 1990 nimirum
1082 1929 1299 2012 praesumitur

120 2047 365 2114 matrimonium.
381 2051 609 2112 testamentum
624 2066 695 2112 esse
710 2047 862 2120 validum,
879 2048 1040 2114 hominem
1058 2068 1129 2114 esse
1147 2047 1294 2121 liberum,
1310 2037 1312 2040 ’

117 2165 338 2252 dispositiones
360 2168 400 2233 ad
423 2189 537 2234 causas
560 2170 630 2255 pias
653 2167 764 2234 firmas
779 2175 812 2235 et
827 2176 916 2236 ratas
940 2191 1021 2244 esse,
1046 2171 1147 2236 donec
1171 2175 1298 2236 contra·

118 2297 196 2359 rium
219 2299 337 2380 aperte
360 2295 527 2370 doceatur;
552 2296 594 2361 cf.
619 2295 754 2362 Lemkul
777 2297 805 2368 Ι,
829 2318 864 2361 aa.
890 2297 971 2363 808.

202 2418 266 2484 Sed
287 2418 471 2503 aliquando,
488 2425 521 2484 et
537 2424 586 2484 est
601 2419 832 2504 exceptionalis
849 2439 951 2488 casus.
970 2427 1085 2487 neuter
1103 2421 1298 2508 litigantium

119 2543 154 2606 ia
171 2543 386 2626 possessione
408 2549 470 2619 est;
494 2545 595 2609 veluti
618 2564 714 2628 quum
730 2547 899 2628 quaeritur
915 2547 1042 2610 cuinam
1059 2543 1207 2612 beneficii
1230 2567 1299 2632 pos·

120 2669 212 2733 sessio
234 2669 452 2734 adiudicanda
474 2671 524 2742 sit,
539 2670 593 2734 vel
616 2671 744 2735 cuinam
768 2691 822 2735 res
846 2671 979 2735 inventa
1001 2677 1034 2736 et
1057 2671 1140 2756 apud
1164 2673 1295 2737 tertium

121 2789 265 2877 deposita.
283 2791 458 2857 tribuenda
480 2794 536 2868 sit;
552 2794 606 2858 vel
629 2795 655 2858 si
679 2800 796 2860 neuter
818 2795 1011 2881 litigantium
1035 2797 1077 2860 sit
1100 2797 1133 2860 in
1149 2796 1298 2881 pacifico-

120 2919 328 3000 possessione.
350 2917 442 2981 Tunc
465 2916 562 2982 iudex
585 2937 628 2983 ex
650 2919 761 2984 intima
784 2919 831 2984 sui
848 2920 947 2983 animi
970 2921 1188 3004 persuasione,
1205 2917 1299 2984 debet

117 3041 307 3104 sententiam
331 3039 483 3123 proferre
503 3039 650 3104 omnibus
664 3042 833 3126 perpensis
850 3041 930 3106 iuris
946 3045 979 3107 ct
994 3041 1070 3104 lacti
1087 3039 1298 3120 adminiculis

116 3161 315 3244 amplectens
338 3180 409 3225 eam
434 3162 732 3246 interpretationem
756 3181 853 3246 quam
876 3164 908 3228 in
932 3181 1009 3228 casu
1033 3167 1186 3228 concreto
1210 3167 1300 3248 putat

117 3287 215 3371 magis
237 3305 377 3370 aequam
384 3335 392 3366 ,
417 3291 450 3349 et
471 3284 720 3351 accommodam.
746 3287 825 3350 Nam
850 3305 947 3370 quum
970 3288 1019 3352 ius
1041 3288 1211 3373 positivum
1234 3305 1298 3351 non

116 3415 165 3476 est
185 3429 389 3496 expressum,
412 3408 576 3492 sequenda
598 3415 648 3475 est
670 3409 828 3475 naturalis
851 3410 996 3496 aequitas
1019 3407 1074 3494 (l).

203 3675 242 3743 (l)
263 3674 370 3729 Beldus
388 3675 416 3728 in
436 3676 455 3727 l.
472 3675 573 3731 Omnes
587 3676 690 3746 populi
706 3695 733 3729 n.
750 3676 785 3728 19
802 3679 832 3747 ff.
847 3677 962 3730 Deiust.
978 3679 1072 3730 stiur.
1087 3675 1184 3730 delinit
1202 3678 1300 3746 acqui-

116 3789 207 3847 tatem,
222 3779 295 3835 adeo
314 3785 348 3834 ut
364 3780 414 3834 sit:
426 3795 444 3833 s
457 3779 594 3850 quaedam
614 3781 752 3834 factorum
775 3781 971 3835 convenientis
989 3785 1017 3835 et
1040 3780 1177 3835 rectitudo
1194 3781 1300 3846 iudicii,

117 3887 275 3943 naturalem
294 3903 414 3960 sequens
432 3888 569 3942 rationem
582 3906 607 3952 a,
626 3889 660 3942 cf.
674 3889 807 3953 Barbose,
823 3891 961 3942 Aricinos.
977 3889 1023 3956 15,
1039 3906 1067 3941 n.
1084 3891 1114 3940 5.
1133 3887 1170 3941 Et
1188 3886 1253 3942 hinc
1273 3889 1300 3942 in

119 3994 137 4045 l.
156 3994 269 4050 Placuit
290 3993 358 4048 Ced.
378 3994 419 4047 De
438 3993 496 4047 iud.
514 3991 585 4046 haec
602 3995 693 4047 fertur
711 3991 822 4061 regula:
844 3991 986 4046 «Placuit
1010 3995 1040 4045 in
1066 3995 1193 4046 omnibus
1216 3993 1301 4046 rebus

113 4105 301 4174 praecipuam
320 4117 380 4156 esse
397 4103 518 4156 iustitiae
536 4102 736 4172 aequitatisque
754 4102 877 4171 scriptae
900 4119 983 4172 quam
1008 4102 1100 4156 stricti
1123 4104 1195 4156 iuris
1213 4103 1302 4154 raa'o·

117 4228 180 4265 nem
192 4229 222 4278 »ς
241 4216 273 4266 et
292 4211 322 4263 in
341 4228 401 4282 cap.
417 4210 452 4263 13
464 4211 506 4262 Dc
526 4213 572 4281 off.
591 4211 648 4264 iud.
662 4209 719 4264 del.
735 4211 765 4263 X
776 4210 807 4278 (l,
820 4209 867 4280 29)
881 4210 1048 4276 decernitur,
1066 4211 1184 4266 iudicem
1204 4223 1258 4262 «...
1272 4211 1301 4262 in

115 4331 201 4368 causa
217 4317 303 4368 iuxta
320 4315 393 4368 iuris
409 4316 577 4384 aequitatem
590 4315 748 4385 procedere
762 4332 785 4366 ›.
800 4313 829 4366 Si
843 4331 908 4369 vero
922 4314 1033 4369 deficiat
1052 4315 1179 4386 aequitas
1198 4314 1303 4382 scripta

117 4420 160 4474 vel
179 4421 224 4476 ins
242 4419 396 4491 positivum
415 4419 485 4474 nihil
503 4419 607 4474 habeat
625 4435 796 4490 expressum,
809 4420 875 4490 quia
888 4418 942 4485 lex,
956 4423 1056 4489 utputa
1075 4423 1117 4473 est
1129 4418 1221 4485 dubia,
1236 4423 1302 4470 tunc
