3350 5117
310 306 375 373 172
832 323 917 370 rans
940 324 960 369 1.

400 446 467 511 luri
492 464 626 509 romano
642 443 845 509 Procurator
865 442 1008 524 limatis,
1033 443 1091 533 qui
1110 440 1494 527 eubodieruislem‘btm

308 560 521 669 corpstituitun
546 570 721 670 pqa-ecipue
740 570 777 657 ‚in
810 570 917 657 causis
947 566 1177 666 orimiualibus,
1209 566 1486 663 ipcffinitufflit.

309 696 381 762 Hoc
416 697 487 760 iure
518 696 620 781 riguit
654 695 740 761 actio
776 693 968 790 criminatis
996 693 1180 776 popularis
1213 712 1272 759 seu
1302 698 1486 778 competens

307 822 497 904 cuicumque
521 820 593 889 civi,
619 840 754 904 quorum
780 820 939 884 intererat
961 838 1118 884 accusare
1141 821 1342 900 criminosos,
1366 840 1408 885 ne
1430 819 1487 884 im-

307 943 409 1027 puniti
440 943 625 1009 evaderent.
651 945 722 1008 Non
746 942 862 1008 aderat
884 944 970 1007 enim
993 944 1078 1009 alius
1101 946 1281 1010 Accusator
1304 964 1347 1010 ex
1370 943 1485 1019 otiicio,

308 1066 362 1150 qui
385 1066 502 1131 civium
527 1066 690 1151 suppleret
713 1067 943 1153 negligentiam
967 1067 999 1130 in
1023 1067 1254 1151 persequendis
1277 1069 1351 1133 reis.

400 1189 574 1256 136.1u1·e
612 1210 682 1255 can.
706 1196 879 1276 exceptum
910 1191 972 1257 fuit
998 1196 1142 1276 systema
1171 1194 1408 1256 accusatorium
1437 1209 1488 1254 ro

308 1336 448 1389 manum,
470 1317 526 1383 sed
549 1319 655 1382 statim
679 1318 821 1403 suppleri
846 1319 952 1403 coepit
973 1316 1116 1383 fidelium
1139 1318 1192 1383 vel
1214 1318 1413 1405 negligentia
1435 1318 1488 1383 vel

309 1446 430 1510 matitia
457 1446 490 1510 in
514 1445 700 1510 criminibus
730 1444 930 1520 accusandis,
952 1465 1012 1529 per
1041 1445 1278 1529 inquisitionem
1310 1465 1353 1510 ex
1382 1443 1488 1510 officio

309 1571 483 1636 institutam
507 1570 548 1634 ab
573 1571 749 1656 Episcopis‚
772 1572 825 1653 qui
850 1570 1057 1655 invigilantes
1081 1572 1113 1634 in
1138 1568 1272 1636 salutem
1297 1573 1487 1643 animarum,

309 1698 425 1759 curant
455 1695 593 1759 crimina
623 1696 719 1759 etiam
744 1694 871 1759 occulta
894 1694 1048 1780 detegere
1070 1700 1104 1759 et
1126 1715 1343 1780 compescere,
1373 1716 1415 1761 ne
1437 1717 1489 1763 oc·

309 1816 396 1881 culta
425 1816 495 1882 lues
526 1822 636 1901 serpat
663 1822 696 1882 et
718 1818 869 1902 populum
898 1819 1109 1885 christianum
1138 1817 1269 1885 inficiat.
1294 1820 1488 1885 -Sensim

309 1941 409 2007 multo
432 1939 595 2007 efficacior
618 1960 654 2007 se
676 1943 810 2027 protulit
837 1942 878 2007 ad
901 1944 1038 2008 crimina
1060 1944 1284 2029 persequenda
1299 1945 1381 2010 haec
1404 1945 1489 2010 ratio

310 2066 521 2148 inquisitionis
546 2070 577 2130 et
601 2068 814 2132 accusationis
839 2087 885 2134 coa
900 2067 1018 2153 officie,
1036 2088 1131 2153 quam
1147 2068 1259 2134 modus
1274 2070 1489 2135 accusationis

310 2184 482 2270 popularis;
507 2205 607 2270 quare
631 2190 732 2273 magis
755 2189 788 2251 in
813 2188 880 2253 dies
903 2209 1019 2255 munus
1035 2190 1207 2256 accusandi
1230 2194 1263 2256 in
1288 2190 1404 2256 iudicio
1427 2192 1490 2257 cri·

312 2397 386 2452 tituli
406 2400 435 2452 in
456 2400 577 2469 Digestis
591 2402 632 2455 Da
645 2401 733 2472 officio
747 2404 944 2473 procuratoris
960 2402 1088 2457 Caesaris
1106 2406 1135 2456 et
1154 2404 1196 2458 De
1211 2404 1444 2474 procuratoribus
1461 2413 1489 2457 ct

310 2508 519 2578 defensoribus3
537 2508 565 2561 in
584 2508 684 2565 Codice
709 2526 784 2575 vero,
809 2508 885 2565 tituli
904 2510 947 2565 Da
961 2510 1195 2581 procuratoribus
1249 2510 1436 2581 praediorum
1452 2512 1489 2580 fi-

310 2614 429 2667 scotiam
447 2616 546 2669 dornus
564 2618 685 2685 Aupustr'
704 2618 733 2671 at
752 2617 794 2670 De
812 2618 1010 2685 defensoribus
1023 2617 1173 2682 ciuitatum,
1186 2616 1292 2685 species
1313 2617 1489 2670 constituunt

310 2717 355 2771 vel
374 2722 538 2773 enumerant
556 2728 680 2774 tutorum
696 2724 745 2773 aut
758 2730 922 2774 curatorum
934 2720 963 2773 in
976 2720 1098 2789 negotiis
1111 2720 1247 2774 civilibus.
1262 2720 1284 2773 E
1297 2723 1396 2774 contra
1408 2718 1489 2773 Proc.

311 2825 391 2891 Fisc,
404 2826 495 2895 prouti
509 2824 590 2881 hodie
609 2828 695 2896 viget,
709 2826 890 2881 constituitur
908 2827 1055 2896 praecipue
1074 2843 1124 2897 pro
1142 2828 1233 2881 causis
1245 2825 1437 2881 criminalibus
1454 2824 1490 2879 ad

311 2932 499 3002 persequenda
512 2933 628 2985 crimina
648 2936 676 2987 et
695 2936 726 2985 ut
745 2932 874 3001 invigilet
886 2932 915 2984 in
929 2937 1033 2986 rectam
1048 2931 1141 3001 legum
1153 2933 1359 2987 observantiam
1377 2938 1408 2988 et
1426 2950 1491 2988 exe-

310 3036 459 3091 cutionem.
472 3064 508 3078 -
521 3036 644 3092 Crimina
657 3038 787 3109 persequi
800 3037 874 3108 apud
895 3038 1033 3092 Romanos
1052 3040 1228 3108 competebat
1246 3037 1365 3107 singulis
1383 3038 1491 3093 civibus

310 3144 411 3214 quibus
420 3149 581 3213 comparata
592 3150 657 3199 erat
665 3148 736 3201 actio
743 3148 896 3217 popularis
909 3147 1074 3201 erminum.
1086 3174 1123 3188 -
1132 3150 1170 3200 At
1179 3148 1239 3201 iure
1249 3164 1310 3201 cau.
1324 3147 1421 3200 statim
1431 3147 1490 3199 iuo-

311 3249 392 3304 lescit
410 3250 557 3304 criminum
578 3253 714 3307 insecutio
733 3271 770 3307 aa
788 3252 877 3322 officio
893 3252 1023 3305 instituta
1041 3270 1058 3305 a
1076 3251 1190 3323 publica
1201 3253 1379 3318 auctoritate,
1391 3268 1490 3321 nempe

311 3360 346 3413 ab
366 3358 509 3428 Episcopis
528 3360 639 3430 suisque
658 3360 801 3426 ministris,
821 3359 908 3413 dorica
927 3364 1052 3430 systema
1069 3359 1267 3429 inquisitiuum,
1285 3362 1492 3413 accusatorium

311 3486 347 3523 aa
371 3466 468 3538 officio,
485 3468 545 3521 iure
565 3468 761 3533 Decretalium‚
780 3486 814 3522 ex
834 3468 939 3522 Concil.
960 3468 1019 3522 Lat.
1038 3468 1077 3520 lV
1095 3468 1129 3521 ad
1154 3469 1271 3522 formam
1296 3466 1394 3521 stricte
1418 3466 1491 3521 iudi-

311 3571 410 3628 cialem
436 3577 465 3627 et
492 3574 660 3627 ordinariam
687 3574 881 3629 constituitur:
901 3575 935 3628 cf.
956 3594 978 3628 c.
998 3592 1021 3628 c.
1040 3576 1139 3628 2425
1159 3576 1201 3628 De
1224 3588 1315 3627 accus.
1336 3572 1366 3627 X
1382 3571 1429 3643 (V,
1450 3571 1490 3644 1);

310 3680 348 3732 31
367 3680 409 3734 De
434 3682 553 3734 simonia
575 3680 602 3734 X
619 3679 665 3752 (V,
685 3681 728 3750 3);
746 3686 776 3737 et
796 3683 893 3736 tone
913 3698 999 3754 perp.
1019 3699 1079 3734 cau.
1101 3682 1131 3734 X
1154 3681 1200 3749 (V,
1218 3680 1274 3748 34).
1294 3678 1418 3736 Maxime
1443 3696 1492 3751 per
1559 3720 1564 3725 -
1667 3663 1669 3668 Ι

311 3800 394 3844 testes
412 3792 562 3859 synodales
582 3790 777 3859 perficiebatur
796 3790 946 3860 vigilantia
965 3792 992 3843 in
1012 3790 1107 3859 legum
1125 3790 1331 3845 observantiam
1350 3792 1380 3843 at
1397 3788 1492 3860 iuqui-

310 3896 377 3952 sitio
394 3896 423 3951 in
443 3896 568 3951 crimina.
590 3894 628 3950 Da
647 3894 723 3950 hisce
743 3897 863 3951 testibus
881 3896 924 3949 ita
942 3894 1052 3951 disserit
1065 3895 1165 3951 Bened.
1180 3894 1246 3948 XIV
1264 3894 1294 3948 in
1312 3911 1357 3964 op.
1370 3896 1412 3948 Da
1427 3896 1492 3963 Spa

311 4004 405 4057 Dioec.
420 4022 443 4057 c.
458 4004 488 4067 3,
501 4021 528 4055 n.
544 4002 579 4055 8:
593 4020 609 4052 ι
622 4001 777 4073 Synodales
796 4005 883 4056 testes
903 4003 962 4057 tere
981 4001 1084 4073 ubique
1102 4001 1301 4068 desuererunt3
1326 4000 1355 4053 in
1380 4016 1492 4055 eorum·

311 4126 365 4180 que
384 4110 475 4163 locum
495 4108 602 4163 suffecti
623 4112 687 4161 sunt
708 4108 835 4163 Fiscales
856 4107 1059 4177 Episcoporum
1078 4112 1107 4161 et
1126 4106 1238 4171 Decani,
1258 4103 1376 4170 bocest,
1386 4105 1493 4159 Vicarii

311 4218 440 4283 Foranei
459 4218 505 4289 qui
525 4218 630 4287 utique,
649 4215 879 4287 quemadmodum
902 4215 1024 4271 advertit
1044 4215 1207 4284 Van-Espen
1226 4213 1299 4281 (Iar.
1320 4213 1397 4268 Eccl.
1415 4219 1491 4268 unta.

317 4322 382 4389 ml,
398 4340 426 4393 p.
447 4324 491 4388 18,
505 4340 531 4375 u.
552 4322 607 4389 14),
626 4322 648 4375 si
668 4322 802 4386 doctrina,
825 4322 941 4391 pietate,
960 4320 1106 4389 prudentia
1124 4324 1153 4373 et
1171 4318 1231 4373 zelo
1245 4322 1430 4387 praestarent,
1443 4318 1495 4388 Sy·

311 4428 458 4481 audatiam
476 4428 585 4481 testium
605 4426 742 4481 defectum
761 4424 927 4495 supplerent
944 4428 973 4478 et
991 4426 1205 4493 compensarent
1218 4440 1242 4477 s.
1257 4421 1343 4476 Plura
1356 4421 1495 4476 historiae
