3350 5117
488 350 532 396 na
556 348 696 396 ruurcns
721 348 985 397 aconasrns‘rrcrs
1259 332 1326 398 599

234 472 267 559 3)
291 474 436 557 Denique
467 470 503 537 fit
533 474 660 537 ratione
690 472 891 559 gravaminis
924 473 1012 538 illati
1045 474 1099 539 vel
1131 474 1326 567 111101011ος

142 616 219 661 nam
243 601 349 683 potest
372 597 528 683 appellari
552 616 618 662 uon
642 596 744 662 solum
775 598 1015 685 augravamiue
1045 599 1110 663 iam
1139 598 1326 681 1110101011

143 724 244 789 etiam
268 744 288 789 a
303 723 422 825 'futuro
446 743 504 789 seu
518 722 708 806 inferendo.
727 758 770 771 -
789 722 921 789 Revera
936 724 963 788 si
979 724 1051 807 quis
1066 724 1241 810 appellata
1256 744 1326 789 sen·

140 848 246 912 tentia
267 844 439 921 definitiva,
457 847 598 933 appellat
620 866 641 913 a
657 846 851 933 gravamine
865 848 929 912 iam
944 848 1045 931 illato,
1060 848 1227 933 appellans
1245 868 1326 912 vero

139 970 183 1036 ab
206 971 474 1055 interlocutoria,
492 974 665 1059 aliquando
685 978 838 1041 movetur
862 992 883 1038 a
905 976 1093 1059 gravamine
1112 973 1224 1040 forsan
1246 972 1326 1037 infe·

139 1096 245 1162 rendo
269 1100 303 1163 in
327 1097 492 1165 definitiva
516 1099 555 1164 ob
578 1098 735 1165 influxum
760 1098 934 1165 decisionis
957 1099 1234 1166 interlocutoriae.

233 1221 426 1288 Canonistae
450 1223 610 1288 subtiliter
633 1224 803 1306 inquirunt
821 1221 980 1307 quomodo
998 1222 1156 1308 appellari
1179 1222 1326 1306 possita

137 1344 263 1427 futuro
286 1346 507 1432 procamium
531 1346 572 1411 of.
590 1347 738 1413 Schmalz
763 1347 794 1411 11.
824 1352 845 1413 1.
868 1347 977 1413 a17.
1001 1382 1046 1395 -
1070 1348 1199 1433 Negant
1219 1366 1323 1433 posse,

136 1474 175 1537 in
199 1490 331 1557 genere,
348 1472 504 1557 appellari
529 1492 549 1537 a
572 1474 762 1558 gravamine
786 1471 873 1556 quod
896 1470 1070 1539 nullimode
1093 1472 1201 1538 adhuc
1222 1479 1272 1538 est
1290 1474 1325 1537 il·

136 1596 253 1670 latum,
270 1600 419 1681 tempore
441 1615 504 1681 quo
519 1594 555 1661 fit
571 1596 754 1683 appellatio.
773 1631 817 1645 -
835 1597 967 1663 Revera
986 1598 1159 1683 appellatio
1174 1597 1324 1683 dirigitur

137 1720 184 1787 ad
207 1719 436 1819 corrigendum
459 1726 567 1786 actum
591 1719 630 1785 ob
654 1720 805 1786 damnum
833 1722 951 1787 iniuste
974 1720 1013 1785 ab
1037 1720 1149 1785 eodem
1171 1720 1235 1785 iam
1256 1721 1325 1784 illa·

137 1850 211 1912 tum
227 1852 282 1911 aut
304 1844 519 1910 inferendum.
537 1846 626 1930 Ergo
650 1845 822 1932 appellatio
849 1850 899 1911 est
921 1842 1145 1922 fmustratorio
1165 1845 1325 1909 101111111-

138 1970 289 2043 tioaalia
307 1989 389 2054 quae
405 1971 528 2055 impetit
550 1974 657 2035 actum
681 1990 724 2035 ex
747 1990 810 2053 quo
833 1969 957 2035 nullum
974 1987 1150 2054 gravamen
1173 1988 1215 2032 ne
1234 1988 1324 2054 prae

141 2092 249 2159 videri
273 2092 400 2177 quidem
427 2098 484 2159 aut
505 2094 614 2158 timeri
644 2096 761 2178 potest.
787 2092 1005 2167 Quamobrem
1037 2112 1215 2178 gravamen
1242 2092 1325 2177 quod

144 2216 362 2302 appellatione
385 2218 455 2282 vult
482 2216 676 2303 propulsari,
702 2218 728 2281 si
759 2237 824 2282 non
856 2218 891 2283 in
922 2220 1050 2302 effectu,
1074 2222 1184 2284 tamen
1210 2219 1244 2282 in
1267 2239 1326 2283 sua

142 2360 252 2407 causa
275 2343 425 2426 proxime
440 2340 536 2406 debet
551 2343 614 2405 iam
638 2360 709 2407 esse
724 2340 862 2416 illatum,
879 2361 974 2408 secus
996 2342 1168 2428 appellatio
1191 2348 1324 2409 nonest
1353 2400 1357 2407 .

138 2468 262 2533 rationi
287 2485 438 2533 consona.

230 2590 306 2656 618.
331 2591 512 2685 Appellatio
532 2590 688 2657 dividitur
703 2593 737 2656 in
753 2592 952 2659 iudicialem
968 2600 1000 2657 et
1017 2593 1321 2676 emtroiudiciolem‚

135 2716 247 2803 prouti
278 2722 475 2801 provocatur
505 2716 545 2781 ab
576 2716 701 2782 actibus
725 2716 938 2799 iudicialibus,
961 2718 1086 2785 scilicet
1115 2736 1136 2781 a
1162 2719 1323 2783 sententia

135 2840 193 2905 vel
217 2840 332 2906 iudicis
355 2839 502 2917 decretam
526 2846 581 2906 aut
604 2841 644 2906 ab
672 2842 797 2908 actibus
829 2842 1138 2924 extraiudicialibus,
1161 2848 1273 2929 utputa
1303 2863 1324 2907 a

135 2966 273 3034 decreto
298 2968 448 3052 Episcopi
472 2987 570 3052 super
593 2968 857 3052 praesentatione
887 2967 940 3031 vel
968 2967 1141 3054 collatione
1163 2966 1321 3040 beneficii.
1349 3030 1357 3039 ,

135 3094 188 3157 De
204 3093 267 3159 hac
282 3095 327 3159 ita
343 3092 490 3158 decernit
502 3093 597 3157 Alex.
613 3094 662 3159 III
680 3094 713 3157 in
730 3112 805 3176 cop.
816 3094 850 3166 5,
865 3094 896 3157 11.
910 3098 931 3159 1.
945 3096 977 3160 X
993 3095 1051 3175 (Il.
1064 3093 1121 3177 28)
1132 3118 1150 3156 ‹
1163 3094 1197 3160 Si
1208 3114 1288 3160 vero
1304 3117 1324 3161 a

136 3217 331 3300 gravamine
354 3220 387 3280 et
410 3220 485 3280 ante
507 3215 573 3279 litis
595 3216 778 3300 ingressum
803 3216 906 3283 fuerit
919 3217 1125 3301 appellatum,
1140 3219 1323 3286 huiusmodi

134 3335 290 3403 audiatur
312 3338 489 3424 appellans,
507 3339 658 3423 quoniam
678 3340 765 3404 sacri
783 3358 925 3405 canones
941 3340 1038 3405 etiam
1055 3346 1150 3406 extra
1172 3342 1340 3424 1111101011

134 3464 258 3550 passim
281 3464 447 3550 appellare
471 3465 680 3549 permittunt:
705 3483 767 3529 nec
793 3464 900 3529 solent
922 3465 1102 3531 huiusmodi
1118 3466 1181 3532 dici
1202 3487 1324 3534 arrau-

133 3607 312 3669 marrones,
325 3588 383 3654 sed
399 3608 672 3675 raovocarrorvas
688 3588 729 3653 ad
746 3608 879 3655 causam
893 3610 923 3654 11.
938 3589 1030 3655 Haec
1045 3596 1209 3675 postrema
1223 3591 1325 3657 verba

130 3714 253 3795 aperte
275 3709 458 3795 significant
479 3716 546 3777 toto
574 3712 665 3776 coelo
698 3708 832 3777 differre
864 3712 1113 3796 appellationem
1144 3713 1322 3778 extraiudi-

131 3834 251 3900 cialem
277 3855 296 3899 a
320 3836 471 3919 iudiciali,
489 3842 522 3902 et
543 3837 632 3903 illam
656 3839 783 3903 nonnisi
809 3837 986 3923 improprie
1001 3838 1248 3924 appellationem
1264 3859 1322 3903 vn-

132 3958 219 4030 cari,
244 3978 317 4023 cum
340 3959 381 4025 sit
404 3979 469 4025 non
493 3980 610 4026 causae
632 3962 819 4046 prosecutio
844 3960 928 4047 apud
950 3959 1087 4026 iudicem
1111 3962 1321 4047 superiorem,

131 4081 194 4148 sed
218 4102 299 4147 vera
321 4102 439 4149 causae
461 4085 652 4149 instauratio
677 4103 735 4150 seu
759 4084 865 4170 prima
888 4084 1032 4149 inlitam
1055 4087 1253 4169 provocatio.
1278 4086 1323 4152 Si-

130 4202 264 4289 quidem
291 4204 432 4271 clericus
456 4208 518 4291 qui,
543 4212 659 4293 putans
687 4226 722 4271 se
746 4214 916 4292 gravatum
945 4225 1016 4272 esse
1040 4226 1092 4271 ex.
1117 4209 1322 4292 311110011-

129 4348 235 4395 cursu
257 4329 447 4414 parochiali,
464 4333 605 4417 appellat
629 4331 669 4397 ad
690 4333 986 4419 Metropolitanum,
1003 4340 1160 4418 provocat
1174 4354 1232 4399 seu
1248 4354 1322 4399 con·

127 4455 226 4519 venit
241 4454 436 4541 Episcopum
459 4456 543 4542 apud
567 4456 859 4545 Metropolitanum
882 4458 912 4522 ei
935 4477 1165 4543 responsurum
1190 4458 1229 4524 de
1244 4459 1322 4545 legi-
