3350 5117
330 290 396 357 398
673 311 717 357 on
741 310 881 357 runicus
904 310 1170 358 nccnnsmsrrcrs

419 429 494 495 362.
531 430 593 496 Sed
627 451 692 496 non
726 432 829 496 solum
864 430 1078 496 attendendae
1113 438 1189 499 sunt
1221 431 1328 498 feriae
1362 453 1404 498 ex
1438 434 1511 517 ipso

330 554 491 616 communi
511 554 581 619 iure
597 554 757 637 inductae,
775 554 829 621 sed
846 556 943 621 etiam
959 556 1115 641 speciales
1132 558 1360 641 cuiuscumque
1382 558 1509 621 curiae.

331 674 411 738 Nam
435 674 475 740 de
505 677 575 740 iure
605 677 795 762 particulari
823 677 1013 742 dioecesano
1039 677 1145 745 induci
1169 684 1304 764 possunt
1331 678 1433 743 feriae
1458 680 1512 742 iu·

330 797 468 865 dictales
491 818 557 863 non
579 819 673 864 secus
695 819 735 864 ac
758 801 841 864 aliae
864 800 977 865 feriae.
1002 802 1045 866 nt
1069 803 1095 866 si
1118 809 1221 883 actor,
1238 821 1314 867 reus
1337 807 1370 867 et
1393 800 1506 873 iudex,

329 923 486 990 habentes
520 926 649 991 diversa
683 925 853 997 domicilia,
882 926 1029 993 habitant
1060 928 1092 990 in
1124 926 1262 992 diversis
1292 925 1504 1001 dioecesibus,

330 1050 384 1115 ubi
407 1051 447 1116 de
479 1052 708 1117 consuetudine
732 1054 783 1117 rel
817 1052 857 1118 de
880 1053 1106 1118 constitutione
1137 1052 1328 1118 dioecesana
1355 1052 1507 1118 diversae

330 1181 467 1241 statutae
490 1182 564 1241 sunt
587 1177 690 1242 feriae
717 1177 899 1253 iudiciales;
925 1180 1097 1262 quaeritur
1123 1197 1165 1243 au
1192 1178 1415 1243 observandae
1442 1178 1512 1244 sint

332 1296 435 1364 feriae
466 1300 586 1373 iudicis,
619 1306 675 1366 aut
706 1303 809 1387 potius
836 1305 957 1369 actoris
986 1303 1040 1368 rel
1069 1302 1139 1368 reli
1171 1305 1210 1368 In
1241 1324 1363 1389 genere
1392 1302 1514 1368 habea-

330 1430 383 1489 tur
405 1425 468 1491 hoc
491 1428 693 1513 principium,
718 1446 833 1513 nempe
858 1429 985 1492 servari
1010 1428 1109 1493 ferias
1135 1430 1220 1494 illius
1243 1430 1363 1507 curiae,
1388 1430 1514 1512 inqua

330 1556 420 1613 actus
444 1548 600 1615 iudicialis
630 1553 703 1635 poni
728 1550 838 1627 debet;
872 1571 972 1635 quare
996 1573 1060 1617 non
1083 1553 1261 1618 attenditur
1284 1553 1409 1618 directe
1432 1572 1512 1638 par·

330 1676 407 1739 tium
431 1675 635 1743 domicilium.
661 1677 715 1743 sed
747 1680 837 1743 curie
861 1677 944 1762 apud
968 1698 1063 1761 quam
1087 1678 1275 1763 proceditur
1297 1676 1512 1755 iudicialiter;

330 1801 371 1865 cf.
397 1802 694 1888 Schmelzgrueber,
721 1802 750 1866 lt.
776 1808 796 1867 i.
821 1824 856 1867 n.
881 1802 938 1876 40,
962 1805 1126 1889 Zallinger
1142 1805 1173 1868 h.
1191 1810 1211 1869 i.
1228 1825 1262 1869 n.
1286 1803 1365 1871 130.
1382 1806 1508 1870 'lamen

328 1927 368 1991 ab
393 1928 571 1993 huiusmodi
589 1934 760 2013 praecepto
785 1929 876 1992 iuxta
899 1929 1077 1993 communis
1093 1929 1173 1993 iuris
1194 1930 1354 2014 principia
1369 1937 1509 1996 excusat

329 2050 508 2116 necessitas
530 2056 563 2115 et
581 2051 701 2133 pietas,
726 2052 831 2135 prouti
856 2050 1002 2115 decernit
1025 2051 1123 2136 Greg.
1148 2052 1199 2116 IX
1222 2052 1256 2115 in
1281 2072 1307 2117 c.
1332 2053 1392 2117 uit.
1418 2052 1452 2116 h.
1478 2057 1511 2131 i.,

330 2196 461 2259 nempe:
482 2198 500 2239 ‹<
568 2176 689 2261 quibus
712 2176 916 2243 solemnibus
942 2176 1041 2258 feriis
1065 2176 1147 2253 (nisi
1172 2178 1353 2242 necessitas
1382 2181 1510 2262 unqeat

328 2306 387 2363 out
418 2301 528 2382 pietus
561 2300 735 2383 suadeat),
772 2319 880 2384 nsque
913 2300 999 2366 odeo
1037 2300 1193 2367 conuenit
1225 2299 1270 2365 ub
1305 2300 1506 2367 huiusmodi

329 2422 506 2498 abstinere,
537 2428 575 2488 ut
604 2422 884 2490 consentientibus
914 2424 1016 2489 etiarn
1035 2423 1194 2506 partibus
1227 2442 1291 2489 nec
1320 2442 1507 2505 processus

330 2546 463 2612 babitus
486 2536 595 2614 teneat
609 2566 671 2613 nec
686 2548 850 2613 sententio
866 2566 971 2632 quarn
997 2548 1159 2634 continpit
1174 2547 1292 2613 diebus
1310 2546 1510 2612 huiusmodi
1586 2542 1591 2552 '

325 2671 554 2757 promutpori.
577 2672 667 2737 Licet
684 2672 801 2738 diebus
815 2672 957 2755 feriatis,
975 2672 1036 2756 qui
1049 2672 1165 2758 pratia
1179 2672 1436 2738 vindemiarum
1457 2672 1512 2738 oet

328 2797 489 2862 messium
505 2796 546 2863 ob
568 2792 778 2862 necessitates
795 2797 971 2863 bominum
985 2796 1218 2883 indumentum
1235 2796 1381 2879 procedi
1395 2797 1512 2864 velem

328 2921 358 2986 si
381 2921 423 2985 cte
442 2921 599 3003 partium
619 2920 824 3003 processerit
845 2922 1018 2987 uoluntate
1034 2942 1066 2985 ».

418 3044 494 3109 363.
519 3045 650 3109 Demum
668 3044 707 3108 ad
731 3044 971 3129 distinguendos
994 3044 1063 3109 dies
1085 3045 1219 3109 feriatos
1242 3064 1262 3108 a
1284 3063 1349 3107 non
1371 3043 1511 3124 feriatis

329 3170 514 3235 attendatur
543 3170 604 3236 diei
638 3174 831 3256 computatio
862 3172 934 3235 foro
965 3172 1184 3237 eeclesiastico
1215 3174 1393 3255 acceptata,
1418 3170 1513 3235 iuxta

329 3312 424 3376 quam
441 3291 509 3357 dies
526 3292 681 3376 incipiens
697 3311 717 3355 a
733 3292 838 3356 media
861 3295 956 3356 nocte
971 3291 1011 3355 ad
1029 3290 1165 3355 mediam
1182 3297 1309 3355 noctem
1326 3290 1512 3356 immediate

329 3419 574 3502 subsequentem
596 3420 751 3504 pertingit
775 3424 807 3483 et
829 3416 958 3495 finitum
981 3439 1057 3485 cun.
1074 3419 1119 3500 11,
1140 3419 1215 3483 dist.
1241 3416 1274 3490 3,
1300 3418 1351 3483 De
1366 3437 1510 3493 cmisec..

329 3550 362 3609 et
385 3561 459 3625 cup.
482 3542 540 3613 24,
565 3542 615 3608 De
639 3544 693 3627 off.
718 3542 835 3629 delep„
861 3542 896 3606 X
917 3542 960 3625 (l,
984 3542 1051 3626 29).

417 3666 493 3731 364.
517 3667 695 3731 Praeterea
711 3686 775 3730 non
799 3668 832 3730 in
857 3665 998 3748 qualibet
1019 3664 1080 3730 diei
1097 3666 1141 3731 ita
1165 3665 1304 3730 distincti
1321 3671 1416 3758 parte
1431 3684 1512 3749 pro·

328 3790 399 3857 cedi
422 3797 533 3877 potest,
561 3790 616 3856 sed
640 3796 763 3857 tantum
786 3789 902 3855 diurno
924 3796 1070 3875 tempore
1093 3791 1147 3875 agi
1170 3789 1365 3856 iudicialiter
1388 3793 1505 3874 potest,

328 3934 393 3979 non
408 3918 554 3999 tempore
577 3916 696 3989 noctis;
720 3916 836 3999 quippe
853 3912 1008 3979 tenebrae
1031 3917 1106 3979 sunt
1128 3914 1301 3978 iniustitiae
1324 3911 1510 3997 symbolum

332 4107 352 4157 7
369 4107 543 4175 sequentibus
563 4109 647 4159 etc.»
669 4106 798 4160 Urbanus
819 4105 880 4158 Vlll
904 4106 932 4158 in
951 4105 1044 4159 Const.
1072 4106 1216 4171 Uiriuersa,
1236 4106 1249 4171 t
1268 4103 1294 4168 3,
1309 4104 1474 4157 vacationes
1491 4118 1510 4156 a

327 4210 437 4265 iudiciis
457 4210 615 4265 exercendis
635 4229 668 4266 en
685 4214 728 4266 cit.
743 4230 802 4281 cup.
817 4212 984 4265 constitutas
1003 4228 1058 4266 non
1077 4211 1244 4265 immutavit.
1258 4210 1299 4263 cf.
1313 4210 1465 4278 Fagnanue
1477 4210 1508 4263 in

328 4314 380 4370 boc
409 4334 467 4387 cup.
485 4334 532 4369 nn
551 4318 603 4384 25,
622 4316 672 4369 26.
698 4315 803 4371 Tamen
827 4315 909 4372 hodie
933 4316 1060 4370 standum
1089 4315 1285 4371 consuetudini
1311 4313 1446 4369 locorum.
1466 4313 1508 4369 ct

327 4424 393 4478 Cod.
411 4424 493 4495 Greg.
513 4426 559 4479 cit.
578 4426 605 4493 bb
625 4424 701 4493 1059,
723 4424 799 4479 1060.
819 4425 914 4478 Editio
933 4424 1012 4477 Card.
1031 4424 1193 4479 Gambarini
1213 4426 1226 4490 d
1244 4422 1307 4478 318.
