3350 5117
446 340 490 387 DE
515 339 654 387 tumens
678 338 943 388 nccnnsrasrlcls
1213 322 1279 390 237

127 458 154 523 hi
169 458 317 544 possident
331 460 460 525 nomine
475 460 591 535 alieno,
604 462 694 527 velut
710 461 843 540 colonus
858 480 973 548 agrum
985 462 1140 527 excolens
1150 464 1280 528 nomine

125 591 167 655 sui
186 588 303 665 domini
324 592 357 653 et
379 588 413 653 in
436 588 500 653 hoc
522 594 690 675 praestant
706 588 901 655 elementum
918 588 1064 674 corporis
1087 591 1279 675 possessioni

124 734 194 798 quae
214 714 371 781 obtinetur
393 734 413 779 a
436 714 581 788 domino;
606 714 744 779 alterum
767 734 849 779 vero
879 720 1131 799 aspectumque
1154 713 1188 778 hi
1211 734 1280 801 pos·

124 856 251 904 sessores
271 840 303 902 in
327 858 417 903 suam
440 836 609 903 utilitatem
632 844 665 903 et
679 836 756 903 hinc
772 858 829 903 suo
850 839 980 903 nomine
995 838 1164 922 quamdam
1187 859 1281 905 exer·

123 965 187 1024 cent
206 961 411 1035 activitatem;
436 964 470 1025 et
492 959 610 1025 exinde
637 979 717 1025 vere
748 964 824 1024 sunt
855 960 903 1024 rei
932 978 1143 1045 possessores.
1169 960 1279 1044 Neque

120 1081 255 1149 solidales
275 1082 357 1153 finnt
377 1102 579 1170 possessores
601 1104 674 1149 cum
705 1082 778 1149 eliis
800 1082 898 1169 (qnod
921 1086 992 1149 iuro
1015 1083 1156 1149 naturali
1183 1089 1216 1149 et
1238 1085 1280 1149 ci·

121 1207 579 1295 riliiurep1·ohibetur)‚quia
602 1228 668 1273 non
699 1207 811 1273 eadem
836 1208 962 1273 ratione
985 1205 1042 1272 sed
1068 1206 1197 1271 diverso
1220 1206 1280 1272 sub

118 1338 235 1417 aspectu
256 1337 384 1420 utrique
408 1354 477 1401 rem
502 1334 674 1421 possident.

194 1460 236 1523 nt
259 1459 315 1525 lex
342 1460 460 1534 civilis,
484 1458 525 1523 ob
551 1457 727 1545 legitimam
750 1457 830 1523 iuris
858 1457 1087 1536 oeconomiam,
1105 1474 1186 1539 quae
1212 1476 1278 1521 non

115 1580 184 1643 sinit
203 1582 392 1647 coacervari
414 1586 449 1647 et
470 1582 566 1647 nimis
589 1600 784 1646 excrescere
808 1580 887 1644 iuris
911 1578 1063 1661 remedia,
1080 1584 1214 1664 praeter
1229 1600 1280 1644 ca-

115 1723 163 1767 sus
184 1724 346 1791 congruae
369 1706 574 1777 defensionis.
600 1707 761 1772 concessit
784 1703 937 1770 iuridicos
960 1700 1094 1769 effectus
1116 1722 1279 1789 possesso-

115 1826 195 1894 ribus
206 1850 315 1896 rernm
329 1830 476 1915 dominis,
490 1836 523 1897 et
545 1830 617 1895 aliis
632 1828 868 1917 possessoribus
886 1828 1052 1893 ordinario
1071 1828 1211 1912 negarit,
1224 1827 1280 1912 qui

110 1952 321 2021 defensionem
335 1956 582 2022 interdictorum
595 1956 825 2041 experirentur
839 1956 941 2040 opert
955 1954 1059 2019 civilis
1074 1954 1277 2039 possessoris.

190 2082 315 2148 Verum
350 2082 522 2167 aliquando
556 2084 626 2167 ipsa
660 2082 804 2164 aequitas
831 2085 864 2145 et
889 2078 1061 2165 prudentie
1096 2081 1277 2164 regiminis,

106 2207 200 2271 suasit
228 2209 433 2294 praeterint
459 2228 556 2274 unum
581 2214 613 2271 et
635 2206 773 2271 altarum
804 2224 1022 2289 possessorem
1046 2204 1172 2269 civilem
1198 2224 1277 2269 con·

106 2328 263 2412 stitueret,
288 2332 390 2397 veluti
422 2331 559 2397 edictum
590 2331 668 2403 suit,
695 2332 781 2395 inter
803 2330 884 2409 elia,
908 2328 948 2393 de
971 2328 1134 2394 creditore
1165 2330 1276 2415 pigno-

105 2454 223 2527 raticio,
241 2454 283 2521 de
307 2462 473 2540 sequestre
497 2460 530 2521 et
552 2455 592 2521 de
615 2476 654 2521 eo
677 2456 727 2521 cui
753 2475 807 2519 res
826 2455 990 2538 precario
1014 2453 1060 2539 (l)
1085 2454 1202 2520 tradita
1218 2459 1277 2521 est.

102 2576 225 2641 Exinde
249 2578 396 2646 creditor
417 2599 478 2664 per
501 2579 672 2646 interdicta
694 2581 779 2645 tueri
802 2584 908 2664 potest
930 2580 1163 2663 possessionem
1182 2578 1223 2645 ab
1238 2598 1279 2645 eo

101 2702 275 2767 exercitam
303 2704 336 2767 in
359 2722 429 2769 rem
453 2703 594 2789 piquori
626 2703 821 2789 suppositam
846 2703 878 2766 in
907 2702 1113 2767 securitatem
1148 2701 1278 2783 crediti,

100 2826 172 2891 item
195 2832 368 2912 sequester
386 2833 420 2893 et
442 2830 591 2915 precario
614 2827 780 2914 possidens
805 2848 873 2893 rem
896 2846 987 2893 suem
1010 2829 1201 2912 respective,
1217 2850 1279 2913 per

99 2950 271 3019 interdicta
287 2972 309 3018 a
325 2951 569 3017 deturbantibus
592 2952 824 3038 possessionem
849 2950 1035 3016 defendunt.
1060 2950 1132 3015 Hoc
1156 2952 1276 3016 consti·

96 3080 197 3141 tutum
222 3078 297 3159 fnit,
312 3078 387 3162 quia
401 3096 461 3161 per
475 3076 572 3141 talem
588 3075 808 3142 defensionem
831 3074 923 3141 hisce
945 3074 1182 3161 possessoribus
1206 3096 1280 3141 con·

93 3220 234 3283 cessam,
260 3204 366 3266 visum
390 3207 439 3267 est
461 3201 575 3265 melius
603 3200 783 3266 consultum
808 3200 848 3263 iri
872 3198 928 3262 fini
949 3198 1066 3263 harum
1090 3201 1277 3289 conventio-

95 3344 179 3407 num,
205 3330 254 3393 uti
281 3328 405 3393 clarum
430 3336 480 3392 est
505 3330 654 3391 naturam
689 3325 908 3391 consideranti
942 3322 1124 3390 huiusmodi
1146 3329 1278 3390 contra·

91 3454 211 3515 ctuum.
239 3451 291 3518 Cf.
318 3450 463 3537 Ruggeri
487 3468 540 3533 op.
565 3450 619 3517 cit.
642 3448 830 3533 §119seq

180 3575 249 3643 Sed
281 3577 519 3663 pignoratario,
544 3574 703 3659 sequestri
725 3576 759 3639 et
781 3574 931 3658 precario
960 3570 1135 3659 possidenti
1159 3590 1277 3637 conce-

91 3697 215 3765 duntur
231 3698 427 3771 interdicta,
441 3696 497 3763 sed
516 3716 580 3762 non
605 3698 767 3780 usucapio,
791 3696 907 3781 quippe
929 3713 994 3760 non
1017 3693 1138 3759 habent
1161 3693 1277 3759 bonam

86 3820 184 3889 fidem
211 3824 297 3889 huic
319 3822 450 3908 effectui
473 3822 699 3887 necessariam.

178 4035 224 4108 (l)
246 4036 360 4089 Dicitur
378 4034 447 4088 iilud
461 4036 595 4105 precario
615 4032 745 4087 traditum
765 4032 845 4085 iuxta
863 4030 906 4083 ius
924 4046 1078 4094 romanum,
1091 4030 1165 4099 quaed
1180 4030 1277 4098 preci-

84 4143 139 4196 bus
154 4143 276 4214 petenti
299 4144 435 4196 utendum
460 4140 621 4195 conceditur
645 4140 760 4201 tantatiu,
780 4137 913 4208 quamdiu
936 4136 984 4205 qui
1009 4138 1143 4189 concessit
1159 4135 1276 4204 patitur.

83 4266 119 4303 ex
139 4250 159 4304 l.
184 4249 195 4305 l
221 4251 254 4303 ff.
278 4248 317 4305 De
337 4266 409 4319 pree
424 4248 534 4303 -lure
553 4264 613 4301 can.
632 4245 712 4301 adest
729 4244 829 4299 titulus
848 4246 892 4298 De
906 4244 1058 4315 precariis,
1077 4241 1107 4296 in
1125 4242 1279 4297 foeminino

80 4357 210 4428 sumptis
230 4362 265 4411 et
282 4357 432 4427 precariae
451 4353 626 4409 constituunt
644 4351 792 4423 specialem
812 4355 986 4405 contractum
1005 4349 1074 4404 iuris
1086 4366 1146 4403 can.
1160 4378 1174 4391 ·
1187 4348 1221 4403 ci.
1236 4348 1276 4399 tit.

78 4462 423 4532 mmmmm
