3350 5117
498 339 543 384 nu
567 338 706 386 runicus
730 338 996 386 rccussrnsricrs
1273 325 1334 390 491

156 457 359 538 quaestionis
381 457 613 527 determinatos
635 461 798 525 articulos.
816 495 857 506 -
876 459 988 542 Iudex,
1006 466 1143 546 excepta
1164 464 1265 547 partis
1288 461 1339 526 in·

156 585 290 665 stantia,
307 583 463 650 decernet
477 604 519 649 an
537 589 635 650 testes
650 584 772 651 admitti
795 588 928 672 possint,
947 587 1118 671 aliquando
1135 591 1218 654 enim
1235 593 1340 675 potest

160 707 293 776 obstare
316 710 475 777 terminus
498 712 561 775 iam
588 709 729 797 dilapsus
756 710 916 778 dilationis
943 713 1158 797 probatoriae.
1184 715 1265 781 Item
1288 713 1339 780 de·

165 839 283 900 cernet
296 853 339 899 an
354 835 482 900 anticuli
499 839 719 920 quaestionum
735 837 923 904 admittendi
940 839 1013 919 sint,
1029 845 1063 904 et
1085 839 1112 903 si
1127 857 1220 904 casus
1243 838 1338 920 ferat,
1439 811 1441 814 Ι

153 959 312 1024 articulos
333 960 508 1046 productos
531 964 676 1049 corriget
697 963 750 1028 rel
773 963 854 1028 alios
876 963 1055 1029 substituet.

248 1084 323 1148 475.
349 1085 489 1151 Decreto
512 1084 714 1153 admissionis
744 1088 839 1160 edito,
864 1088 961 1154 iudex
991 1087 1086 1153 debet
1116 1086 1220 1154 citare
1243 1088 1340 1152 unica

158 1209 312 1292 simplici
333 1212 485 1278 citatione
507 1218 607 1280 testes
629 1213 670 1278 ad
698 1213 956 1300 comparendum,
981 1220 1017 1280 ut
1043 1212 1216 1278 audiantur
1242 1233 1340 1298 super

159 1332 253 1398 iacto
277 1354 297 1398 a
320 1341 413 1420 parte
436 1336 585 1426 allegato.
603 1337 745 1402 Proinde
769 1339 801 1402 in
818 1339 970 1404 citatione
986 1345 1118 1424 praeter
1140 1337 1224 1404 diem
1249 1344 1281 1402 et
1295 1337 1339 1402 lo-

158 1478 236 1523 cum
260 1461 508 1545 comparationis,
533 1462 631 1527 iudex
661 1462 773 1528 innuet
802 1483 867 1527 non
895 1463 1037 1550 singulas
1067 1465 1339 1549 interrogationes

155 1582 336 1666 faciendas,
356 1585 412 1651 sed
443 1587 605 1653 articulos
632 1607 690 1653 seu
720 1587 834 1669 cupito
867 1589 1099 1672 quaestionum.
1132 1587 1190 1652 Die
1221 1591 1339 1652 statuto

156 1705 260 1772 iudex
283 1708 352 1793 ipse
375 1710 427 1773 vel
443 1708 525 1774 alius
540 1708 580 1773 ab
598 1710 665 1792 ipso
681 1708 847 1794 delegatus
864 1729 920 1773 seu
937 1709 1034 1774 iudex
1057 1710 1233 1775 instructor
1249 1711 1339 1776 exci-

153 1833 225 1913 piet
248 1833 478 1897 attestationes.
497 1832 632 1899 citanda
654 1837 704 1898 est
725 1835 820 1898 etiam
836 1854 914 1920 pars
929 1834 1067 1899 adversa
1082 1839 1117 1899 ut
1139 1833 1248 1901 videat
1262 1854 1338 1919 per-

152 1975 256 2021 sonas
270 1955 311 2019 ad
326 1954 542 2021 attestandum
557 1955 722 2037 admissas,
736 1961 851 2021 contra
867 1976 944 2040 quas
961 1959 1113 2041 excipere
1129 1961 1242 2041 potest.
1256 1960 1337 2023 Item

155 2083 339 2149 consultius
350 2088 399 2146 est
411 2081 690 2147 commonefacere
705 2087 830 2167 partem
844 2102 969 2168 quoque
983 2081 1213 2168 producentem
1230 2084 1270 2148 de
1285 2083 1338 2148 die

157 2209 237 2273 loco
261 2212 293 2271 et
315 2207 398 2271 bora
421 2208 602 2271 constitutis
625 2227 684 2292 pro
701 2209 850 2273 examine
865 2209 1003 2288 testium,
1017 2213 1051 2272 ut
1067 2227 1265 2292 cognoscere
1279 2227 1337 2272 va·

153 2334 237 2414 leat,
253 2333 319 2397 suis
335 2322 448 2413 oculis,
465 2333 594 2416 quinam
618 2335 860 2418 comparuerint
875 2339 907 2398 et
922 2339 1036 2399 contra
1060 2331 1245 2398 eorumdem
1261 2353 1337 2419 per-

155 2474 260 2522 sonas
281 2457 404 2541 possint
419 2453 580 2539 excipere,
598 2455 624 2519 si
641 2454 736 2536 sorte,
753 2460 824 2540 post
839 2456 1092 2542 productionem,
1110 2475 1207 2520 causa
1222 2461 1337 2522 exorta

152 2584 200 2647 sit
217 2580 416 2666 suspicionis.
433 2581 576 2665 Utraque
599 2600 676 2666 pars
697 2601 776 2646 vero
792 2583 841 2646 ius
856 2581 954 2645 habet
970 2587 1005 2646 ut
1020 2587 1118 2648 testes
1134 2603 1242 2648 coram
1260 2585 1336 2669 ipsis

153 2710 196 2769 et
221 2703 326 2769 iudice
348 2706 457 2770 iurent
476 2704 516 2770 de
538 2706 677 2771 veritate
694 2705 845 2781 dicenda;
863 2725 904 2770 ex
920 2725 994 2789 cop.
1011 2706 1114 2786 2,10‚
1131 2705 1190 2789 39,
1207 2708 1238 2772 b.
1257 2715 1276 2773 t.
1293 2709 1338 2773 X:

155 2828 249 2894 unde
271 2830 464 2915 principium
483 2851 501 2891 s
518 2830 608 2897 testis
623 2850 694 2897 aon
717 2832 850 2897 iuratus
874 2851 943 2898 noo
962 2833 1090 2914 probat
1104 2855 1134 2898 a.
1153 2835 1243 2898 lurat
1257 2853 1337 2898 vero

150 2976 195 3022 se
219 2974 284 3019 non
308 2953 468 3020 dicturum
497 2955 558 3019 nisi
580 2957 750 3020 veritatem
775 2976 840 3020 non
864 2957 897 3020 in
921 2957 1026 3023 odium
1050 2979 1218 3044 personae,
1231 2958 1287 3024 sed
1303 2960 1337 3023 in

150 3097 304 3144 amorem
328 3079 483 3152 veritatis,
508 3097 582 3161 cop.
608 3078 664 3159 47,
689 3079 720 3143 b.
744 3083 766 3144 t.
790 3079 832 3145 X.

249 3165 324 3262 476.
350 3197 526 3272 Quaeritur
548 3216 591 3260 an
614 3202 724 3281 partes
748 3199 871 3282 possint
893 3199 1061 3264 remittere
1092 3199 1225 3265 testibus
1248 3201 1336 3265 iura·

149 3324 314 3386 mentum.
340 3321 378 3384 ln
401 3339 523 3406 genere
546 3319 762 3405 respondetur
784 3320 821 3384 in
837 3319 989 3386 ciuilibus
1004 3341 1069 3385 non
1093 3321 1255 3406 prohiberi
1274 3321 1335 3386 hu-

147 3444 293 3512 iusmodi
317 3435 603 3517 renunciationem,
621 3443 790 3509 dummodo
806 3447 840 3508 in
856 3444 979 3551 ¹iudicio
996 3465 1061 3510 non
1076 3451 1192 3530 agatur
1207 3447 1247 3511 de
1264 3447 1334 3509 iure

148 3570 247 3637 tertii
270 3589 332 3634 nec
356 3569 395 3634 de
418 3569 501 3634 bono
524 3569 652 3654 publico
674 3577 771 3652 atque
794 3576 930 3653 utraque
953 3589 1029 3655 pars
1052 3570 1085 3633 in
1113 3569 1175 3633 hoc
1199 3587 1334 3633 consen·

145 3697 216 3761 tiat
237 3714 281 3760 ex
304 3714 379 3779 cop.
404 3693 454 3760 39
469 3695 501 3759 h.
519 3699 539 3760 t.
564 3693 600 3757 X
617 3700 650 3760 et
672 3715 743 3781 rep.
768 3695 835 3760 ior.
861 3695 908 3760 66
923 3695 959 3760 in
983 3696 1014 3759 6.
1032 3731 1075 3744 -
1094 3695 1130 3758 ln
1157 3694 1228 3759 aliis
1254 3711 1334 3758 vero

148 3819 273 3891 causis,
291 3824 405 3904 suapte
420 3819 462 3891 vi,
479 3818 597 3882 bonum
613 3817 775 3902 publicam
794 3818 1024 3904 attingentibus
1039 3820 1252 3885 iuramentum
1268 3841 1334 3888 non

147 3945 351 4012 remittitur:
376 3943 556 4009 huiusmodi
580 3948 655 4008 sunt
678 3963 795 4008 causae
817 3944 941 4010 vinculi
964 3945 1216 4019 matrimonialis,
1241 3945 1335 4011 bene-

148 4065 279 4132 ficiales
303 4072 336 4132 et
359 4066 552 4138 criminales,
577 4065 690 4131 saltem
714 4067 893 4151 graviores.
918 4066 960 4132 cs.
985 4086 1059 4149 cup.
1084 4064 1142 4137 30,
1168 4066 1197 4130 b.
1223 4073 1243 4131 t.
1268 4068 1310 4132 X.

192 4252 196 4260 .
245 4192 321 4257 477.
347 4193 391 4258 In
414 4190 566 4258 ciuilibus
588 4191 670 4257 nihil
693 4191 825 4278 impedit
848 4193 1016 4278 quominus
1038 4211 1114 4279 pars
1136 4197 1235 4258 testes
1257 4215 1334 4281 pro·

147 4319 287 4392 ducens,
312 4324 346 4385 et
368 4337 445 4402 pars
469 4316 605 4384 adversa
628 4319 781 4384 intersint
803 4319 931 4385 testium
956 4319 1106 4384 examini.
1126 4321 1193 4384 lmo
1217 4320 1337 4388 adhoc

141 4445 199 4509 ius
222 4441 357 4524 habent,
377 4461 481 4527 neque
504 4463 525 4506 a
547 4440 652 4509 iudice
675 4443 867 4510 excludendi
887 4451 961 4509 sunt
983 4445 1044 4510 nisi
1068 4465 1187 4531 graves
1210 4446 1337 4514 obstent
