3350 5117
335 300 398 367 156
840 300 954 366 rnna
974 320 997 366 1.

325 444 573 523 procuratoris,
590 462 666 528 arp.
686 462 760 526 cop.
776 443 800 507 4
819 443 863 507 ln
885 447 1004 510 nostra
1027 443 1076 508 De
1087 462 1184 527 proc.
1201 443 1237 508 X
1253 443 1293 523 (Ι,
1309 442 1365 529 38)
1390 448 1422 508 et
1443 442 1506 507 hac

329 564 464 639 obiecta,
480 566 533 632 vel
553 572 639 641 aute,
651 568 703 634 vel
723 572 796 652 post
810 568 1014 649 senteutiam,
1030 568 1138 631 omnia
1160 586 1220 653 per
1234 566 1414 633 huiusmodi
1430 585 1507 652 pro·

328 694 514 755 curatorem
529 694 612 768 acta,
625 711 645 755 a
659 690 765 756 iudice
781 690 1020 757 rescinduntur.
1034 690 1254 777 —Excipere
1269 696 1377 756 autem
1392 694 1507 758 contra

329 816 426 881 talem
442 820 690 901 procuratorem
706 816 859 901 competit
873 836 938 880 uon
952 819 1078 881 tautum
1100 813 1229 879 domiuo
1251 814 1432 900 principali,
1449 814 1506 881 sed

329 945 425 1008 etiam
452 944 640 1010 adversario
664 965 721 1009 seu
743 944 838 1009 alteri
872 944 956 1029 parti
978 944 1013 1008 in
1036 940 1154 1007 iudicio
1177 940 1394 1012 contendenti,
1415 942 1506 1007 cuius

328 1068 465 1134 interest
487 1069 658 1155 invigilare
682 1073 717 1134 ut
740 1068 890 1134 iudicium
915 1076 1005 1134 recte
1027 1068 1229 1143 absolvatur;
1252 1067 1295 1132 cf.
1320 1068 1340 1132 l.
1363 1065 1415 1131 at
1430 1066 1505 1132 cod.

329 1191 378 1256 De
395 1197 594 1276 procurat.;
615 1198 649 1257 et
665 1188 887 1272 Reiffenstuel,
903 1191 941 1257 tn
956 1191 988 1256 lt.
1012 1190 1060 1257 tit.
1083 1211 1119 1255 n.
1133 1189 1201 1255 1117
1211 1209 1280 1275 seq.

417 1318 542 1383 Verum
570 1319 597 1383 si
628 1338 689 1383 nec
712 1317 868 1399 domiuus,
893 1336 1009 1403 nempe
1032 1315 1106 1382 falsi
1136 1316 1367 1401 procuratoris,
1399 1332 1506 1398 neque

326 1439 533 1508 adversarius
564 1449 679 1509 contra
709 1442 888 1509 huiusmodi
918 1447 1165 1530 procuratorem
1196 1441 1368 1527 excipiant.
1392 1445 1506 1525 utputa

327 1567 402 1649 quia
431 1567 589 1637 hactenus
620 1574 711 1653 gesta
740 1570 849 1634 neutri
879 1565 1058 1651 displicent,
1088 1572 1160 1631 rata
1187 1571 1284 1636 erunt
1313 1565 1397 1630 haec
1419 1567 1504 1635 acta,

328 1707 443 1775 nempe
454 1709 521 1773 per
535 1690 818 1758 ratihabitionem.
845 1692 926 1756 Nam
950 1711 993 1756 ex
1015 1694 1091 1755 nota
1113 1690 1237 1775 reputo
1259 1690 1304 1755 10
1324 1688 1412 1753 iuria
1426 1688 1506 1753 ind

329 1832 348 1877 c
374 1814 569 1881 ratihabitio
602 1816 846 1883 retrotrahitur
876 1819 906 1880 et
936 1815 1100 1880 mandato
1135 1814 1386 1899 aequiparatur
1400 1835 1432 1893 ι,
1456 1812 1505 1877 uti

326 1939 425 2005 habet
447 1942 467 2007 t.
493 1942 586 2007 Licet
600 1960 719 2007 oerum
742 1941 800 2013 56,
820 1942 856 2026 ff.
882 1941 931 2006 ne
956 1940 1040 2007 tua:
1066 1961 1085 2002 ‹
1108 1941 1153 2005 Et
1172 1940 1203 2005 oi
1225 1938 1302 2024 quia
1325 1957 1403 2004 oum
1421 1955 1504 2019 pro·

325 2072 467 2133 curator
500 2086 570 2132 uon
603 2075 696 2141 essct,
722 2068 812 2134 litem
847 2072 1048 2133 contestatus
1078 2067 1129 2146 sit,
1153 2065 1276 2132 deinde
1304 2070 1421 2129 ratum
1447 2063 1505 2130 do

328 2190 443 2257 minue
474 2190 645 2275 habuero,
676 2192 810 2259 uidetur
844 2196 935 2258 retro
970 2209 1026 2257 res
1058 2190 1096 2255 in
1130 2190 1297 2255 iodicium
1325 2192 1415 2254 recte
1444 2188 1503 2254 dc·

325 2316 429 2383 ducta
445 2338 475 2382 r.
492 2354 536 2367 -
553 2316 738 2399 Dummodo,
762 2323 795 2383 et
817 2318 949 2403 planum
972 2322 1030 2398 est,
1047 2317 1079 2379 in
1100 2308 1184 2381 salso
1199 2319 1413 2401 procuratore
1437 2334 1504 2379 uon

325 2438 483 2505 deiecerit
506 2440 567 2507 nisi
591 2442 805 2522 mandatum,
822 2460 916 2505 secus
931 2441 957 2505 si
980 2438 1109 2505 aliunde
1124 2458 1189 2503 non
1206 2443 1278 2504 erat
1296 2437 1439 2503 idoneus.
1455 2473 1503 2489 —

328 2566 407 2630 Nam
430 2563 625 2631 ratihabitio
648 2564 831 2648 aequivalet
852 2564 1026 2636 mandato,
1050 2562 1107 2628 sed
1136 2564 1218 2628 alios
1243 2581 1308 2627 nou
1331 2566 1425 2627 sanat
1448 2562 1505 2627 de·

325 2686 446 2753 fectus:
472 2687 514 2752 ci.
540 2682 758 2759 Reiffenstuet
784 2687 805 2750 l.
830 2706 858 2752 c.
882 2705 917 2750 rt.
940 2686 1019 2751 150.

516 2957 539 3038 g
561 2956 588 3019 1.
613 2956 663 3021 De
682 2960 847 3037 potestate
870 2961 901 3020 ct
923 2954 1031 3040 officio
1051 2953 1300 3037 procuratore.

322 3158 676 3222 Samarium—124.
696 3165 805 3226 Qtrenta
829 3167 867 3219 sit
892 3166 1078 3235 procuratoris
1102 3169 1233 3235 potestas.
1253 3192 1287 3205 -
1309 3163 1367 3218 125.
1387 3164 1431 3217 nn
1452 3160 1502 3217 hic

413 3271 486 3326 male
512 3270 620 3341 agendo
643 3270 687 3325 vel
712 3270 818 3341 aliquid
843 3270 997 3325 omittendo
1022 3273 1122 3325 noceat
1145 3269 1399 3326 domino-126.
1424 3268 1498 3324 Tum

412 3378 546 3433 mandans
564 3382 624 3431 tum
643 3382 805 3447 procurator
823 3378 895 3432 liunt
913 3376 1055 3432 indemnes
1073 3394 1123 3447 per
1141 3380 1280 3434 actionem
1298 3378 1344 3433 rel
1363 3379 1504 3433 directam

412 3483 458 3538 vel
476 3485 646 3539 contrariam
663 3482 794 3536 mandati.
815 3510 850 3523 —
870 3482 928 3537 127.
949 3482 988 3537 De
1005 3482 1097 3536 officio
1116 3483 1312 3553 procuratoris.
1326 3512 1360 3525 -
1381 3484 1440 3537 128.
1454 3485 1501 3537 An

412 3587 458 3643 hic
477 3592 539 3659 post
562 3588 729 3643 sententiam
754 3588 934 3657 definitivam,
953 3585 1171 3656 appellationem
1195 3588 1373 3657 interponere
1396 3588 1500 3645 debeat

412 3714 528 3769 eamque
547 3696 683 3768 prosequi.

414 3935 487 3999 124.
514 3934 637 3999 Natura
666 3931 808 3997 mandati
839 3933 1054 4017 procuratorii
1085 3934 1131 3997 ita
1161 3933 1332 4017 explicata,
1349 3952 1436 3998 nuuc
1459 3932 1501 3999 de

322 4060 392 4125 eius
414 4063 571 4144 potestate
594 4062 627 4123 et
650 4055 754 4123 officio
771 4056 992 4122 disserendum
1010 4062 1066 4123 est.
1084 4058 1241 4131 Primum,
1258 4059 1292 4123 iu
1311 4063 1425 4143 aperto
1449 4062 1501 4125 est

323 4186 569 4270 procuratorem
599 4186 722 4249 tantem
745 4186 937 4267 potestatem
960 4181 1092 4256 habere,
1114 4188 1233 4266 quanta
1256 4184 1285 4248 ei
1309 4181 1500 4277 conceditur

321 4308 356 4395 in
374 4306 535 4381 mandato,
553 4326 688 4392 eamque
705 4326 863 4371 exercere
885 4305 1014 4380 debere,
1029 4308 1135 4391 prouti
1158 4308 1191 4370 in
1215 4276 1499 4395 mandato-expri-

322 4434 431 4515 mitur,
455 4446 488 4501 et
509 4439 545 4499 ut
566 4433 664 4499 habet
687 4436 706 4499 l.
725 4433 913 4519 Dittpertter
932 4435 968 4519 ffi
986 4433 1157 4499 Mandati:
1175 4453 1194 4497 ‹
1210 4433 1391 4520 Diligenter
1413 4430 1497 4499 fines
