3350 5117
498 371 542 419 na
566 371 705 420 molens
730 371 996 422 neccssinsrrcrs
1269 360 1337 425 333

152 493 372 578 praescriptio
387 495 491 579 potior
505 515 564 561 seu
581 494 744 562 efficacior
759 502 808 562 est
824 499 1031 581 centenario,
1048 463 1156 584 quum,
1173 501 1220 566 uti
1237 501 1337 569 habet

150 615 311 682 Pontifex
327 619 349 684 t.
367 639 406 701 c,
421 639 439 683 ‹
457 621 608 686 ...tanti
630 621 793 705 tenporis
809 623 977 709 altapetur
995 598 1222 708 proesoiptio
1238 623 1336 690 cuius

149 741 323 807 conterit
345 745 512 811 maneria
526 765 597 813 noa
620 745 746 812 castet
761 766 791 809 ι.
809 745 919 820 Quare
942 745 1017 813 dum
1041 749 1232 814 centenaria
1251 767 1336 813 com·

148 867 371 951 prehenditur
395 873 429 934 et
450 871 621 955 perimitur
644 870 702 937 sub
726 871 873 937 clausula
893 892 966 939 noa
991 874 1142 941 obstante
1159 874 1334 958 praesm-

143 994 278 1076 ptiona
304 994 545 1060 immemorialis
569 994 664 1060 debet
687 997 806 1060 mentio
834 993 907 1062 fieri
929 997 970 1062 ad
993 996 1138 1063 amdam
1162 997 1334 1063 excluden-

148 1117 240 1193 dam3
267 1117 393 1184 scilicet
409 1118 544 1185 dicendo
570 1140 667 1185 ‹non
691 1119 839 1185 obstante
855 1141 1055 1207 quacumque
1078 1123 1335 1207 praescriptione

148 1244 248 1307 etiam
274 1245 499 1310 immemoriali
511 1266 542 1320 s,
567 1244 833 1331 quemadmodum
857 1248 999 1332 loquitur
1013 1247 1102 1313 'lrid
1118 1249 1151 1312 in
1168 1248 1256 1314 Sess.
1272 1246 1334 1322 23,

149 1387 227 1452 cap.
251 1369 307 1444 10,
335 1369 387 1435 De
408 1370 472 1452 ref.
489 1369 544 1455 (l).

242 1651 265 1732 ὅ
281 1649 314 1715 2.
332 1650 383 1716 De
399 1652 674 1736 praescriptione
697 1653 815 1737 quoad
837 1655 989 1738 effectum
1012 1654 1242 1720 catiactieum.

151 1861 375 1919 summarium.
386 1863 495 1918 -303.
509 1863 705 1920 Consideratur
724 1867 753 1921 in
772 1867 865 1936 specie
883 1862 998 1921 effectus
1016 1867 1266 1937 extinctieus,quia
1279 1867 1334 1920 ali·

241 1974 352 2045 quaudo
371 1975 486 2028 effectus
504 1977 681 2030 immediatus
700 1976 927 2045 praescriptionis
945 1980 988 2030 est
1007 1978 1183 2041 extinctione,
1195 1976 1333 2030 medietus

245 2083 289 2135 est
307 2081 494 2150 acquisitione
506 2108 543 2122 —
555 2079 615 2134 304.
635 2081 749 2153 Aliquid
768 2079 889 2150 speciale
908 2085 951 2136 est
968 2081 1003 2134 ed
1021 2082 1268 2151 praescriptionem
1282 2100 1335 2136 ex·

242 2187 395 2251 anelinum,
414 2189 505 2256 quoad
525 2187 644 2241 titulum.
664 2215 698 2229 -
718 2186 778 2241 305.
799 2186 894 2248 Quoad
918 2204 980 2242 rem
1004 2197 1099 2257 aptam
1117 2203 1166 2242 seu
1182 2187 1331 2243 obiectum.

241 2318 277 2330 -
291 2288 352 2343 306.
372 2289 467 2351 Quoad
485 2295 587 2345 iustam
601 2294 816 2362 possessionem.
829 2291 938 2346 -307.
958 2291 1053 2354 Quoad
1073 2295 1172 2347 bonum
1188 2293 1281 2362 fidene.
1296 2321 1334 2333 -

241 2397 304 2452 308.
324 2395 419 2456 Quoad
437 2405 553 2467 tempus.

245 2607 321 2678 303.
340 2613 560 2699 Praescriptio
576 2619 732 2696 quatenus
749 2614 842 2679 nobis
865 2614 1003 2698 aliquam
1019 2635 1089 2679 rem
1113 2613 1270 2698 acquirit,
1287 2613 1329 2677 al-

147 2737 257 2802 terius
280 2737 315 2799 in
336 2747 408 2800 eam
431 2755 501 2801 rem
526 2737 573 2802 ius
596 2735 782 2822 emtiapuit5
806 2741 838 2800 et
860 2737 937 2801 hinc
960 2738 994 2800 iu
1017 2754 1217 2820 quacumque
1241 2755 1333 2821 prae·

146 2863 327 2947 scriptione
343 2861 481 2927 habetur
496 2861 617 2946 duplex
629 2858 772 2942 effectus,
787 2860 872 2926 alter
883 2861 1111 2946 acquisitionis,
1129 2859 1332 2925 extinctione

144 2984 245 3058 alter,
269 2984 326 3049 sed
350 2983 574 3051 diversimode.
601 2986 680 3050 Nam
704 2987 737 3049 in
765 2983 862 3051 rebus
885 2983 1092 3070 acquirendis
1116 2978 1248 3079 effectus
1270 2983 1346 3046 ior»

145 3112 320 3178 medietas
350 3117 400 3178 est
430 3112 664 3198 acquisitivus,
696 3112 865 3178 mediales
896 3111 1106 3177 seductiosa.
1136 3111 1185 3174 Ea
1215 3114 1331 3176 contra

146 3235 279 3322 quando
302 3257 361 3322 per
377 3237 668 3322 praescriptionem*
682 3238 754 3301 inira
770 3236 988 3310 resolvuntur,
1001 3231 1134 3301 effectus
1156 3233 1332 3301 immedia-

146 3369 203 3429 tm
227 3367 276 3428 est
300 3361 513 3433 eatinctivus,
538 3362 707 3428 mediatos
730 3381 809 3426 vero
834 3360 1063 3444 acquisitieus.
1091 3360 1220 3426 Exinde
1242 3366 1332 3425 uota·

145 3484 223 3550 bilis
246 3483 317 3550 fluit
340 3481 522 3549 differentia
552 3485 641 3549 circa
665 3483 793 3548 modum
817 3496 880 3568 quo
903 3484 1108 3570 applicantur
1132 3483 1331 3549 conditiones

146 3608 397 3693 praescriptioni
410 3608 588 3692 appositae;
602 3605 758 3691 siquidem
774 3606 902 3691 quando
918 3625 972 3672 res
986 3606 1185 3690 acquirenda
1197 3611 1254 3689 est,
1267 3606 1332 3670 hae

145 3735 325 3796 versantur
355 3729 549 3797 imenediate
572 3732 662 3797 circa
684 3751 755 3796 rem
780 3730 1064 3816 praescribendam
1088 3735 1121 3798 et
1143 3731 1221 3796 hinc
1240 3731 1332 3814 posi-

147 3856 214 3923 tive
237 3855 388 3920 adhaec
412 3877 447 3922 se
469 3855 607 3933 habent;
634 3856 761 3940 quando
784 3858 834 3922 ius
858 3857 1110 3942 extinguendum
1134 3861 1192 3937 est,
1215 3855 1332 3921 imme-

240 4067 454 4138 <1)1ntrinseea
478 4041 634 4124 differentia
659 4069 732 4124 inter
760 4067 1007 4138 praescriptionem
1039 4078 1108 4121 cent.
1128 4071 1156 4122 et
1174 4070 1329 4121 immemor.

146 4170 218 4227 haec
238 4177 295 4228 est:
320 4171 428 4228 scilicet
454 4173 483 4227 iu
502 4175 663 4229 centenaria
689 4174 868 4244 cognoscitur
885 4174 1007 4240 initium,
1026 4177 1056 4228 et
1074 4173 1139 4226 hinc
1162 4172 1263 4227 titulus
1282 4188 1330 4225 co·

145 4277 245 4346 gnossi
269 4277 393 4343 deberet,
412 4278 435 4331 si
456 4278 610 4344 extitisset3
635 4295 669 4333 ea
694 4279 839 4333 contrairi
859 4277 1073 4349 immmortalis,
1096 4249 1163 4348 quie
1180 4277 1328 4347 ignoratur

146 4381 269 4450 initium,
289 4381 520 4454 praesumendum
539 4388 582 4438 est
601 4400 696 4454 reapse
717 4400 771 4438 non
790 4385 895 4454 absque
909 4382 993 4437 titulo
1011 4382 1058 4438 sed
1077 4383 1104 4439 vi
1126 4382 1199 4438 tituli
1221 4399 1331 4453 posses·

146 4489 256 4546 monem
274 4489 405 4546 habuisse
425 4491 544 4546 initium.
