3350 5117
316 264 381 345 llo
850 301 935 350 enus
960 303 982 351 1.

318 412 609 489 extraiudicialiter
621 426 797 508 cognoscat
811 422 909 489 iudex
924 443 1006 508 quae
1020 424 1178 491 hactenus
1192 446 1213 491 a
1227 425 1374 512 partibus
1387 445 1496 510 neque

314 533 394 613 ae'ta
416 566 522 631 neque
540 546 690 631 probate
713 552 796 622 sunt,
821 548 1010 616 ulteriorem
1034 557 1067 617 et
1087 552 1325 616 accuratiorem
1347 552 1494 618 instituet

316 656 453 756 ipsein
487 672 610 738 factum
641 673 889 757 inquisitionem,
913 674 1090 740 insistendo
1121 676 1154 739 in
1184 676 1335 760 partium,
1362 677 1493 741 testium

314 784 622 882 interrogationibus
651 802 684 862 et
706 796 930 883 probationum
953 800 1114 873 examine,
1139 818 1178 865 eo
1201 799 1334 865 consilio
1357 805 1393 865 ut
1414 806 1494 867 ceta

312 926 347 988 et
364 920 515 1006 probata
545 923 666 987 sintin
688 922 805 987 iudicio
837 942 919 1007 quae
948 923 1009 988 sibi
1040 944 1084 989 ex
1112 924 1242 1009 privata
1268 925 1382 991 notitia
1412 945 1492 991 con·

222 1044 227 1050 ’
310 1035 407 1110 stant
424 1080 468 1094 -
485 1045 523 1109 In
541 1044 646 1110 causis
665 1064 745 1111 vero
761 1045 982 1112 criminalibus
996 1052 1053 1112 aut
1068 1046 1149 1119 aliis,
1166 1065 1210 1111 ex
1225 1024 1352 1111 ratione
1375 1065 1494 1132 proce·

310 1168 417 1252 dendi,
426 1170 648 1237 criminalibus
663 1165 889 1257 aequiparatis,
899 1191 1035 1256 quarum
1050 1192 1167 1258 nempe
1179 1174 1281 1259 magis
1292 1172 1495 1258 reipublicae

311 1316 407 1383 quam
434 1297 634 1382 privatorum
664 1296 802 1370 intersit,
832 1297 944 1380 quales
974 1302 1049 1363 sunt
1078 1315 1197 1361 causae
1226 1296 1490 1369 matrimoniales.

309 1420 407 1487 debet
429 1419 528 1486 iudex
546 1439 592 1486 ecc
606 1439 667 1487 suo
683 1420 801 1507 officio,
819 1421 1026 1507 probationes
1045 1421 1221 1505 exquirere
1239 1424 1273 1486 et
1287 1440 1491 1507 comparare,

310 1543 487 1611 ut'eradat
502 1544 694 1610 iudicialiter
709 1550 819 1611 notum
844 1550 877 1612 61
899 1545 1104 1629 exploratum
1119 1544 1204 1630 quod
1226 1545 1285 1611 sibi
1309 1546 1490 1612 extraiudi-

309 1670 437 1736 cialiter
460 1671 649 1745 innotescit;
673 1689 755 1754 quae
770 1674 878 1736 tamen
900 1671 1007 1735 omnia
1027 1671 1192 1756 processui
1215 1675 1249 1737 et
1262 1671 1340 1737 bino
1355 1673 1493 1738 notitiae

309 1794 517 1881 magistratus
540 1793 649 1859 aliena
670 1798 752 1867 sunt,
770 1792 872 1858 donec
895 1792 959 1859 sint
981 1795 1015 1859 in
1038 1792 1156 1859 iudicio
1175 1799 1251 1861 acta
1276 1800 1309 1860 et
1329 1794 1490 1878 probata.

592 2025 614 2107 S
638 2024 668 2090 3.
693 2024 743 2091 De
754 2023 873 2110 officio
897 2023 1021 2091 iudicis
1043 2024 1197 2111 delegati.
1265 2043 1268 2047 ⁴

310 2236 528 2305 summarium.
545 2266 582 2279 -
599 2236 642 2291 91.
662 2235 788 2310 Officium
813 2234 912 2290 iudicis
936 2234 1058 2305 delegati
1083 2235 1236 2291 desumitur
1259 2254 1277 2290 a
1300 2241 1402 2291 natura
1426 2238 1490 2293 eius

374 2348 377 2357 “
399 2345 555 2415 potestatis,
573 2344 676 2415 quippe
694 2343 814 2397 officium
833 2347 877 2397 est
894 2338 1050 2414 conpr-'asum
1068 2344 1235 2397 exercitium
1248 2344 1389 2412 lepitimae
1403 2314 1489 2414 pote·

381 2456 482 2537 vsartis.
502 2452 597 2507 -’92.
618 2452 782 2523 Explicatur
806 2451 932 2507 clausule
956 2468 1012 2522 qua
1035 2451 1157 2517 iubetur,
1181 2451 1300 2507 iudicem
1324 2450 1486 2521 delegatum

396 2556 546 2627 procedere
564 2558 671 2612 <omni
689 2559 851 2628 exceptione
869 2567 978 2611 retacta
990 2574 1015 2609 a.
1033 2584 1067 2597 -
1086 2554 1130 2609 93.
1150 2556 1220 2611 ltom
1244 2554 1372 2611 clausule
1392 2556 1487 2625 expli-

326 2651 330 2658 ’
366 2672 369 2683 “
395 2669 490 2721 catur:
510 2668 615 2731 «omni
632 2660 822 2735 appellatione
840 2674 949 2718 remota
961 2680 986 2719 a.
999 2692 1034 2707 ·-
1046 2662 1089 2717 94.
1107 2662 1193 2719 ludex
1212 2663 1358 2734 delegatus
1376 2664 1422 2720 vel
1440 2669 1489 2720 est

395 2786 513 2841 persona
526 2770 645 2840 physica
662 2769 707 2825 vel
725 2771 852 2825 moralis.
872 2797 907 2810 -
924 2768 967 2823 95.
986 2767 1086 2822 Plures
1103 2766 1209 2823 iudices
1227 2768 1351 2839 delegari
1367 2772 1488 2839 possunt

391 2876 438 2937 ,vel
458 2876 621 2929 insolidum
635 2874 679 2930 vel
698 2876 895 2947 colleginliter.
909 2874 1041 2930 Diversae
1054 2873 1168 2947 regulae
1181 2890 1231 2943 pro
1243 2874 1352 2929 diverso
1368 2873 1486 2943 delega-

392 2980 477 3035 tionis
496 2979 584 3034 modo.

392 3159 446 3225 91.
472 3156 622 3225 Officium
645 3156 759 3222 iudicis
781 3156 874 3221 modo
897 3155 1116 3242 explanatum,
1133 3160 1200 3220 tum
1225 3154 1389 3221 ordinario
1412 3160 1483 3222 tum

303 3281 452 3368 delegato
475 3281 573 3348 iudici
596 3302 763 3347 commune
780 3288 842 3348 est:
865 3280 923 3347 sed
945 3280 1103 3345 nonnulla
1117 3279 1232 3346 iudicis
1247 3279 1388 3365 delegati
1404 3300 1483 3366 pro-

302 3394 377 3491 pria
397 3411 471 3472 sunt
494 3406 587 3473 modo
612 3404 811 3492 exponenda.
830 3407 941 3481 ludex,
966 3426 1005 3471 eo
1028 3405 1111 3490 quod
1131 3411 1181 3472 est
1195 3403 1373 3491 delegatus,
1391 3404 1482 3470 illam

298 3528 424 3596 obtinet
445 3534 636 3615 potestatem
660 3530 719 3616 ipsi
744 3532 776 3593 in
799 3526 948 3594 mandato
972 3549 1167 3595 concessam.
1192 3530 1245 3593 Ex
1267 3527 1330 3592 hac
1360 3531 1483 3594 natura

300 3649 469 3737 delegatae
493 3652 658 3737 potestatis
689 3652 836 3715 exoritur.
859 3649 979 3735 aliquid
1008 3648 1148 3736 speciale
1170 3650 1204 3712 in
1227 3646 1333 3714 officio
1365 3646 1485 3714 iudicis

299 3774 449 3861 delegati.
466 3772 616 3842 Officium
632 3775 728 3857 enim,
745 3774 851 3861 prouti
866 3774 1108 3860 explicavimus,
1125 3773 1367 3838 discriminatur
1389 3790 1480 3857 apo·

293 3896 425 3975 testate,
441 3904 489 3967 uti
512 3903 561 3968 ius
584 3901 624 3967 ab
648 3903 804 3968 exercitio
822 3903 909 3983 iuris,
926 3907 958 3966 et
972 3900 1107 3985 proinde
1122 3898 1262 3965 officium
1282 3898 1396 3964 iudicis
1420 3897 1480 3964 de·

298 4002 397 4109 legati
410 4030 460 4091 est
471 4018 582 4090 modus
593 4025 754 4111 legitimus
766 4022 971 4089 exercendae
983 4022 1150 4108 delegatae
1162 4022 1337 4108 potestatis.
1348 4019 1482 4085 Exinde

298 4148 380 4215 haec
404 4148 507 4216 fluunt
530 4150 750 4217 consectaria:
1307 4236 1310 4239 ἦ

388 4274 419 4359 1)
444 4274 548 4340 ludex
572 4272 737 4360 delegatus
764 4272 877 4339 valide
900 4270 1077 4358 procedere
1100 4290 1165 4335 non
1186 4275 1293 4359 potest
1321 4270 1363 4336 ad
1391 4270 1478 4335 iudi·

298 4398 384 4470 cium
408 4397 651 4465 instaurandum
675 4400 736 4464 nisi
759 4399 952 4483 rescriptum
973 4396 1182 4483 delegationis
1206 4397 1235 4461 ei
1258 4395 1399 4462 oblatum
1422 4396 1478 4479 sit,
