3350 5117
843 302 927 350 PARS
951 303 974 349 1.

429 558 506 641 57.
530 556 586 624 De
607 558 697 624 hisce
718 558 908 625 interdictis
930 563 1047 646 quoad
1071 562 1149 627 iura
1179 562 1385 646 spiritantia,

506 684 696 767 praecipue
725 685 999 752 matrimonialia
1026 693 1058 752 et
1085 686 1303 772 beneficiatis

318 893 582 952 Seminarium-
600 895 662 950 229.
683 895 728 950 lus
746 913 807 950 cau.
821 897 1009 966 praescripsit,
1024 897 1085 951 iura
1096 915 1206 970 quoque
1219 895 1378 967 spiritualis
1398 895 1501 950 tuenda

406 1015 476 1064 esse,
493 1016 529 1053 ex
546 997 638 1053 officio
656 998 755 1053 iudicis
775 999 809 1052 sd
829 1015 925 1053 eorum
944 1001 1023 1070 qussi
1043 1002 1242 1070 possessionem
1255 1002 1432 1056 retinendam
1450 1003 1501 1052 ant

407 1108 640 1175 recuperandam.
659 1131 694 1145 -
716 1103 777 1157 230.
791 1103 907 1165 Quando
926 1106 1088 1176 acquiratur
1100 1106 1201 1160 iurium
1215 1105 1404 1174 coniugaiium
1419 1105 1501 1176 quasi

407 1210 552 1280 possessio·
569 1237 606 1252 -
624 1210 684 1265 231.
703 1209 867 1280 Quotuplici
887 1212 996 1266 ratione
1014 1211 1085 1266 haec
1103 1215 1209 1269 turbari
1229 1215 1329 1282 possit;
1348 1211 1502 1283 eademque

408 1317 545 1389 quomodo
563 1318 674 1374 restitui
693 1317 801 1372 debeat
817 1345 852 1358 -
865 1317 927 1372 232.
948 1318 985 1374 De
1005 1320 1155 1376 interdicto
1167 1349 1181 1361 ·
1193 1322 1382 1392 acquirendae
1391 1335 1504 1390 posses·

408 1427 493 1481 nonu
511 1453 526 1466 ·
544 1425 635 1496 quoad
656 1424 793 1480 beneficia
815 1428 846 1479 et
864 1423 963 1480 officis.
981 1453 1018 1468 -
1036 1425 1096 1480 233.
1116 1426 1256 1488 Quomodo
1281 1425 1358 1481 hisce
1381 1424 1503 1496 aliisque

405 1534 544 1590 similibus
570 1535 662 1589 musis
688 1533 846 1604 applicetur
871 1533 1049 1588 interdictum
1073 1537 1236 1590 retinendae
1253 1537 1446 1606 possessionis.
1465 1563 1504 1577 -

408 1641 470 1696 234.
490 1641 558 1696 Item
577 1641 611 1697 de
630 1641 779 1696 interdicto
799 1668 814 1681 -
832 1643 1047 1711 recuperandae
1061 1643 1253 1712 possessionis.
1272 1669 1306 1682 -
1326 1640 1387 1696 235.
1407 1640 1502 1696 Disse-

349 1733 355 1742 ’
408 1751 480 1804 ritur
497 1750 531 1805 de
550 1751 782 1821 interpretatione
804 1768 865 1822 cop.
884 1751 935 1804 uit.
955 1751 997 1806 De
1016 1761 1081 1805 rest.
1100 1753 1210 1822 spoliat.
1229 1755 1256 1804 in
1278 1754 1306 1805 6.
1321 1781 1359 1794 -
1376 1751 1437 1805 236.
1458 1751 1504 1805 In·

408 1855 535 1911 sulcatur
552 1857 718 1924 differentis,
731 1875 804 1928 quae
822 1868 923 1928 suapte
941 1867 1043 1914 natura
1061 1858 1210 1913 intercedit
1235 1861 1309 1914 inter
1328 1875 1420 1914 rerum
1437 1873 1504 1929 pos-

408 1961 559 2017 sessionem
577 1969 607 2017 et
625 1962 727 2015 iuriam
747 1979 773 2032 q.
793 1963 996 2031 possessiouem
1015 1963 1044 2015 iu
1063 1961 1235 2032 applicandis
1253 1964 1416 2019 interdictis

408 2173 486 2239 229.
510 2174 580 2239 Iam
604 2174 765 2238 innuimus
786 2176 836 2240 ius
857 2193 929 2238 can.
947 2175 1130 2240 extendisse
1146 2174 1313 2240 iuridicam
1330 2176 1504 2260 possessio·

324 2304 374 2367 nis
397 2301 563 2367 tuitionem
587 2300 627 2364 ad
651 2301 723 2366 iura
747 2301 932 2386 personalia
950 2308 982 2365 et
998 2301 1184 2386 spiritualia.
1203 2301 1287 2366 Saue
1302 2302 1409 2386 magni
1424 2319 1505 2385 pon-

320 2426 408 2491 deris
427 2424 489 2490 fuit
508 2425 590 2489 haee
609 2425 783 2511 ampliatio,
801 2443 896 2508 quam
916 2424 1077 2510 praestitit
1096 2425 1239 2507 aequitas
1261 2423 1416 2487 canonica
1436 2440 1504 2486 non

320 2548 492 2614 attendens
515 2550 618 2635 rigori
640 2551 720 2614 iuris
743 2549 859 2614 civilis.
879 2551 933 2614 Ius
956 2549 1040 2613 enim
1065 2547 1159 2613 civite
1175 2566 1240 2612 non
1265 2563 1505 2632 recognoscens

321 2674 355 2739 in
379 2674 537 2737 exercitio
559 2672 739 2738 huiusmodi
763 2673 882 2737 iuriam
908 2672 1029 2737 factum
1046 2679 1171 2737 certum
1196 2675 1346 2736 causans
1362 2677 1394 2734 et
1408 2689 1506 2754 appa-

320 2816 408 2877 rens,
427 2798 635 2882 possessionis
651 2797 805 2862 iuridicos
820 2794 955 2864 effectus
979 2817 1041 2860 non
1058 2796 1202 2871 admisit;
1220 2815 1299 2880 quos
1314 2795 1399 2860 ultro
1423 2815 1504 2860 con·

321 2925 417 2990 cessit
440 2925 489 2988 ius
515 2943 598 2994 can..
619 2921 732 2987 iubens
759 2921 882 2986 iudices
909 2920 1144 2987 ecclesiasticos
1175 2939 1264 2985 suam
1291 2920 1504 3006 interponere

320 3048 545 3113 auctoritatem
562 3044 603 3109 ad
620 3045 787 3110 tutandum
803 3044 924 3109 iactum
942 3045 1088 3110 exercitii
1106 3045 1333 3128 cuiuscumque
1351 3045 1429 3108 iuris
1444 3063 1505 3129 per

321 3171 474 3257 expedita
498 3170 640 3236 remedia
663 3171 872 3256 possessoris.
898 3204 941 3218 -
966 3169 1101 3237 Verum,
1127 3171 1160 3234 in
1186 3168 1331 3233 subiecta
1353 3170 1503 3248 materia,

322 3315 386 3360 uon
410 3296 513 3380 potuit
535 3295 585 3358 ius
599 3314 671 3358 ean.
688 3298 797 3360 certas
825 3294 1022 3358 constituere
1045 3293 1189 3357 actiones
1212 3292 1434 3376 possessurus,
1462 3289 1504 3356 ad

322 3417 456 3485 tutanda
478 3418 652 3503 praecipue
681 3418 754 3481 iura
787 3415 977 3502 spiritualia,
1002 3416 1127 3498 aequali
1152 3415 1278 3480 ratione
1309 3415 1342 3478 in
1370 3413 1505 3500 singulis

322 3542 449 3609 casibus
473 3543 583 3628 rigore
606 3543 685 3605 iuris
709 3538 928 3625 exequendas,
949 3538 1003 3604 sed
1028 3538 1068 3602 ad
1093 3539 1207 3604 iudicis
1221 3536 1359 3604 officium
1377 3557 1412 3603 se
1428 3557 1505 3603 oon·

321 3669 430 3750 vertit,
448 3671 602 3739 statuens,
620 3686 680 3752 pro
696 3687 733 3732 re
750 3672 838 3741 nata,
858 3663 1098 3730 decernendam
1116 3683 1186 3728 esse
1202 3665 1319 3728 iurium
1336 3683 1366 3747 q.
1384 3683 1505 3749 posses-

321 3792 420 3858 sionis
435 3790 612 3870 tuitionem,
626 3787 753 3873 quando
770 3789 859 3853 hanc
875 3807 940 3850 non
961 3784 1112 3872 impediat
1128 3785 1181 3849 vel
1196 3789 1309 3850 arceat
1323 3785 1373 3849 ius
1388 3786 1504 3870 potius,

321 3919 378 3979 ant
400 3912 539 3999 speciale
563 3931 657 3977 casus
680 3913 868 3978 adiunctum
894 3908 950 3995 (l).

411 4107 451 4178 (l)
470 4105 527 4160 Nos
551 4105 745 4160 consuevimus
763 4104 792 4157 in
813 4104 956 4174 praesenti
981 4106 1104 4156 tractatu
1130 4102 1301 4171 distinguere
1327 4118 1421 4156 rerum
1441 4117 1507 4170 pos·

322 4215 473 4270 sessionem
494 4232 511 4268 a
536 4215 638 4268 iuriam
663 4214 798 4268 fruitione
823 4212 899 4267 hane
923 4211 1098 4281 appellantes
1123 4213 1203 4281 quasi
1220 4215 1435 4281 possessionen·
1457 4209 1507 4266 sed

323 4325 417 4376 tamen
435 4338 485 4392 pro
504 4320 596 4376 indole
615 4303 684 4375 iuris
702 4338 762 4374 can.
783 4324 878 4391 potest
891 4317 1132 4372 indiscriminatim
1146 4318 1262 4372 attribui
1277 4316 1443 4388 simpliciter
1455 4331 1509 4371 so·

322 4424 452 4480 sabulum
468 4428 650 4497 possessionis
669 4430 728 4480 tum
748 4427 834 4481 rebus
854 4429 913 4480 tum
933 4423 1047 4478 iuribus.
