3350 5117
358 281 399 346 16
840 302 1043 350 raoosmuu

355 422 482 507 qualem
502 423 619 507 ubique
643 423 846 497 servandam,
863 427 979 511 quippe
999 428 1177 493 seiunctam
1200 448 1221 493 a
1243 430 1394 496 methodo
1417 452 1532 519 proce·

355 548 459 631 dandi,
476 549 550 614 dein
571 550 701 615 inducta
723 550 807 635 apud
830 550 974 617 diversas
998 558 1122 638 gentes.
1140 553 1322 640 Propterea
1344 577 1530 642 processum

354 672 545 736 canonicum
570 671 746 736 evolvimus
770 677 803 737 et
825 671 1007 757 probamus,
1025 675 1160 740 citantes
1182 695 1325 742 canones
1348 682 1388 752 et,
1405 679 1439 744 in
1461 680 1532 745 sub·
1630 655 1631 668 ἵ

1630 555 1631 620 i

1630 673 1631 720 t

1630 723 1632 800 i

1630 803 1631 868 i

355 793 479 875 sidium,
503 794 594 880 leges
617 794 736 860 codicis
760 796 895 860 romani.

650 1064 672 1145 g
696 1063 725 1126 4.
750 1062 801 1129 De
824 1063 989 1130 diuisione
1012 1064 1232 1131 tractationis.

442 1291 495 1355 Ex
518 1290 611 1357 dictis
633 1290 738 1356 facilis
761 1293 906 1377 sequitur
928 1295 1130 1359 tractationis
1152 1295 1291 1380 partitio.

444 1414 526 1489 Quia
548 1415 667 1481 iudicia
689 1415 754 1479 alia
776 1420 851 1480 sunt
873 1416 990 1489 civilia,
1014 1416 1079 1480 alia
1104 1418 1295 1491 criminalia,
1319 1425 1434 1504 sponte
1461 1416 1531 1483 fluit

351 1540 449 1605 totius
479 1542 681 1605 tractationis
711 1559 862 1625 suprema
892 1540 1005 1607 divisio
1032 1543 1065 1606 in
1088 1542 1167 1607 duos
1191 1542 1307 1617 libros,
1332 1545 1365 1608 in
1394 1562 1530 1628 quorum
1630 1521 1631 1578 Ῑ

350 1666 455 1750 primo
478 1668 586 1751 agitur
608 1666 651 1731 dc
666 1666 800 1733 iudiciis
823 1665 994 1733 civilibus:
1009 1669 1042 1732 in
1067 1668 1170 1734 altero
1194 1670 1237 1734 dc
1258 1668 1394 1735 iudiciis
1417 1668 1528 1735 cimi-

350 1788 495 1855 nalibus.
520 1790 685 1876 Tractatui
714 1789 756 1855 de
778 1790 913 1856 iudiciis
936 1789 1170 1857 criminalibus
1193 1793 1436 1877 praemittemus
1457 1790 1531 1855 bre-

350 1930 424 1975 vem
447 1913 673 1977 tractationem
696 1913 739 1977 dc
762 1911 961 1979 criminibus
983 1918 1018 1980 et
1039 1915 1082 1980 dc
1100 1916 1232 1999 poeuis,
1250 1916 1340 1981 circa
1355 1934 1438 2000 quae
1454 1934 1529 1979 ver-

351 2042 465 2103 santur
487 2037 605 2103 iudicia
628 2039 818 2129 criminalia.

442 2160 488 2225 De
515 2161 639 2227 iudiciis
667 2160 813 2227 civilibus
843 2165 1069 2230 tractationem
1100 2166 1303 2246 instituimus,
1327 2169 1396 2231 tum
1426 2184 1528 2252 gene-

351 2282 471 2357 ralem,
489 2289 555 2348 tum
571 2284 766 2368 specialem
782 2304 883 2369 quare
905 2285 1023 2350 librum
1045 2285 1184 2369 primum
1200 2285 1369 2351 dividimus
1392 2289 1426 2351 in
1449 2287 1528 2353 duas

350 2409 471 2488 partes.
500 2404 680 2472 Secundum
715 2406 834 2473 librum
869 2410 902 2473 in
937 2414 1005 2473 tres
1040 2408 1247 2493 dispescimus
1276 2413 1401 2491 part-es;
1432 2413 1465 2472 et
1494 2412 1528 2474 in
1630 2485 1631 2488 Ἴ

351 2532 456 2617 prima
486 2531 656 2597 disseritur
687 2532 729 2597 dc
760 2532 959 2599 crioiinibus
982 2539 1015 2598 et
1037 2534 1080 2600 de
1098 2534 1238 2618 poenis,·
1260 2533 1293 2596 in
1321 2530 1462 2597 secunda
1485 2533 1528 2596 de

352 2655 487 2721 iudiciis
503 2655 738 2723 criminalibus
754 2658 791 2721 in
810 2677 955 2744 peuere5
976 2659 1011 2723 in
1033 2660 1131 2723 tertia
1153 2657 1192 2723 de
1213 2657 1324 2723 iisdem
1347 2657 1384 2721 io
1406 2655 1525 2739 specie.
1630 2693 1631 2696 =

440 2782 512 2847 Hoc
528 2781 638 2847 sedulo
653 2781 853 2849 advertatur.
872 2784 1025 2859 Quamvis
1047 2787 1080 2850 in
1096 2786 1200 2870 primo
1215 2784 1309 2859 libro,
1325 2784 1401 2850 data
1416 2804 1526 2870 opera,

349 2906 559 2972 tractabimus
571 2907 611 2972 de
627 2906 754 2992 iudiciis¹
764 2908 921 2983 civilibus,
934 2914 1053 2982 tamen,
1070 2909 1231 2993 explicata
1246 2909 1354 2992 aliqua
1370 2909 1527 2993 praescri-

349 3032 457 3115 ptione
481 3036 536 3096 aut
555 3034 685 3097 notione
702 3052 873 3117 processus
889 3032 1056 3115 iudicialis,
1072 3032 1526 3135 adiiciemusvexplicationem

349 3154 485 3239 appositi
508 3156 673 3240 praecepti
696 3161 752 3221 aut
777 3157 927 3243 principii
959 3156 1066 3222 indicii
1094 3155 1280 3235 criminalis,
1305 3154 1431 3240 quando
1460 3156 1525 3221 hoc

349 3277 495 3343 suadebit
518 3276 661 3344 subiecta
683 3280 827 3345 materia.
849 3280 921 3345 Hoc
943 3280 1070 3346 facilius
1093 3285 1244 3346 occurret
1267 3282 1300 3344 in
1324 3280 1525 3367 explicandis

349 3403 605 3493 Prolepomeais
628 3425 711 3490 quae
742 3408 975 3491 praemittimus
998 3407 1181 3472 tractationi
1204 3405 1244 3471 de
1266 3426 1421 3492 processu
1443 3406 1525 3472 iudi-

349 3527 423 3591 ciali
446 3527 542 3592 civili.
569 3527 618 3591 lta
641 3528 793 3593 universa
816 3529 967 3593 tractatio
982 3525 1039 3595 fiet
1060 3527 1193 3593 brevior
1215 3532 1248 3592 et
1271 3528 1441 3600 concisior,
1458 3528 1523 3601 avi·

349 3654 424 3721 tntis
439 3653 692 3739 repetitionibus.
711 3654 892 3720 Praeterea
914 3655 1041 3740 saepius
1064 3654 1221 3738 explicari
1235 3652 1319 3718 bene
1337 3672 1403 3717 non
1418 3656 1523 3738 potest

349 3778 477 3863 aliquod
500 3778 678 3843 institutum
703 3779 782 3845 iuris
805 3777 962 3844 iudicialis
985 3777 1169 3848 criminalis,
1182 3781 1238 3841 aut
1252 3776 1367 3843 saltem
1391 3795 1456 3841 non
1479 3776 1525 3840 ita

349 3898 497 3967 distincte
520 3900 707 3985 percipitur,
724 3900 784 3965 nisi
805 3906 1012 3986 comparetur
1034 3918 1107 3964 cum
1130 3898 1268 3963 relativa
1291 3896 1398 3961 iudicii
1420 3896 1525 3961 civilis

348 4023 431 4109 lege.
456 4024 547 4088 Tunc
569 4021 751 4089 huiusmodi
775 4027 903 4096 statuta,
928 4021 1000 4086 ideo
1023 4023 1110 4086 inter
1130 4039 1168 4086 se
1189 4025 1386 4106 comparata,
1409 4020 1524 4085 melius

349 4146 588 4235 distinguuntur
612 4153 645 4213 et
667 4154 777 4214 mutua
798 4146 872 4213 luce
895 4146 1137 4212 collustrantur.
1160 4146 1205 4212 At
1227 4146 1291 4211 hoc
1313 4142 1368 4210 fiet
1391 4164 1469 4209 raro
1493 4148 1526 4209 et

348 4272 462 4347 obiter,
487 4274 640 4358 quocirca
661 4274 813 4340 tractatio
836 4293 925 4337 suam
950 4291 1014 4337 non
1037 4276 1140 4338 mutat
1162 4274 1312 4358 speciem.

438 4396 550 4460 Prima
579 4378 656 4481 pars
682 4414 777 4479 quam
801 4414 897 4467 nunc,
923 4394 989 4459 Deo
1015 4393 1201 4479 opitulante,
1218 4392 1455 4480 aggrediemur,
1476 4391 1525 4457 di-
