3350 5117
310 278 378 344 578
837 298 921 345 rans
946 298 967 343 1.

310 420 579 487 administrationi
610 422 759 487 iustitiae.
785 421 911 486 Verum
935 420 1107 505 aliquando
1130 420 1262 507 expedit
1291 418 1448 485 recedere
1472 440 1492 483 a

309 545 572 615 solemnitatibus,
589 551 623 610 et
638 546 777 611 formam
797 566 971 632 processus
986 545 1229 612 substantialem
1244 550 1368 609 tantum
1385 543 1492 609 obser·

309 689 405 746 rare;
429 669 515 735 unde
538 691 708 757 processus
731 672 926 737 summarius
950 672 1059 737 estin
1082 692 1150 756 quo
1175 672 1321 757 legitime
1336 670 1491 737 omittun-

310 798 376 875 tur,
388 793 436 857 ad
458 794 556 859 citim
570 794 824 876 eapediendam
839 813 991 875 cansam,
1008 799 1121 860 certae
1135 794 1363 861 solennitates
1377 814 1400 859 a
1415 794 1492 857 inre

305 915 450 997 positivo
473 914 719 980 determinatae
737 934 806 997 pro
829 914 970 980 iudiciis
992 912 1190 980 ordinariis.

397 1038 474 1131 592.
499 1038 583 1113 Quia
604 1038 685 1103 ordo
707 1039 816 1104 iudicii
841 1038 999 1104 ordinarii
1023 1040 1099 1104 inre
1123 1040 1296 1107 communi
1323 1039 1491 1105 constitui-

309 1176 372 1239 tur,
396 1166 531 1252 proinde
554 1167 631 1232 huic
661 1166 768 1233 ordini
797 1166 952 1252 derogari
977 1186 1040 1230 non
1064 1172 1179 1252 potest,
1203 1168 1264 1231 nisi
1292 1186 1335 1231 ex
1359 1165 1490 1250 speciali

308 1292 518 1355 concessione
540 1290 696 1375 principis
719 1291 752 1354 in
774 1291 941 1361 societate,
965 1295 1021 1355 aut
1046 1310 1090 1354 ex
1113 1290 1186 1377 lege
1203 1291 1281 1355 iuris
1301 1291 1489 1354 communis.

309 1416 380 1481 Hoc
403 1436 500 1481 sensu
525 1414 704 1501 Pellegrini
719 1435 774 1499 op.
791 1416 857 1489 cit,
875 1414 914 1479 P.
932 1416 978 1484 ΙΙ,
998 1412 1145 1481 Subseee.
1162 1416 1188 1482 l.
1209 1414 1489 1479 lamentante.

308 1542 370 1605 ait:
397 1562 415 1604 ‹
439 1540 556 1606 iudicia
578 1542 754 1605 summaria
776 1542 841 1605 alia
865 1560 936 1607 esse
959 1540 1073 1629 aiere
1096 1540 1160 1604 alia
1183 1538 1226 1605 all
1251 1538 1386 1605 homine
1403 1560 1431 1602 ›.
1445 1572 1492 1585 -

308 1634 361 1730 Ab
377 1664 520 1738 homine,
538 1683 654 1748 nempe
670 1683 713 1727 ex
728 1664 861 1747 speciali
877 1665 1132 1749 praescriptione
1149 1664 1258 1749 Papae
1275 1662 1309 1727 in
1325 1661 1490 1733 Ecclesia;

308 1808 330 1851 a
360 1788 436 1851 inre
457 1806 537 1852 vero
568 1786 608 1850 ob
631 1787 819 1871 generalem
853 1788 959 1872 legem
991 1786 1108 1851 editam
1133 1788 1166 1851 in
1193 1787 1246 1850 cit.
1272 1783 1489 1851 clementinis.

308 1916 392 1990 Quia
413 1935 494 1979 vero
517 1933 634 1979 causae
656 1916 847 1981 summario
874 1918 938 1980 ritu
962 1914 1152 1980 tractandae
1167 1934 1231 1978 non
1256 1912 1415 1985 tarative,
1432 1910 1490 1979 sed

307 2039 570 2106 demonstrative
592 2038 684 2101 hisce
708 2044 810 2103 const.
841 2040 1057 2124 assignantur,
1083 2038 1159 2103 hinc
1183 2037 1271 2103 addit
1293 2037 1347 2102 hic
1371 2038 1491 2102 Doctor

307 2160 462 2246 quaedam
487 2159 605 2225 iudicia
627 2180 698 2225 esse
721 2162 915 2227 summaria
940 2180 984 2226 esc
1006 2166 1134 2227 natura
1158 2179 1353 2227 cansarum.

398 2284 473 2351 593.
506 2284 644 2350 Natura
666 2305 746 2350 vero
769 2305 958 2352 cansarum
987 2307 1030 2351 ex
1057 2286 1175 2372 duplici
1206 2285 1335 2350 diversa
1365 2284 1491 2349 ratione

308 2410 452 2494 exquirit
475 2430 661 2494 processum
684 2412 928 2475 seminarium.
955 2411 1134 2475 Nonnullae
1165 2414 1250 2476 enim
1274 2430 1392 2475 causae
1415 2414 1490 2474 sunt

307 2534 458 2604 leviores,
475 2540 509 2602 et
530 2535 594 2599 hae
617 2536 824 2619 expostulant
849 2536 1088 2609 summarium,
1105 2542 1174 2601 tum
1198 2536 1313 2621 quoad
1331 2534 1490 2601 commni-

310 2660 412 2721 tatem
426 2661 495 2720 tum
511 2656 627 2741 quoad
642 2655 873 2738 probationes
888 2656 1076 2721 Huiusmodi
1092 2662 1167 2721 sunt
1182 2676 1308 2729 causae,
1325 2675 1408 2741 quae
1423 2674 1489 2719 non

309 2782 440 2866 pariunt
461 2802 612 2867 magnum
635 2782 882 2866 praeiudicium,
907 2788 944 2851 ut
965 2788 1040 2847 sunt
1066 2803 1178 2848 omnes
1201 2780 1379 2848 incidentes
1410 2801 1490 2865 qua-

309 2926 381 2971 rum
397 2926 572 2991 gravamen
588 2908 712 2992 corrigi
728 2913 835 2992 potest
854 2929 913 2993 per
929 2906 1125 2974 definitivam
1141 2908 1347 2980 sententiam;
1365 2912 1397 2971 et
1412 2925 1489 2969 cau-

308 3048 364 3093 sae
379 3028 548 3093 admodum
564 3031 598 3094 in
621 3032 692 3095 iure
715 3030 927 3103 favorabiles,
946 3034 991 3099 uti
1015 3052 1131 3097 causae
1155 3032 1390 3111 alimentorum,
1415 3048 1491 3094 cau·

309 3174 365 3220 sae
388 3155 470 3239 piae.
1361 3128 1364 3137 ¹

397 3278 491 3345 Aliae
507 3300 624 3345 causae
638 3282 755 3365 quippe
771 3282 881 3366 magni
899 3281 1052 3345 momenti
1069 3282 1210 3346 celerem
1227 3280 1402 3363 exquirunt
1417 3298 1491 3363 pro

309 3423 444 3475 cessum,
469 3422 528 3467 seu
550 3404 756 3487 expostulant
781 3405 1016 3470 summarium
1042 3404 1146 3487 quoad
1170 3404 1397 3475 solemnitates,
1423 3421 1489 3465 non

309 3548 388 3591 vero
405 3526 509 3612 quoad
532 3527 753 3613 probationem
776 3528 958 3595 huiusmodi
975 3534 1049 3594 sunt
1071 3548 1188 3593 causae
1206 3526 1488 3599 matrimoniales,

310 3666 392 3730 quae
415 3647 557 3714 celerem
580 3650 716 3734 exigunt
738 3649 966 3715 definitionem.
992 3650 1083 3714 Haec
1105 3647 1267 3715 distinctio
1291 3666 1359 3730 pro
1379 3646 1491 3729 praei

310 3776 359 3837 est
380 3772 512 3838 maximi
535 3771 706 3857 ponderis;
731 3773 773 3838 cf.
800 3773 989 3857 Pellegrini‚
1015 3774 1035 3837 l.
1053 3792 1091 3853 a,
1116 3794 1150 3837 n.
1174 3770 1208 3837 3.

398 3900 473 3963 594.
499 3900 575 3963 lure
599 3917 732 3962 romano
757 3897 1024 3983 proquibusdam
1049 3898 1154 3963 causis
1169 3898 1222 3962 vel
1245 3897 1420 3963 levioribus
1436 3898 1491 3962 vel

310 4021 450 4086 celerem
474 4022 710 4105 expeditionem
727 4022 986 4107 exposcentibus,
1011 4023 1122 4107 quales
1138 4028 1213 4087 sunt
1236 4042 1352 4089 causae
1368 4042 1491 4109 posses-

309 4146 424 4215 soriae,
449 4163 565 4209 causae
596 4146 833 4218 alimentorum,
868 4146 1062 4219 mercedum,
1095 4150 1214 4233 statuta
1244 4151 1316 4211 erat
1343 4148 1490 4233 cognitio

310 4266 613 4352 entraordinaria;
644 4266 684 4333 de
716 4289 779 4353 qua
810 4269 856 4333 ait
879 4269 898 4333 l.
926 4271 954 4342 1,
980 4270 1002 4351 ἓ
1027 4271 1057 4342 9,
1081 4270 1116 4352 ff.
1142 4270 1192 4336 De
1215 4275 1325 4353 praet.
1355 4271 1490 4360 stipat:

313 4390 416 4473 «ipse
435 4399 577 4474 praetor
599 4394 696 4461 debet
717 4414 822 4479 snper
837 4415 879 4461 ea
902 4414 941 4460 re
964 4414 1144 4461 sunuarnr
1168 4414 1416 4481 cognoscere».
1433 4396 1489 4461 Ius
