3350 5117
332 263 400 330 316
856 282 941 330 rans
964 283 986 328 1.

333 403 382 470 De
392 424 557 488 praescr„
576 405 608 468 X
622 403 678 486 (ΙΙ,
695 406 761 489 26).
787 407 854 470 Nec
877 407 958 471 iuris
980 408 1099 490 privati
1118 425 1175 470 seu
1198 409 1404 492 proprietatis
1423 407 1507 470 ratio

332 530 514 614 negligitur,
539 531 613 594 dum
644 531 794 595 statuitur
818 532 994 596 necessitas
1016 533 1224 595 continuatae
1247 537 1339 595 certo
1361 537 1508 615 tempore

331 655 549 736 possessionis.
574 655 654 720 adeo
678 661 713 721 ut
736 661 826 720 recte
848 655 998 720 advertat
1013 658 1034 721 t.
1052 656 1111 734 28,
1126 658 1164 738 ff.
1181 657 1227 720 tit.
1247 655 1299 718 De
1320 654 1410 720 oerb.
1426 655 1507 740 sip:

334 780 423 843 «vix
447 784 497 844 est
520 779 604 844 enim
629 785 663 845 ut
686 799 750 843 non
767 779 917 844 videatur
939 779 1084 843 alienare
1108 781 1160 862 qui
1186 780 1306 863 patitur
1329 779 1458 862 usucapi
1475 796 1508 850 »ς

331 907 363 966 et
385 903 466 967 scite
494 903 593 968 Gaius
615 902 781 968 adnotavit
803 905 823 968 t.
845 904 863 966 1
884 904 919 985 ff.
938 903 969 966 b.
987 909 1061 966 tr«
1085 923 1158 968 cum
1186 901 1351 968 sufficeret
1373 901 1512 966 dominis

330 1027 369 1090 ad
394 1026 601 1110 inquirendas
626 1047 679 1092 res
701 1045 775 1092 suas
798 1029 906 1092 statuti
932 1029 1085 1112 temporis
1109 1030 1282 1112 spatium»
1308 1025 1365 1112 (l).

421 1151 516 1216 Hunc
532 1151 659 1215 modurn
675 1151 862 1234 acquirendi
880 1150 1056 1216 dominium
1081 1153 1324 1235 usucapionem
1341 1150 1387 1236 (2)
1403 1151 1512 1214 Latini

331 1277 478 1359 primitus
508 1276 722 1360 appellarunt,
745 1295 838 1358 quam
865 1275 1033 1360 eleganter
1064 1277 1108 1340 ita
1138 1273 1283 1339 delinivit
1311 1275 1513 1338 Modestinus

331 1401 351 1464 t.
377 1396 410 1472 3,
433 1401 469 1481 ff.
495 1399 527 1462 h.
545 1405 584 1463 t:
610 1421 627 1460 ‹
652 1406 698 1464 est
723 1400 865 1465 adiectio
881 1400 1024 1465 dominii
1046 1419 1110 1481 per
1133 1399 1419 1465 continuationem
1431 1418 1513 1480 pos-

331 1525 491 1590 sessionis
516 1526 677 1608 temporis
701 1527 773 1611 lepe
796 1525 925 1610 definiti
949 1546 966 1587 »
992 1524 1047 1611 (3).

422 1649 544 1716 Verum
559 1651 613 1716 bic
638 1650 748 1714 modus
763 1648 949 1732 acquirendi
973 1649 1102 1714 dominii
1123 1653 1193 1714 iure
1211 1669 1289 1714 rom
1306 1653 1377 1712 erat
1392 1644 1512 1712 efficax

330 1773 548 1838 tantummodo
565 1772 667 1872 quoad
685 1777 871 1858 certas-res,
889 1771 929 1835 ob
945 1773 1024 1835 iuris
1041 1771 1144 1835 civilis
1168 1773 1327 1856 rigorem;
1350 1789 1453 1854 quare
1468 1789 1513 1832 ex

331 1901 490 1984 praetoris
512 1901 673 1984 aequitate
690 1919 844 1964 concessa
869 1898 927 1964 luit
950 1900 1102 1981 exceptio
1119 1898 1234 1963 farore
1256 1899 1350 1969 illius,
1364 1899 1418 1981 qui
1442 1917 1513 1962 cer-

419 2166 458 2234 (l)
473 2166 722 2234 praescriptionem
737 2167 776 2219 ita
795 2172 933 2235 sumptam
947 2183 1001 2219 non
1021 2166 1138 2219 Romani
1153 2170 1271 2230 tanturm
1282 2165 1329 2219 sed
1342 2171 1371 2219 et
1388 2165 1511 2221 Hebraei

332 2279 360 2328 et
378 2273 475 2327 Graeci
491 2278 656 2344 ceteraeque
670 2278 768 2343 gentes
781 2279 962 2343 agnoverunt
982 2274 1103 2339 Grotius,
1118 2275 1184 2329 lare
1198 2275 1265 2329 bell.
1280 2285 1308 2328 et
1316 2275 1404 2344 pacis,
1419 2275 1468 2326 lib.
1482 2275 1513 2338 2,

333 2399 391 2450 cap.
412 2383 442 2445 4,
462 2384 480 2443 5
498 2382 526 2432 2.
548 2380 616 2435 ltem
637 2383 746 2450 populis
759 2382 931 2437 Germanicis
951 2383 1179 2451 praescriptionis
1195 2383 1355 2435 institutum
1368 2380 1443 2434 haud
1456 2381 1512 2432 tuit

331 2489 465 2557 ignotum
484 2489 517 2542 cs.
537 2487 652 2544 Walter
672 2491 739 2542 Hist.
761 2491 813 2544 iar.
834 2507 923 2558 parm.
943 2491 981 2554 §5
999 2487 1061 2555 548,
1080 2487 1141 2541 536.

402 2589 441 2660 (2)
460 2590 535 2645 Haec
554 2595 597 2646 est
616 2592 730 2662 elegans
754 2591 1001 2662 definiti0,quippe
1020 2591 1090 2644 illud
1108 2593 1222 2644 verbum
1243 2594 1360 2645 adiectio
1385 2589 1512 2659 perbelle

330 2703 460 2771 exprimit
474 2703 529 2756 vim
549 2703 734 2771 usucapionis,
747 2702 856 2756 scilicet
875 2679 1052 2772 comparandi
1071 2703 1112 2756 rei
1132 2701 1283 2754 dominium
1297 2701 1389 2770 ei,qui
1404 2715 1513 2768 possea-

329 2809 433 2863 sionem
454 2810 508 2863 iam
529 2811 681 2865 obtinebat.
701 2809 794 2863 Minus
807 2809 952 2878 eleganter
967 2809 1104 2877 Ulpianus
1122 2808 1220 2864 definit
1241 2808 1511 2876 praescriptionem:

329 2916 443 2970 dominii
462 2919 637 2987 adeptionem
660 2932 708 2985 per
726 2916 965 2970 continuationem
985 2915 1164 2984 possessionis
1183 2919 1235 2969 etc.

402 3021 441 3092 (3)
460 3021 531 3083 Quia
543 3022 732 3092 praescriptio
750 3026 793 3076 est
805 3021 953 3091 praecipue
967 3020 1063 3073 modus
1076 3037 1169 3074 rerum
1183 3019 1421 3090 acquirendarum,
1434 3021 1510 3074 late·

330 3145 391 3180 mur
410 3128 637 3198 praescriptionis
656 3127 853 3180 tractationem
872 3143 927 3179 non
947 3127 1086 3196 propriam
1099 3126 1153 3179 sibi
1166 3125 1306 3180 vindicare
1325 3124 1419 3179 sedem
1433 3126 1510 3180 iuter

330 3238 407 3306 lepos
427 3255 583 3308 processum
609 3237 777 3292 ordinantes.
797 3265 830 3277 —
851 3234 1039 3290 Nihilominus
1063 3235 1246 3305 praescriptio
1266 3238 1324 3287 tum
1343 3236 1510 3304 acquisitiva

330 3351 388 3400 tum
403 3350 559 3408 entinctioa,
573 3347 599 3400 vi
619 3363 678 3410 sua,
691 3344 918 3414 praescriptionis
932 3349 1060 3398 naturam
1070 3343 1165 3409 babet;
1178 3361 1239 3413 arg.
1255 3345 1273 3396 l.
1287 3345 1308 3395 3
1324 3345 1350 3398 C.
1368 3345 1407 3397 De
1416 3361 1507 3414 pne-

331 3457 424 3524 script.
445 3455 487 3506 30
505 3471 569 3508 ann.
589 3483 603 3494 ·
623 3455 656 3506 ci.
678 3451 849 3507 D'llnuibale
868 3453 901 3518 ll,
921 3452 986 3517 139,
1004 3464 1060 3507 not.
1081 3456 1107 3506 2.
1128 3452 1301 3522 Quapropter
1326 3452 1354 3506 iu
1377 3451 1509 3506 Decreta

331 3563 404 3614 libus
424 3566 582 3615 recensetur
607 3563 649 3614 tit.
673 3561 711 3615 De
734 3562 1004 3630 praescriptionibus
1024 3561 1051 3613 in
1071 3561 1119 3614 lib.
1141 3560 1165 3613 ll
1187 3561 1227 3614 De
1247 3562 1357 3614 indiciis
1382 3565 1444 3628 post
1463 3561 1509 3614 tit.

333 3667 373 3720 lle
391 3667 606 3736 exceptionibus.
628 3665 699 3720 Hinc
722 3681 776 3719 nou
802 3683 858 3718 una
881 3665 915 3720 de
941 3666 1048 3720 ratione
1073 3667 1197 3718 animum
1222 3664 1381 3718 induximus
1405 3669 1437 3718 nt
1462 3665 1508 3718 bic

330 3787 476 3840 ageremus
495 3770 528 3824 de
547 3771 827 3840 praescriptionibus;
847 3773 878 3822 at
896 3770 1046 3838 praecipua
1065 3770 1137 3824 ratio
1162 3770 1223 3835 tuit,
1240 3769 1306 3839 quia
1324 3768 1366 3824 ita
1384 3767 1508 3837 comple·

329 3891 422 3929 remus
441 3879 591 3930 tractatum
610 3875 644 3930 de
663 3875 844 3944 possessione,
855 3879 1025 3944 exponentes
1045 3881 1103 3927 tum
1123 3874 1353 3940 interdicentum
1373 3876 1509 3942 praescri·

331 3980 461 4048 ptionem,
482 3995 581 4049 nempe
601 3997 684 4032 unum
710 3984 738 4032 et
763 3979 884 4032 alterum
910 3979 1039 4032 effectiun
1064 3995 1081 4031 a
1107 3979 1166 4032 iure
1194 3979 1312 4048 positivo
1339 3979 1507 4032 attributum

332 4085 504 4153 possessioni.
517 4114 554 4126 -
568 4085 682 4139 Domum
702 4086 768 4155 quia
787 4103 841 4139 tion
861 4090 972 4154 poterat
991 4087 1177 4154 praetermitti
1195 4086 1327 4139 tractatio
1346 4085 1380 4139 de
1394 4102 1508 4156 pererrr

328 4191 424 4259 pliona
447 4207 495 4243 seu
518 4169 742 4260 praescriptione
768 4189 978 4254 instantiarum,
997 4190 1143 4243 admodum
1168 4191 1247 4244 iuvat
1271 4190 1329 4245 lata
1353 4187 1508 4258 explicasse

331 4299 494 4364 conceptum
514 4301 543 4350 et
561 4297 617 4349 vim
636 4295 870 4366 praescriptionis,
882 4300 913 4350 ut
931 4295 1000 4350 baec
1020 4297 1144 4365 apprime
1162 4296 1351 4364 distinguatur
1369 4297 1404 4348 ab
1423 4295 1507 4348 insti·

331 4407 392 4455 tuto
408 4403 609 4472 peremptionis
628 4401 833 4455 instantiarum.
