<?xml version="1.0" encoding="UTF-8"?>
<!DOCTYPE html PUBLIC "-//W3C//DTD XHTML 1.0 Transitional//EN"
    "http://www.w3.org/TR/xhtml1/DTD/xhtml1-transitional.dtd">
<html xmlns="http://www.w3.org/1999/xhtml" xml:lang="en" lang="en">
 <head>
  <title>
</title>
<meta http-equiv="Content-Type" content="text/html;charset=utf-8" />
  <meta name='ocr-system' content='tesseract 3.04.00' />
  <meta name='ocr-capabilities' content='ocr_page ocr_carea ocr_par ocr_line ocrx_word'/>
</head>
<body>
  <div class='ocr_page' id='page_1' title='image "./praelectionesin01legagoog_0156.png"; bbox 0 0 3350 5117; ppageno 0'>
   <div class='ocr_carea' id='block_1_1' title="bbox 314 317 967 383">
    <p class='ocr_par' dir='ltr' id='par_1_1' title="bbox 314 317 967 383">
     <span class='ocr_line' id='line_1_1' title="bbox 314 317 967 383; baseline -0.002 -2"><span class='ocrx_word' id='word_1_1' title='bbox 314 317 377 383; x_wconf 78' lang='lat'>154</span> <span class='ocrx_word' id='word_1_2' title='bbox 836 336 921 383; x_wconf 69' lang='lat' dir='ltr'>reas</span> <span class='ocrx_word' id='word_1_3' title='bbox 944 334 967 381; x_wconf 87' lang='lat'>1.</span> 
     </span>
    </p>
   </div>
   <div class='ocr_carea' id='block_1_2' title="bbox 311 455 1494 2785">
    <p class='ocr_par' dir='ltr' id='par_1_2' title="bbox 311 455 1489 1041">
     <span class='ocr_line' id='line_1_2' title="bbox 311 455 1489 544; baseline 0.001 -22"><span class='ocrx_word' id='word_1_4' title='bbox 311 456 455 531; x_wconf 83' lang='lat' dir='ltr'>ditiones,</span> <span class='ocrx_word' id='word_1_5' title='bbox 471 457 668 524; x_wconf 88' lang='lat' dir='ltr'>adminicula</span> <span class='ocrx_word' id='word_1_6' title='bbox 682 460 895 544; x_wconf 82' lang='lat' dir='ltr'>exprimente,</span> <span class='ocrx_word' id='word_1_7' title='bbox 911 463 947 525; x_wconf 91' lang='lat' dir='ltr'>ut</span> <span class='ocrx_word' id='word_1_8' title='bbox 961 458 1098 525; x_wconf 78' lang='lat' dir='ltr'><strong>suadent</strong></span> <span class='ocrx_word' id='word_1_9' title='bbox 1117 479 1145 526; x_wconf 91' lang='lat' dir='ltr'>c.</span> <span class='ocrx_word' id='word_1_10' title='bbox 1162 478 1191 525; x_wconf 90' lang='lat' dir='ltr'>c.</span> <span class='ocrx_word' id='word_1_11' title='bbox 1207 460 1227 521; x_wconf 91' lang='lat'><em>1</em></span> <span class='ocrx_word' id='word_1_12' title='bbox 1241 459 1273 523; x_wconf 81' lang='grc' dir='ltr'>Ιι.</span> <span class='ocrx_word' id='word_1_13' title='bbox 1291 463 1312 523; x_wconf 83' lang='lat' dir='ltr'>t.</span> <span class='ocrx_word' id='word_1_14' title='bbox 1328 459 1365 523; x_wconf 89' lang='lat' dir='ltr'><em>X</em></span> <span class='ocrx_word' id='word_1_15' title='bbox 1377 455 1416 544; x_wconf 88' lang='lat'>(1,</span> <span class='ocrx_word' id='word_1_16' title='bbox 1433 456 1489 542; x_wconf 89' lang='grc'>38)</span> 
     </span>
     <span class='ocr_line' id='line_1_3' title="bbox 312 579 1487 679; baseline -0.002 -32"><span class='ocrx_word' id='word_1_17' title='bbox 312 586 344 647; x_wconf 89' lang='lat' dir='ltr'>et</span> <span class='ocrx_word' id='word_1_18' title='bbox 366 582 386 646; x_wconf 88' lang='lat'><em>1</em></span> <span class='ocrx_word' id='word_1_19' title='bbox 408 581 439 647; x_wconf 84' lang='lat' dir='ltr'>h.</span> <span class='ocrx_word' id='word_1_20' title='bbox 463 586 486 648; x_wconf 85' lang='lat' dir='ltr'>t.</span> <span class='ocrx_word' id='word_1_21' title='bbox 509 583 547 649; x_wconf 80' lang='lat' dir='ltr'>ia</span> <span class='ocrx_word' id='word_1_22' title='bbox 573 580 675 649; x_wconf 81' lang='lat' dir='ltr'>Clam.</span> <span class='ocrx_word' id='word_1_23' title='bbox 699 579 738 667; x_wconf 87' lang='grc' dir='ltr'>(Ι,</span> <span class='ocrx_word' id='word_1_24' title='bbox 765 582 828 666; x_wconf 89' lang='grc'><strong>10).</strong></span> <span class='ocrx_word' id='word_1_25' title='bbox 853 617 897 632; x_wconf 90' lang='grc'>-</span> <span class='ocrx_word' id='word_1_26' title='bbox 921 582 1007 648; x_wconf 91' lang='lat' dir='ltr'>Hinc</span> <span class='ocrx_word' id='word_1_27' title='bbox 1023 583 1188 675; x_wconf 54' lang='lat' dir='ltr'>Qd-ier-no</span> <span class='ocrx_word' id='word_1_28' title='bbox 1218 584 1291 669; x_wconf 62' lang='lat' dir='ltr'>ipre</span> <span class='ocrx_word' id='word_1_29' title='bbox 1313 582 1401 666; x_wconf 72' lang='lat' dir='ltr'>civili</span> <span class='ocrx_word' id='word_1_30' title='bbox 1423 601 1487 679; x_wconf 83' lang='lat' dir='ltr'>non</span> 
     </span>
     <span class='ocr_line' id='line_1_4' title="bbox 311 705 1488 793; baseline -0.001 -23"><span class='ocrx_word' id='word_1_31' title='bbox 311 706 394 789; x_wconf 77' lang='lat' dir='ltr'>solet</span> <span class='ocrx_word' id='word_1_32' title='bbox 415 705 539 773; x_wconf 85' lang='lat' dir='ltr'><strong>admitti</strong></span> <span class='ocrx_word' id='word_1_33' title='bbox 566 705 750 772; x_wconf 88' lang='lat' dir='ltr'>mandatum</span> <span class='ocrx_word' id='word_1_34' title='bbox 780 707 840 771; x_wconf 91' lang='lat' dir='ltr'>nisi</span> <span class='ocrx_word' id='word_1_35' title='bbox 871 708 1037 792; x_wconf 84' lang='lat' dir='ltr'>scriptum,</span> <span class='ocrx_word' id='word_1_36' title='bbox 1061 726 1082 770; x_wconf 92' lang='lat' dir='ltr'>a</span> <span class='ocrx_word' id='word_1_37' title='bbox 1105 708 1232 776; x_wconf 85' lang='lat' dir='ltr'>notario</span> <span class='ocrx_word' id='word_1_38' title='bbox 1262 710 1433 793; x_wconf 56' lang='lat' dir='ltr'>exaratum</span> <span class='ocrx_word' id='word_1_39' title='bbox 1454 706 1488 769; x_wconf 92' lang='lat' dir='ltr'>in</span> 
     </span>
     <span class='ocr_line' id='line_1_5' title="bbox 312 798 1489 914; baseline 0 -21"><span class='ocrx_word' id='word_1_40' title='bbox 312 798 469 913; x_wconf 81' lang='lat' dir='ltr'>publicam</span> <span class='ocrx_word' id='word_1_41' title='bbox 494 829 641 911; x_wconf 86' lang='lat' dir='ltr'>formam,</span> <span class='ocrx_word' id='word_1_42' title='bbox 664 834 701 893; x_wconf 89' lang='lat' dir='ltr'>ut</span> <span class='ocrx_word' id='word_1_43' title='bbox 722 828 817 894; x_wconf 90' lang='lat' dir='ltr'>dubia</span> <span class='ocrx_word' id='word_1_44' title='bbox 839 834 1102 914; x_wconf 75' lang='lat' dir='ltr'>praecaveantur</span> <span class='ocrx_word' id='word_1_45' title='bbox 1123 834 1158 895; x_wconf 91' lang='lat' dir='ltr'>et</span> <span class='ocrx_word' id='word_1_46' title='bbox 1179 828 1312 895; x_wconf 82' lang='lat' dir='ltr'>fraudes</span> <span class='ocrx_word' id='word_1_47' title='bbox 1335 831 1368 894; x_wconf 92' lang='lat' dir='ltr'>in</span> <span class='ocrx_word' id='word_1_48' title='bbox 1392 849 1489 894; x_wconf 83' lang='lat' dir='ltr'>exer·</span> 
     </span>
     <span class='ocr_line' id='line_1_6' title="bbox 311 954 875 1041; baseline -0.002 -22"><span class='ocrx_word' id='word_1_49' title='bbox 311 954 386 1021; x_wconf 91' lang='lat' dir='ltr'>citio</span> <span class='ocrx_word' id='word_1_50' title='bbox 409 954 550 1020; x_wconf 86' lang='lat' dir='ltr'>mandati</span> <span class='ocrx_word' id='word_1_51' title='bbox 576 955 793 1041; x_wconf 88' lang='lat' dir='ltr'>procuratorii</span> <span class='ocrx_word' id='word_1_52' title='bbox 817 954 875 1041; x_wconf 87' lang='lat' dir='ltr'><strong>(l).</strong></span> 
     </span>
    </p>

    <p class='ocr_par' dir='ltr' id='par_1_3' title="bbox 311 1080 1493 2157">
     <span class='ocr_line' id='line_1_7' title="bbox 405 1080 1488 1168; baseline 0 -22"><span class='ocrx_word' id='word_1_53' title='bbox 405 1080 477 1146; x_wconf 86' lang='lat'>123.</span> <span class='ocrx_word' id='word_1_54' title='bbox 502 1080 664 1156; x_wconf 80' lang='lat' dir='ltr'><strong>Quocirca</strong></span> <span class='ocrx_word' id='word_1_55' title='bbox 687 1080 727 1146; x_wconf 91' lang='lat' dir='ltr'>de</span> <span class='ocrx_word' id='word_1_56' title='bbox 750 1083 821 1147; x_wconf 92' lang='lat' dir='ltr'>iure</span> <span class='ocrx_word' id='word_1_57' title='bbox 837 1084 999 1148; x_wconf 88' lang='lat' dir='ltr'>communi</span> <span class='ocrx_word' id='word_1_58' title='bbox 1014 1102 1290 1168; x_wconf 83' lang='lat' dir='ltr'>supervacaneum</span> <span class='ocrx_word' id='word_1_59' title='bbox 1313 1087 1364 1149; x_wconf 88' lang='lat' dir='ltr'>est</span> <span class='ocrx_word' id='word_1_60' title='bbox 1385 1084 1488 1167; x_wconf 90' lang='lat' dir='ltr'>inqui-</span> 
     </span>
     <span class='ocr_line' id='line_1_8' title="bbox 313 1202 1489 1289; baseline 0.002 -24"><span class='ocrx_word' id='word_1_61' title='bbox 313 1221 398 1274; x_wconf 89' lang='lat' dir='ltr'>rere,</span> <span class='ocrx_word' id='word_1_62' title='bbox 415 1202 572 1285; x_wconf 92' lang='lat' dir='ltr'>quomodo</span> <span class='ocrx_word' id='word_1_63' title='bbox 595 1204 695 1289; x_wconf 91' lang='lat' dir='ltr'>possit</span> <span class='ocrx_word' id='word_1_64' title='bbox 709 1202 853 1287; x_wconf 90' lang='lat' dir='ltr'>suppleri</span> <span class='ocrx_word' id='word_1_65' title='bbox 868 1203 1047 1288; x_wconf 85' lang='lat' dir='ltr'>scriptura;</span> <span class='ocrx_word' id='word_1_66' title='bbox 1063 1223 1161 1287; x_wconf 91' lang='lat' dir='ltr'>quum</span> <span class='ocrx_word' id='word_1_67' title='bbox 1179 1209 1309 1269; x_wconf 89' lang='lat' dir='ltr'>cautum</span> <span class='ocrx_word' id='word_1_68' title='bbox 1324 1204 1367 1269; x_wconf 89' lang='lat' dir='ltr'>sit</span> <span class='ocrx_word' id='word_1_69' title='bbox 1381 1221 1489 1287; x_wconf 91' lang='lat' dir='ltr'>quam-</span> 
     </span>
     <span class='ocr_line' id='line_1_9' title="bbox 313 1324 1490 1413; baseline -0.001 -22"><span class='ocrx_word' id='word_1_70' title='bbox 313 1346 449 1411; x_wconf 80' lang='lat' dir='ltr'>cumque</span> <span class='ocrx_word' id='word_1_71' title='bbox 479 1324 628 1392; x_wconf 85' lang='lat' dir='ltr'>sufficere</span> <span class='ocrx_word' id='word_1_72' title='bbox 658 1326 833 1394; x_wconf 84' lang='lat' dir='ltr'>voluntatis</span> <span class='ocrx_word' id='word_1_73' title='bbox 861 1328 1104 1411; x_wconf 79' lang='lat' dir='ltr'>expressionem</span> <span class='ocrx_word' id='word_1_74' title='bbox 1126 1328 1181 1393; x_wconf 81' lang='lat' dir='ltr'>vel</span> <span class='ocrx_word' id='word_1_75' title='bbox 1211 1325 1490 1413; x_wconf 82' lang='lat' dir='ltr'>significationem,</span> 
     </span>
     <span class='ocr_line' id='line_1_10' title="bbox 312 1450 1491 1536; baseline 0 -21"><span class='ocrx_word' id='word_1_76' title='bbox 312 1470 394 1534; x_wconf 89' lang='lat' dir='ltr'>quae</span> <span class='ocrx_word' id='word_1_77' title='bbox 424 1451 531 1535; x_wconf 88' lang='lat' dir='ltr'>aliquo</span> <span class='ocrx_word' id='word_1_78' title='bbox 562 1452 737 1516; x_wconf 82' lang='lat' dir='ltr'>canonicae</span> <span class='ocrx_word' id='word_1_79' title='bbox 768 1450 969 1536; x_wconf 83' lang='lat' dir='ltr'>probationis</span> <span class='ocrx_word' id='word_1_80' title='bbox 998 1450 1103 1516; x_wconf 91' lang='lat' dir='ltr'>medio</span> <span class='ocrx_word' id='word_1_81' title='bbox 1126 1452 1160 1515; x_wconf 94' lang='lat' dir='ltr'>in</span> <span class='ocrx_word' id='word_1_82' title='bbox 1190 1450 1307 1517; x_wconf 85' lang='lat' dir='ltr'>iudicio</span> <span class='ocrx_word' id='word_1_83' title='bbox 1338 1458 1491 1517; x_wconf 81' lang='lat' dir='ltr'>constare</span> 
     </span>
     <span class='ocr_line' id='line_1_11' title="bbox 311 1576 1492 1663; baseline 0 -22"><span class='ocrx_word' id='word_1_84' title='bbox 311 1579 419 1663; x_wconf 85' lang='lat' dir='ltr'>possit.</span> <span class='ocrx_word' id='word_1_85' title='bbox 445 1578 589 1662; x_wconf 89' lang='lat' dir='ltr'>Namque</span> <span class='ocrx_word' id='word_1_86' title='bbox 612 1580 683 1644; x_wconf 88' lang='lat' dir='ltr'>iure</span> <span class='ocrx_word' id='word_1_87' title='bbox 706 1598 777 1643; x_wconf 89' lang='lat' dir='ltr'>can.</span> <span class='ocrx_word' id='word_1_88' title='bbox 802 1576 984 1643; x_wconf 87' lang='lat' dir='ltr'>admittitur</span> <span class='ocrx_word' id='word_1_89' title='bbox 1006 1578 1101 1642; x_wconf 89' lang='lat' dir='ltr'>etiam</span> <span class='ocrx_word' id='word_1_90' title='bbox 1125 1576 1310 1642; x_wconf 89' lang='lat' dir='ltr'>mandatum</span> <span class='ocrx_word' id='word_1_91' title='bbox 1326 1596 1492 1661; x_wconf 89' lang='lat' dir='ltr'>praesum-</span> 
     </span>
     <span class='ocr_line' id='line_1_12' title="bbox 312 1701 1491 1788; baseline -0.001 -23"><span class='ocrx_word' id='word_1_92' title='bbox 312 1706 410 1786; x_wconf 88' lang='lat' dir='ltr'>ptum,</span> <span class='ocrx_word' id='word_1_93' title='bbox 433 1704 507 1786; x_wconf 90' lang='lat' dir='ltr'>quia</span> <span class='ocrx_word' id='word_1_94' title='bbox 533 1704 759 1788; x_wconf 75' lang='lat' dir='ltr'>praesumptio,</span> <span class='ocrx_word' id='word_1_95' title='bbox 784 1708 819 1767; x_wconf 91' lang='lat' dir='ltr'>ut</span> <span class='ocrx_word' id='word_1_96' title='bbox 841 1722 899 1769; x_wconf 89' lang='lat' dir='ltr'>sno</span> <span class='ocrx_word' id='word_1_97' title='bbox 920 1702 994 1769; x_wconf 91' lang='lat' dir='ltr'>loco</span> <span class='ocrx_word' id='word_1_98' title='bbox 1017 1701 1260 1787; x_wconf 83' lang='lat' dir='ltr'>explicabimus,</span> <span class='ocrx_word' id='word_1_99' title='bbox 1284 1706 1334 1766; x_wconf 88' lang='lat' dir='ltr'>est</span> <span class='ocrx_word' id='word_1_100' title='bbox 1363 1701 1491 1786; x_wconf 88' lang='lat' dir='ltr'>species</span> 
     </span>
     <span class='ocr_line' id='line_1_13' title="bbox 312 1821 1491 1912; baseline 0 -23"><span class='ocrx_word' id='word_1_101' title='bbox 312 1824 474 1911; x_wconf 82' lang='lat' dir='ltr'>legitimae</span> <span class='ocrx_word' id='word_1_102' title='bbox 497 1824 706 1909; x_wconf 89' lang='lat' dir='ltr'>probationis.</span> <span class='ocrx_word' id='word_1_103' title='bbox 723 1826 894 1901; x_wconf 87' lang='lat' dir='ltr'>—Quare</span> <span class='ocrx_word' id='word_1_104' title='bbox 916 1846 982 1891; x_wconf 94' lang='lat' dir='ltr'>non</span> <span class='ocrx_word' id='word_1_105' title='bbox 1004 1821 1202 1912; x_wconf 84' lang='lat' dir='ltr'>suffragatur</span> <span class='ocrx_word' id='word_1_106' title='bbox 1217 1826 1434 1911; x_wconf 87' lang='lat' dir='ltr'>praesumptio</span> <span class='ocrx_word' id='word_1_107' title='bbox 1449 1825 1491 1889; x_wconf 87' lang='lat' dir='ltr'>iis</span> 
     </span>
     <span class='ocr_line' id='line_1_14' title="bbox 311 1938 1493 2033; baseline -0.001 -20"><span class='ocrx_word' id='word_1_108' title='bbox 311 1953 435 2014; x_wconf 86' lang='lat' dir='ltr'>tantum</span> <span class='ocrx_word' id='word_1_109' title='bbox 458 1948 491 2011; x_wconf 93' lang='lat' dir='ltr'>in</span> <span class='ocrx_word' id='word_1_110' title='bbox 515 1947 650 2022; x_wconf 84' lang='lat' dir='ltr'>casibus,</span> <span class='ocrx_word' id='word_1_111' title='bbox 663 1947 779 2033; x_wconf 87' lang='lat' dir='ltr'>quibus</span> <span class='ocrx_word' id='word_1_112' title='bbox 802 1938 851 2013; x_wconf 83' lang='lat' dir='ltr'>ius</span> <span class='ocrx_word' id='word_1_113' title='bbox 874 1948 977 2033; x_wconf 81' lang='lat' dir='ltr'>exigit</span> <span class='ocrx_word' id='word_1_114' title='bbox 997 1946 1184 2014; x_wconf 91' lang='lat' dir='ltr'>mandatum</span> <span class='ocrx_word' id='word_1_115' title='bbox 1208 1966 1411 2033; x_wconf 65' lang='lat' dir='ltr'>capreorum</span> <span class='ocrx_word' id='word_1_116' title='bbox 1433 1968 1493 2013; x_wconf 89' lang='lat' dir='ltr'>seu</span> 
     </span>
     <span class='ocr_line' id='line_1_15' title="bbox 312 2072 897 2157; baseline -0.003 -18"><span class='ocrx_word' id='word_1_117' title='bbox 312 2072 474 2157; x_wconf 48' lang='grc' dir='ltr'>θρασέως</span> <span class='ocrx_word' id='word_1_118' title='bbox 497 2091 592 2137; x_wconf 87' lang='lat' dir='ltr'>secus</span> <span class='ocrx_word' id='word_1_119' title='bbox 613 2073 759 2137; x_wconf 88' lang='lat' dir='ltr'>invocari</span> <span class='ocrx_word' id='word_1_120' title='bbox 782 2076 897 2157; x_wconf 89' lang='lat' dir='ltr'>potest.</span> 
     </span>
    </p>

    <p class='ocr_par' dir='ltr' id='par_1_4' title="bbox 313 2198 1494 2661">
     <span class='ocr_line' id='line_1_16' title="bbox 405 2198 1493 2285; baseline 0 -22"><span class='ocrx_word' id='word_1_121' title='bbox 405 2198 435 2283; x_wconf 93' lang='lat' dir='ltr'>l)</span> <span class='ocrx_word' id='word_1_122' title='bbox 453 2202 503 2265; x_wconf 85' lang='lat' dir='ltr'>Ita</span> <span class='ocrx_word' id='word_1_123' title='bbox 518 2199 544 2263; x_wconf 88' lang='lat' dir='ltr'>si</span> <span class='ocrx_word' id='word_1_124' title='bbox 560 2199 630 2282; x_wconf 91' lang='lat' dir='ltr'>quis</span> <span class='ocrx_word' id='word_1_125' title='bbox 645 2204 721 2283; x_wconf 82' lang='lat' dir='ltr'>agat</span> <span class='ocrx_word' id='word_1_126' title='bbox 735 2218 795 2285; x_wconf 91' lang='lat' dir='ltr'>pro</span> <span class='ocrx_word' id='word_1_127' title='bbox 811 2200 992 2265; x_wconf 86' lang='lat' dir='ltr'>coniunctis</span> <span class='ocrx_word' id='word_1_128' title='bbox 1005 2200 1154 2285; x_wconf 90' lang='lat' dir='ltr'>personis</span> <span class='ocrx_word' id='word_1_129' title='bbox 1167 2218 1269 2284; x_wconf 85' lang='lat' dir='ltr'>usqne</span> <span class='ocrx_word' id='word_1_130' title='bbox 1283 2198 1324 2264; x_wconf 88' lang='lat' dir='ltr'>ad</span> <span class='ocrx_word' id='word_1_131' title='bbox 1340 2204 1493 2283; x_wconf 85' lang='lat' dir='ltr'>quartum</span> 
     </span>
     <span class='ocr_line' id='line_1_17' title="bbox 313 2324 1494 2411; baseline 0.001 -22"><span class='ocrx_word' id='word_1_132' title='bbox 313 2324 458 2411; x_wconf 63' lang='lat' dir='ltr'>graelum</span> <span class='ocrx_word' id='word_1_133' title='bbox 476 2324 516 2389; x_wconf 92' lang='lat' dir='ltr'>ob</span> <span class='ocrx_word' id='word_1_134' title='bbox 539 2328 663 2389; x_wconf 89' lang='lat' dir='ltr'>arctam</span> <span class='ocrx_word' id='word_1_135' title='bbox 686 2326 853 2411; x_wconf 84' lang='lat' dir='ltr'>sanguinis</span> <span class='ocrx_word' id='word_1_136' title='bbox 876 2329 910 2391; x_wconf 90' lang='lat' dir='ltr'>et</span> <span class='ocrx_word' id='word_1_137' title='bbox 927 2326 1129 2411; x_wconf 86' lang='lat' dir='ltr'>negotiorum</span> <span class='ocrx_word' id='word_1_138' title='bbox 1145 2328 1411 2399; x_wconf 84' lang='lat' dir='ltr'>communionem,</span> <span class='ocrx_word' id='word_1_139' title='bbox 1428 2328 1494 2392; x_wconf 82' lang='lat' dir='ltr'>suf-</span> 
     </span>
     <span class='ocr_line' id='line_1_18' title="bbox 313 2445 1491 2535; baseline 0.001 -23"><span class='ocrx_word' id='word_1_140' title='bbox 313 2445 412 2512; x_wconf 84' lang='lat' dir='ltr'>ficere</span> <span class='ocrx_word' id='word_1_141' title='bbox 435 2451 674 2533; x_wconf 88' lang='lat' dir='ltr'>praesumptum</span> <span class='ocrx_word' id='word_1_142' title='bbox 697 2446 893 2521; x_wconf 80' lang='lat' dir='ltr'>mandatnm,</span> <span class='ocrx_word' id='word_1_143' title='bbox 914 2451 1068 2514; x_wconf 85' lang='lat' dir='ltr'>evincunt</span> <span class='ocrx_word' id='word_1_144' title='bbox 1084 2448 1150 2514; x_wconf 89' lang='lat' dir='ltr'>DD.</span> <span class='ocrx_word' id='word_1_145' title='bbox 1165 2467 1212 2515; x_wconf 82' lang='lat' dir='ltr'>eac</span> <span class='ocrx_word' id='word_1_146' title='bbox 1226 2468 1302 2533; x_wconf 82' lang='lat' dir='ltr'>cap.</span> <span class='ocrx_word' id='word_1_147' title='bbox 1318 2448 1378 2522; x_wconf 78' lang='lat'>28.</span> <span class='ocrx_word' id='word_1_148' title='bbox 1394 2448 1416 2531; x_wconf 71' lang='grc'>5</span> <span class='ocrx_word' id='word_1_149' title='bbox 1430 2450 1491 2535; x_wconf 79' lang='lat' dir='ltr'>fia.</span> 
     </span>
     <span class='ocr_line' id='line_1_19' title="bbox 314 2572 745 2661; baseline -0.002 -20"><span class='ocrx_word' id='word_1_150' title='bbox 314 2574 363 2641; x_wconf 89' lang='lat' dir='ltr'>De</span> <span class='ocrx_word' id='word_1_151' title='bbox 385 2574 559 2657; x_wconf 79' lang='lat' dir='ltr'>rescriptis</span> <span class='ocrx_word' id='word_1_152' title='bbox 582 2575 616 2638; x_wconf 93' lang='lat' dir='ltr'><em>X</em></span> <span class='ocrx_word' id='word_1_153' title='bbox 637 2572 675 2659; x_wconf 84' lang='lat'>(1,</span> <span class='ocrx_word' id='word_1_154' title='bbox 700 2575 745 2661; x_wconf 83' lang='lat'>3).</span> 
     </span>
    </p>

    <p class='ocr_par' dir='ltr' id='par_1_5' title="bbox 402 2694 1489 2785">
     <span class='ocr_line' id='line_1_20' title="bbox 402 2694 1489 2785; baseline 0.004 -26"><span class='ocrx_word' id='word_1_155' title='bbox 402 2694 436 2779; x_wconf 80' lang='lat'>2)</span> <span class='ocrx_word' id='word_1_156' title='bbox 455 2696 534 2759; x_wconf 87' lang='lat' dir='ltr'>item</span> <span class='ocrx_word' id='word_1_157' title='bbox 551 2695 676 2779; x_wconf 89' lang='lat' dir='ltr'>quando</span> <span class='ocrx_word' id='word_1_158' title='bbox 692 2698 799 2783; x_wconf 84' lang='lat' dir='ltr'>agitur</span> <span class='ocrx_word' id='word_1_159' title='bbox 815 2718 875 2785; x_wconf 80' lang='lat' dir='ltr'>pro</span> <span class='ocrx_word' id='word_1_160' title='bbox 891 2697 1094 2764; x_wconf 88' lang='lat' dir='ltr'>consortibus</span> <span class='ocrx_word' id='word_1_161' title='bbox 1107 2696 1248 2764; x_wconf 91' lang='lat' dir='ltr'>eiusdem</span> <span class='ocrx_word' id='word_1_162' title='bbox 1259 2698 1340 2765; x_wconf 89' lang='lat' dir='ltr'>litis:</span> <span class='ocrx_word' id='word_1_163' title='bbox 1357 2718 1432 2762; x_wconf 87' lang='lat' dir='ltr'>nam</span> <span class='ocrx_word' id='word_1_164' title='bbox 1447 2696 1489 2763; x_wconf 88' lang='lat' dir='ltr'>ad</span> 
     </span>
    </p>
   </div>
   <div class='ocr_carea' id='block_1_3' title="bbox 313 2802 1583 3156">
    <p class='ocr_par' dir='ltr' id='par_1_6' title="bbox 313 2802 1583 3156">
     <span class='ocr_line' id='line_1_21' title="bbox 313 2802 1583 2908; baseline 0.002 -23"><span class='ocrx_word' id='word_1_165' title='bbox 313 2820 461 2893; x_wconf 83' lang='lat' dir='ltr'>invicem,</span> <span class='ocrx_word' id='word_1_166' title='bbox 478 2822 616 2886; x_wconf 89' lang='lat' dir='ltr'>alterum</span> <span class='ocrx_word' id='word_1_167' title='bbox 639 2821 725 2887; x_wconf 92' lang='lat' dir='ltr'>alter</span> <span class='ocrx_word' id='word_1_168' title='bbox 740 2823 835 2890; x_wconf 91' lang='lat' dir='ltr'>etiam</span> <span class='ocrx_word' id='word_1_169' title='bbox 851 2822 972 2907; x_wconf 90' lang='lat' dir='ltr'>absque</span> <span class='ocrx_word' id='word_1_170' title='bbox 988 2824 1148 2897; x_wconf 83' lang='lat' dir='ltr'>mandato,</span> <span class='ocrx_word' id='word_1_171' title='bbox 1165 2825 1199 2889; x_wconf 91' lang='lat' dir='ltr'>in</span> <span class='ocrx_word' id='word_1_172' title='bbox 1221 2822 1340 2888; x_wconf 90' lang='lat' dir='ltr'>iudicio</span> <span class='ocrx_word' id='word_1_173' title='bbox 1356 2842 1490 2908; x_wconf 88' lang='lat' dir='ltr'>reprae-</span> <span class='ocrx_word' id='word_1_174' title='bbox 1578 2802 1583 2810; x_wconf 43' lang='lat'><strong>⁴</strong></span> 
     </span>
     <span class='ocr_line' id='line_1_22' title="bbox 313 2946 1287 3029; baseline 0.003 -20"><span class='ocrx_word' id='word_1_175' title='bbox 313 2948 445 3011; x_wconf 83' lang='lat' dir='ltr'>sentare</span> <span class='ocrx_word' id='word_1_176' title='bbox 467 2950 588 3029; x_wconf 87' lang='lat' dir='ltr'>potest:</span> <span class='ocrx_word' id='word_1_177' title='bbox 613 2946 634 3011; x_wconf 90' lang='lat' dir='ltr'>l.</span> <span class='ocrx_word' id='word_1_178' title='bbox 655 2965 834 3013; x_wconf 82' lang='lat' dir='ltr'>commune</span> <span class='ocrx_word' id='word_1_179' title='bbox 856 2946 884 3012; x_wconf 75' lang='lat'><strong><em>2</em></strong></span> <span class='ocrx_word' id='word_1_180' title='bbox 905 2967 933 3013; x_wconf 85' lang='lat' dir='ltr'>e.</span> <span class='ocrx_word' id='word_1_181' title='bbox 957 2946 1009 3013; x_wconf 87' lang='lat' dir='ltr'>Do</span> <span class='ocrx_word' id='word_1_182' title='bbox 1029 2968 1121 3015; x_wconf 80' lang='lat' dir='ltr'>eoas.</span> <span class='ocrx_word' id='word_1_183' title='bbox 1144 2949 1218 3015; x_wconf 75' lang='lat' dir='ltr'>aias</span> <span class='ocrx_word' id='word_1_184' title='bbox 1241 2949 1287 3015; x_wconf 85' lang='lat' dir='ltr'>lit.</span> 
     </span>
     <span class='ocr_line' id='line_1_23' title="bbox 401 3038 1493 3156; baseline 0.003 -24"><span class='ocrx_word' id='word_1_185' title='bbox 401 3065 434 3151; x_wconf 82' lang='lat'>3)</span> <span class='ocrx_word' id='word_1_186' title='bbox 458 3068 491 3133; x_wconf 91' lang='lat' dir='ltr'>Si</span> <span class='ocrx_word' id='word_1_187' title='bbox 515 3066 661 3133; x_wconf 90' lang='lat' dir='ltr'>dominus</span> <span class='ocrx_word' id='word_1_188' title='bbox 684 3069 873 3154; x_wconf 89' lang='lat' dir='ltr'>principalis</span> <span class='ocrx_word' id='word_1_189' title='bbox 895 3069 977 3134; x_wconf 87' lang='lat' dir='ltr'>sciat</span> <span class='ocrx_word' id='word_1_190' title='bbox 999 3071 1139 3156; x_wconf 87' lang='lat' dir='ltr'>aliquem</span> <span class='ocrx_word' id='word_1_191' title='bbox 1163 3038 1221 3136; x_wconf 88' lang='lat' dir='ltr'>suo</span> <span class='ocrx_word' id='word_1_192' title='bbox 1245 3073 1375 3137; x_wconf 89' lang='lat' dir='ltr'>nomine</span> <span class='ocrx_word' id='word_1_193' title='bbox 1391 3090 1493 3156; x_wconf 84' lang='lat' dir='ltr'>agere</span> 
     </span>
    </p>
   </div>
   <div class='ocr_carea' id='block_1_4' title="bbox 312 3194 1493 3774">
    <p class='ocr_par' dir='ltr' id='par_1_7' title="bbox 312 3194 1491 3527">
     <span class='ocr_line' id='line_1_24' title="bbox 314 3194 1491 3281; baseline 0 -23"><span class='ocrx_word' id='word_1_194' title='bbox 314 3196 347 3258; x_wconf 91' lang='lat' dir='ltr'>et</span> <span class='ocrx_word' id='word_1_195' title='bbox 368 3212 434 3258; x_wconf 91' lang='lat' dir='ltr'>non</span> <span class='ocrx_word' id='word_1_196' title='bbox 457 3194 667 3266; x_wconf 84' lang='lat' dir='ltr'>contradicat</span> <span class='ocrx_word' id='word_1_197' title='bbox 687 3196 907 3280; x_wconf 90' lang='lat' dir='ltr'>praesumitur</span> <span class='ocrx_word' id='word_1_198' title='bbox 929 3196 1113 3272; x_wconf 85' lang='lat' dir='ltr'>mandasse;</span> <span class='ocrx_word' id='word_1_199' title='bbox 1138 3198 1215 3263; x_wconf 90' lang='lat' dir='ltr'>item</span> <span class='ocrx_word' id='word_1_200' title='bbox 1231 3198 1264 3261; x_wconf 89' lang='lat' dir='ltr'>in</span> <span class='ocrx_word' id='word_1_201' title='bbox 1281 3217 1359 3263; x_wconf 91' lang='lat' dir='ltr'>casu</span> <span class='ocrx_word' id='word_1_202' title='bbox 1373 3216 1437 3281; x_wconf 91' lang='lat' dir='ltr'>quo</span> <span class='ocrx_word' id='word_1_203' title='bbox 1460 3196 1491 3260; x_wconf 90' lang='lat' dir='ltr'>ei</span> 
     </span>
     <span class='ocr_line' id='line_1_25' title="bbox 312 3315 1491 3405; baseline 0.002 -22"><span class='ocrx_word' id='word_1_204' title='bbox 312 3315 483 3383; x_wconf 89' lang='lat' dir='ltr'>tradiderit</span> <span class='ocrx_word' id='word_1_205' title='bbox 506 3318 824 3403; x_wconf 78' lang='lat' dir='ltr'>instrumentaquae</span> <span class='ocrx_word' id='word_1_206' title='bbox 844 3319 1000 3405; x_wconf 73' lang='lat' dir='ltr'>proferat,</span> <span class='ocrx_word' id='word_1_207' title='bbox 1024 3340 1070 3387; x_wconf 77' lang='lat' dir='ltr'>ex</span> <span class='ocrx_word' id='word_1_208' title='bbox 1093 3338 1169 3403; x_wconf 81' lang='lat' dir='ltr'>cap.</span> <span class='ocrx_word' id='word_1_209' title='bbox 1193 3318 1242 3386; x_wconf 77' lang='lat'>34</span> <span class='ocrx_word' id='word_1_210' title='bbox 1266 3318 1320 3386; x_wconf 84' lang='lat' dir='ltr'>Da</span> <span class='ocrx_word' id='word_1_211' title='bbox 1341 3322 1397 3405; x_wconf 73' lang='lat' dir='ltr'>off.</span> <span class='ocrx_word' id='word_1_212' title='bbox 1418 3319 1491 3386; x_wconf 77' lang='lat' dir='ltr'>iud.</span> 
     </span>
     <span class='ocr_line' id='line_1_26' title="bbox 314 3437 581 3527; baseline 0.011 -23"><span class='ocrx_word' id='word_1_213' title='bbox 314 3438 379 3504; x_wconf 76' lang='lat' dir='ltr'>det.</span> <span class='ocrx_word' id='word_1_214' title='bbox 403 3440 438 3505; x_wconf 93' lang='lat' dir='ltr'><em>X</em></span> <span class='ocrx_word' id='word_1_215' title='bbox 459 3437 499 3525; x_wconf 87' lang='lat'>(1,</span> <span class='ocrx_word' id='word_1_216' title='bbox 515 3440 581 3527; x_wconf 79' lang='lat'>29).</span> 
     </span>
    </p>

    <p class='ocr_par' dir='ltr' id='par_1_8' title="bbox 314 3562 1493 3774">
     <span class='ocr_line' id='line_1_27' title="bbox 404 3562 1491 3653; baseline 0.002 -26"><span class='ocrx_word' id='word_1_217' title='bbox 404 3562 437 3646; x_wconf 81' lang='lat'>4)</span> <span class='ocrx_word' id='word_1_218' title='bbox 463 3564 607 3649; x_wconf 89' lang='lat' dir='ltr'>Denique</span> <span class='ocrx_word' id='word_1_219' title='bbox 631 3565 706 3647; x_wconf 88' lang='lat' dir='ltr'><strong>DD.,</strong></span> <span class='ocrx_word' id='word_1_220' title='bbox 729 3566 774 3630; x_wconf 90' lang='lat' dir='ltr'>uti</span> <span class='ocrx_word' id='word_1_221' title='bbox 797 3565 911 3631; x_wconf 85' lang='lat' dir='ltr'>videre</span> <span class='ocrx_word' id='word_1_222' title='bbox 935 3572 984 3632; x_wconf 91' lang='lat' dir='ltr'>est</span> <span class='ocrx_word' id='word_1_223' title='bbox 1007 3566 1091 3653; x_wconf 90' lang='lat' dir='ltr'>apud</span> <span class='ocrx_word' id='word_1_224' title='bbox 1116 3566 1418 3652; x_wconf 78' lang='lat' dir='ltr'>Schmalzgrueber.</span> <span class='ocrx_word' id='word_1_225' title='bbox 1443 3566 1491 3632; x_wconf 75' lang='lat' dir='ltr'>tit.</span> 
     </span>
     <span class='ocr_line' id='line_1_28' title="bbox 314 3684 1493 3774; baseline 0.004 -25"><span class='ocrx_word' id='word_1_226' title='bbox 314 3684 365 3750; x_wconf 82' lang='lat' dir='ltr'>De</span> <span class='ocrx_word' id='word_1_227' title='bbox 390 3704 484 3769; x_wconf 81' lang='lat' dir='ltr'>proc.</span> <span class='ocrx_word' id='word_1_228' title='bbox 507 3707 542 3752; x_wconf 81' lang='lat' dir='ltr'>a.</span> <span class='ocrx_word' id='word_1_229' title='bbox 565 3686 625 3761; x_wconf 83' lang='lat'>25,</span> <span class='ocrx_word' id='word_1_230' title='bbox 646 3688 852 3761; x_wconf 88' lang='lat' dir='ltr'>conveniunt,</span> <span class='ocrx_word' id='word_1_231' title='bbox 876 3687 1062 3753; x_wconf 87' lang='lat' dir='ltr'>mandatum</span> <span class='ocrx_word' id='word_1_232' title='bbox 1092 3707 1222 3774; x_wconf 88' lang='lat' dir='ltr'>semper</span> <span class='ocrx_word' id='word_1_233' title='bbox 1252 3688 1416 3774; x_wconf 87' lang='lat' dir='ltr'>praesumi</span> <span class='ocrx_word' id='word_1_234' title='bbox 1449 3708 1493 3754; x_wconf 84' lang='lat' dir='ltr'>ex</span> 
     </span>
    </p>
   </div>
   <div class='ocr_carea' id='block_1_5' title="bbox 313 3916 1496 4294">
    <p class='ocr_par' dir='ltr' id='par_1_9' title="bbox 313 3916 1496 4294">
     <span class='ocr_line' id='line_1_29' title="bbox 403 3916 1494 3989; baseline 0 -18"><span class='ocrx_word' id='word_1_235' title='bbox 403 3916 442 3987; x_wconf 73' lang='lat'>(1)</span> <span class='ocrx_word' id='word_1_236' title='bbox 461 3916 553 3978; x_wconf 82' lang='lat' dir='ltr'>Quare</span> <span class='ocrx_word' id='word_1_237' title='bbox 571 3918 600 3971; x_wconf 96' lang='lat' dir='ltr'>in</span> <span class='ocrx_word' id='word_1_238' title='bbox 618 3916 748 3971; x_wconf 85' lang='lat' dir='ltr'>mandato</span> <span class='ocrx_word' id='word_1_239' title='bbox 774 3918 925 3988; x_wconf 80' lang='lat' dir='ltr'>diligenter</span> <span class='ocrx_word' id='word_1_240' title='bbox 948 3917 1073 3973; x_wconf 82' lang='lat' dir='ltr'>mandati</span> <span class='ocrx_word' id='word_1_241' title='bbox 1098 3918 1203 3974; x_wconf 81' lang='lat' dir='ltr'>limites</span> <span class='ocrx_word' id='word_1_242' title='bbox 1225 3922 1254 3973; x_wconf 88' lang='lat' dir='ltr'>et</span> <span class='ocrx_word' id='word_1_243' title='bbox 1272 3917 1425 3989; x_wconf 82' lang='lat' dir='ltr'>qualitates</span> <span class='ocrx_word' id='word_1_244' title='bbox 1442 3933 1494 3973; x_wconf 83' lang='lat' dir='ltr'>ex·</span> 
     </span>
     <span class='ocr_line' id='line_1_30' title="bbox 315 4022 1496 4094; baseline -0.002 -16"><span class='ocrx_word' id='word_1_245' title='bbox 315 4024 397 4093; x_wconf 89' lang='lat' dir='ltr'>primi</span> <span class='ocrx_word' id='word_1_246' title='bbox 416 4023 526 4089; x_wconf 88' lang='lat' dir='ltr'>debent,</span> <span class='ocrx_word' id='word_1_247' title='bbox 539 4025 614 4079; x_wconf 80' lang='lat' dir='ltr'>facta</span> <span class='ocrx_word' id='word_1_248' title='bbox 627 4024 768 4079; x_wconf 85' lang='lat' dir='ltr'>mentione</span> <span class='ocrx_word' id='word_1_249' title='bbox 781 4040 891 4092; x_wconf 85' lang='lat' dir='ltr'>causae,</span> <span class='ocrx_word' id='word_1_250' title='bbox 904 4024 1022 4080; x_wconf 84' lang='lat' dir='ltr'>alterius</span> <span class='ocrx_word' id='word_1_251' title='bbox 1035 4026 1123 4094; x_wconf 81' lang='lat' dir='ltr'>partis</span> <span class='ocrx_word' id='word_1_252' title='bbox 1135 4025 1329 4081; x_wconf 85' lang='lat' dir='ltr'>contendentis</span> <span class='ocrx_word' id='word_1_253' title='bbox 1347 4028 1378 4078; x_wconf 89' lang='lat' dir='ltr'>et</span> <span class='ocrx_word' id='word_1_254' title='bbox 1395 4022 1496 4077; x_wconf 85' lang='lat' dir='ltr'>iudicis</span> 
     </span>
     <span class='ocr_line' id='line_1_31' title="bbox 316 4128 1496 4199; baseline 0.002 -18"><span class='ocrx_word' id='word_1_255' title='bbox 316 4128 389 4198; x_wconf 84' lang='lat' dir='ltr'>apud</span> <span class='ocrx_word' id='word_1_256' title='bbox 407 4144 490 4199; x_wconf 87' lang='lat' dir='ltr'>qoem</span> <span class='ocrx_word' id='word_1_257' title='bbox 509 4128 647 4197; x_wconf 79' lang='lat' dir='ltr'>agendum</span> <span class='ocrx_word' id='word_1_258' title='bbox 667 4129 718 4195; x_wconf 81' lang='lat' dir='ltr'>sit3</span> <span class='ocrx_word' id='word_1_259' title='bbox 733 4144 785 4183; x_wconf 88' lang='lat' dir='ltr'>neo</span> <span class='ocrx_word' id='word_1_260' title='bbox 798 4144 854 4184; x_wconf 91' lang='lat' dir='ltr'>non</span> <span class='ocrx_word' id='word_1_261' title='bbox 873 4128 936 4197; x_wconf 82' lang='lat' dir='ltr'>loci,</span> <span class='ocrx_word' id='word_1_262' title='bbox 948 4132 1024 4198; x_wconf 87' lang='lat' dir='ltr'>anni,</span> <span class='ocrx_word' id='word_1_263' title='bbox 1037 4130 1148 4197; x_wconf 85' lang='lat' dir='ltr'>mensis,</span> <span class='ocrx_word' id='word_1_264' title='bbox 1158 4130 1223 4198; x_wconf 88' lang='lat' dir='ltr'>diei,</span> <span class='ocrx_word' id='word_1_265' title='bbox 1235 4148 1300 4185; x_wconf 86' lang='lat' dir='ltr'>nam</span> <span class='ocrx_word' id='word_1_266' title='bbox 1313 4148 1330 4183; x_wconf 85' lang='lat'>‹</span> <span class='ocrx_word' id='word_1_267' title='bbox 1342 4140 1421 4184; x_wconf 78' lang='lat' dir='ltr'>actus</span> <span class='ocrx_word' id='word_1_268' title='bbox 1433 4128 1496 4183; x_wconf 77' lang='lat' dir='ltr'>sina</span> 
     </span>
     <span class='ocr_line' id='line_1_32' title="bbox 313 4236 1496 4294; baseline 0.002 -5"><span class='ocrx_word' id='word_1_269' title='bbox 313 4237 360 4290; x_wconf 84' lang='lat' dir='ltr'>die</span> <span class='ocrx_word' id='word_1_270' title='bbox 380 4245 406 4289; x_wconf 81' lang='lat' dir='ltr'>et</span> <span class='ocrx_word' id='word_1_271' title='bbox 427 4236 542 4291; x_wconf 79' lang='lat' dir='ltr'>consule</span> <span class='ocrx_word' id='word_1_272' title='bbox 560 4236 644 4289; x_wconf 77' lang='lat' dir='ltr'>nulla</span> <span class='ocrx_word' id='word_1_273' title='bbox 663 4238 735 4289; x_wconf 82' lang='lat' dir='ltr'>iuris</span> <span class='ocrx_word' id='word_1_274' title='bbox 754 4237 920 4290; x_wconf 77' lang='lat' dir='ltr'>auctoritate</span> <span class='ocrx_word' id='word_1_275' title='bbox 939 4239 1105 4294; x_wconf 78' lang='lat' dir='ltr'>innititur».</span> <span class='ocrx_word' id='word_1_276' title='bbox 1118 4266 1153 4279; x_wconf 88' lang='lat'>-</span> <span class='ocrx_word' id='word_1_277' title='bbox 1166 4238 1317 4294; x_wconf 82' lang='lat' dir='ltr'>Praeterea</span> <span class='ocrx_word' id='word_1_278' title='bbox 1332 4237 1496 4294; x_wconf 86' lang='lat' dir='ltr'>mandatum</span> 
     </span>
    </p>
   </div>
   <div class='ocr_carea' id='block_1_6' title="bbox 314 4341 1495 4502">
    <p class='ocr_par' dir='ltr' id='par_1_10' title="bbox 314 4341 1495 4502">
     <span class='ocr_line' id='line_1_33' title="bbox 314 4341 1495 4416; baseline 0.002 -20"><span class='ocrx_word' id='word_1_279' title='bbox 314 4359 331 4395; x_wconf 85' lang='lat' dir='ltr'>a</span> <span class='ocrx_word' id='word_1_280' title='bbox 355 4342 467 4396; x_wconf 87' lang='lat' dir='ltr'>notario</span> <span class='ocrx_word' id='word_1_281' title='bbox 493 4346 522 4397; x_wconf 86' lang='lat' dir='ltr'>et</span> <span class='ocrx_word' id='word_1_282' title='bbox 546 4358 563 4395; x_wconf 88' lang='lat' dir='ltr'>a</span> <span class='ocrx_word' id='word_1_283' title='bbox 587 4341 739 4396; x_wconf 75' lang='lat' dir='ltr'>mandante</span> <span class='ocrx_word' id='word_1_284' title='bbox 762 4358 810 4397; x_wconf 85' lang='lat' dir='ltr'>seu</span> <span class='ocrx_word' id='word_1_285' title='bbox 833 4360 851 4396; x_wconf 87' lang='lat' dir='ltr'>a</span> <span class='ocrx_word' id='word_1_286' title='bbox 870 4343 989 4398; x_wconf 87' lang='lat' dir='ltr'>testibus</span> <span class='ocrx_word' id='word_1_287' title='bbox 1012 4344 1149 4399; x_wconf 83' lang='lat' dir='ltr'>subscribi</span> <span class='ocrx_word' id='word_1_288' title='bbox 1174 4344 1272 4412; x_wconf 85' lang='lat' dir='ltr'>debet,</span> <span class='ocrx_word' id='word_1_289' title='bbox 1295 4344 1330 4399; x_wconf 85' lang='lat' dir='ltr'>cf.</span> <span class='ocrx_word' id='word_1_290' title='bbox 1349 4362 1409 4416; x_wconf 71' lang='lat' dir='ltr'>cap·</span> <span class='ocrx_word' id='word_1_291' title='bbox 1430 4343 1495 4399; x_wconf 77' lang='grc' dir='ltr'>9ἰι.</span> 
     </span>
     <span class='ocr_line' id='line_1_34' title="bbox 314 4446 390 4502; baseline 0 -2"><span class='ocrx_word' id='word_1_292' title='bbox 314 4457 331 4500; x_wconf 77' lang='lat' dir='ltr'>t.</span> <span class='ocrx_word' id='word_1_293' title='bbox 354 4446 390 4502; x_wconf 83' lang='grc' dir='ltr'>Χ.</span> 
     </span>
    </p>
   </div>
   <div class='ocr_carea' id='block_1_7' title="bbox 0 0 1685 5117">
    <p class='ocr_par' dir='ltr' id='par_1_11' title="bbox 0 0 1685 5117">
     <span class='ocr_line' id='line_1_35' title="bbox 0 0 1685 5117; baseline 0 0"><span class='ocrx_word' id='word_1_294' title='bbox 0 0 1685 5117; x_wconf 95' lang='lat' dir='ltr'> </span> 
     </span>
    </p>
   </div>
  </div>
 </body>
</html>
