3350 5117
518 332 560 379 oa
586 330 726 379 romeus
749 328 1014 379 sccrnsmsrrcrs
1293 308 1357 373 139

268 452 302 539 2)
329 452 453 518 Clerici
475 452 511 517 in
534 450 713 517 ordinibus
743 448 933 517 minoribus
964 448 1133 516 constituti
1159 448 1189 514 si
1212 448 1358 515 habeant

177 576 376 663 beneficium
398 579 451 643 oet
474 577 560 645 otios
586 576 717 642 reditus
748 575 987 642 ecclcnoaticoa
1009 574 1047 639 in
1068 574 1212 659 repotiis
1238 591 1357 639 soccu-

177 702 309 769 loribua
331 708 362 768 et
385 722 503 769 coram
524 702 637 769 iudice
659 701 830 769 soeculari
845 701 1003 767 adrorati
1018 720 1089 767 esse
1110 720 1181 767 non
1201 703 1357 785 possunt

175 830 206 895 si
228 850 310 895 oero
333 850 396 895 nec
424 828 620 915 beneficium
643 849 706 896 neo
730 830 790 897 uos
812 829 967 895 redditus
984 828 1139 898 habeant,
1153 848 1223 894 non
1240 826 1358 908 proti·

178 952 311 1019 bantur.
342 990 385 1002 -
410 954 443 1020 Si
472 954 557 1018 enim
580 950 772 1019 beneficium
799 952 921 1019 habent
952 973 1009 1018 seu
1038 952 1276 1018 ecclesiasticos
1309 971 1358 1016 re

178 1074 274 1149 ditus,
300 1096 364 1141 non
387 1076 562 1141 debentes
586 1077 637 1140 his
660 1077 798 1161 negotiis
821 1076 1012 1144 immiscere.
1031 1076 1084 1159 qui
1107 1079 1192 1140 totos
1215 1092 1249 1137 se
1272 1092 1358 1137 man·
1385 1056 1388 1059 ⁴

177 1200 331 1285 ciparunt
358 1200 466 1264 divino
496 1200 638 1265 servitio.
663 1234 707 1248 -
731 1199 762 1264 Si
786 1218 867 1264 vero
895 1218 1072 1284 congruam
1102 1217 1167 1262 non
1198 1197 1358 1281 recipiant

179 1324 445 1391 sustentationem
468 1323 510 1387 ab
533 1322 694 1397 Ecclesia;
711 1324 760 1388 ins
775 1322 897 1389 habent
919 1324 1049 1389 aliunde
1071 1324 1132 1389 sibi
1156 1322 1358 1387 necessarios

178 1446 304 1512 reditus
327 1447 463 1512 honeste
485 1444 692 1531 comparandi
714 1444 770 1529 (l).
796 1480 839 1493 -
863 1446 902 1510 ln
926 1446 1038 1510 eadem
1068 1444 1267 1511 Decretalis
1290 1441 1359 1509 ote-

179 1572 280 1637 rici»
299 1572 505 1656 excipiuntur
520 1576 587 1637 tres
603 1590 773 1635 causarum
790 1572 932 1655 species;
951 1572 1103 1635 nimirum
1127 1568 1240 1635 clerici
1263 1568 1357 1635 bene-

180 1694 289 1761 ficium
312 1695 494 1761 obtinentes
517 1716 581 1760 non
605 1699 738 1781 possunt
762 1696 795 1759 in
818 1695 910 1760 curia
932 1695 1091 1759 saeculari
1121 1692 1270 1759 advocati
1293 1691 1358 1759 offi-

181 1820 268 1884 cium
300 1838 469 1900 exercere,
493 1818 560 1884 nisi
585 1819 771 1902 propriam
801 1837 941 1885 causam
965 1817 1017 1881 vel
1040 1837 1100 1901 pro
1123 1816 1273 1883 Ecclesia
1301 1824 1357 1881 ant

179 1962 240 2027 pro
262 1941 512 2008 miserabilibus
535 1942 621 2008 forte
644 1934 801 2027 personis,
825 1948 934 2028 agent.

270 2068 305 2154 3)
327 2070 709 2165 QQO
732 2070 821 2177 {3th
843 2070 939 2163 etiam
964 2068 1168 2161 prociaricis
1191 2066 1357 2133 subdiaco-

183 2200 263 2281 patu
287 2199 320 2259 et
341 2194 512 2260 diaconatu
536 2196 668 2280 initiatis
691 2196 745 2279 qui
768 2196 800 2259 in
825 2196 918 2260 curia
940 2194 1101 2259 saeculari
1123 2194 1175 2257 his
1198 2194 1231 2255 in
1254 2194 1359 2257 causis

180 2318 348 2405 postulare
370 2319 490 2400 velem,
513 2338 557 2383 ex
580 2318 633 2385 cit.
658 2336 732 2401 cup.

181 2531 317 2599 strepitus
337 2530 454 2585 sorensis
472 2531 507 2584 ab
526 2530 629 2585 eisdem
648 2530 706 2585 tere
725 2529 881 2583 exulaverit
900 2534 929 2583 ct
947 2529 1074 2582 advocati
1099 2546 1200 2581 nunnus
1221 2527 1255 2580 ad
1273 2529 1358 2580 inos-

180 2635 301 2687 consulti
319 2634 439 2687 officium
460 2650 529 2703 pene
549 2633 692 2689 redactum
711 2634 756 2688 sit.
777 2633 864 2687 Plane
878 2638 1032 2701 temporum
1046 2632 1166 2685 mutatio
1187 2645 1242 2684 non
1262 2647 1358 2699 parum

180 2740 305 2807 rigorem
326 2741 493 2809 temperavit
512 2740 738 2810 praescriptionis
759 2739 827 2793 iuris
847 2740 953 2794 Decret.
973 2738 1072 2793 hocin
1092 2737 1272 2807 propositum,
1290 2736 1359 2790 duce

179 2846 240 2915 ipsa
260 2846 340 2899 curia
357 2862 486 2912 romana3
506 2848 534 2901 in
553 2864 608 2918 qua
627 2852 719 2901 tamen
744 2847 766 2900 si
786 2846 983 2900 Sacerdotibus
1007 2845 1119 2900 facilius
1141 2845 1195 2898 tuit
1218 2861 1247 2899 se
1269 2843 1359 2896 immi·

178 2967 258 3005 scere
278 2951 306 3004 in
325 2952 448 3005 forensia
466 2953 580 3022 negotia
602 2954 655 3007 etsi
675 2952 837 3017 saecularia,
856 2952 928 3006 bene
953 2950 1146 3020 perpendenda
1171 2955 1215 3004 est
1238 2948 1360 3003 animad-

177 3058 272 3112 uersio
290 3056 370 3110 Card.
385 3058 424 3112 De
438 3058 515 3112 Luca
533 3058 551 3112 l.
565 3076 598 3125 c.‚
612 3074 739 3129 nempe«
753 3060 817 3129 puio
830 3061 883 3111 isto
897 3068 937 3113 est
947 3058 1147 3128 principaliter
1163 3061 1243 3110 curio
1257 3056 1359 3126 Papae,

173 3164 316 3233 principis
329 3166 511 3219 ecclesiastici
523 3185 547 3221 a.
561 3164 696 3227 Quocirca
715 3167 750 3219 ab
769 3164 822 3218 hac
841 3165 875 3218 ad
894 3164 964 3217 alias
983 3164 1076 3217 curias
1088 3165 1255 3231 argumento
1267 3179 1284 3213 α
1293 3162 1360 3230 pori

178 3286 300 3338 arguere
318 3284 373 3323 non
393 3267 468 3325 licet.
486 3299 522 3311 -
541 3270 676 3324 Advocati
697 3287 762 3324 vero
781 3287 881 3323 munus
900 3269 972 3340 quod
991 3272 1109 3337 spectat,
1126 3268 1193 3321 item
1213 3267 1242 3332 in
1261 3265 1360 3318 diiudi-

179 3374 270 3429 cando
288 3376 384 3428 curiae
404 3392 535 3430 romanae
548 3375 623 3446 stylo
637 3392 702 3444 prae
721 3374 915 3428 oculishaberi
930 3374 1014 3427 debet
1032 3392 1085 3426 ι...
1099 3374 1227 3427 aduocati
1239 3372 1359 3442 officium

179 3487 208 3535 in
227 3485 309 3537 curio
328 3500 446 3537 romono
465 3500 525 3538 csse
544 3484 611 3553 quid
623 3482 770 3553 sinpntorc
782 3492 865 3553 utque
878 3483 924 3533 itti
937 3482 1032 3535 carine
1043 3482 1207 3551 proprium:
1225 3480 1359 3547 restrinpi

178 3607 282 3659 nempe
299 3593 338 3643 od
356 3606 457 3643 munus
475 3590 548 3642 meri
566 3590 759 3643 iurisconsulti
777 3591 824 3659 qui
839 3589 992 3658 propositis
1009 3589 1063 3640 sibi
1081 3588 1170 3640 titulis
1189 3603 1239 3640 seu
1251 3590 1361 3639 motivis

179 3698 281 3767 quibam
289 3712 350 3749 sese
360 3699 461 3764 fundat
471 3706 650 3765 procurator,
661 3699 811 3766 respondet
824 3698 860 3749 de
873 3696 936 3748 iure
950 3706 1000 3748 etc.
1049 3712 1074 3757 ›,
1085 3693 1125 3747 ita
1134 3692 1213 3745 Card.
1229 3694 1267 3748 De
1278 3693 1360 3757 Luca,

180 3805 296 3859 Doctore
315 3804 442 3871 ccipere,
462 3804 520 3857 Lib.
542 3804 589 3866 15,
608 3820 668 3872 cop.
688 3802 734 3867 41,
752 3819 778 3854 n.
800 3802 834 3854 13
854 3818 909 3871 seq.
933 3801 1009 3855 Haeo
1034 3802 1235 3854 confirmantur
1259 3816 1293 3854 ex
1318 3798 1362 3852 his

180 3930 253 3985 quae
273 3913 412 3967 habentur
426 3911 453 3965 in
468 3910 592 3965 Concilio
608 3910 731 3963 Romano
743 3909 809 3962 anni
824 3909 903 3974 1725,
921 3910 955 3963 ct.
972 3909 1087 3962 (fotlcct.
1102 3909 1226 3973 locens,
1245 3910 1320 3961 Tum.
1336 3908 1360 3976 l,

178 4036 206 4087 p.
225 4018 302 4071 373.

270 4122 311 4195 (l)
331 4122 418 4177 Notat
443 4121 569 4191 Pirhing,
590 4126 619 4176 in
637 4124 677 4176 rit.
696 4124 748 4189 38,
767 4122 825 4175 Lib.
849 4122 872 4187 J,
893 4122 930 4187 X,
948 4139 975 4173 n.
999 4121 1026 4185 7,
1051 4119 1192 4186 clericum,
1212 4118 1260 4188 qui
1287 4119 1359 4171 bona

181 4228 285 4285 habeat
304 4228 513 4298 patrimonialia
531 4229 652 4283 cuiusvis
671 4228 790 4299 generis,
809 4227 881 4282 unde
900 4226 1016 4281 honeste
1035 4231 1063 4281 at
1082 4226 1212 4281 decenter
1231 4226 1318 4291 vivat,
1334 4226 1361 4277 in

181 4338 241 4389 toro
266 4334 405 4390 saeculari
430 4334 593 4389 advocatum
618 4350 702 4405 agere
727 4349 781 4388 non
805 4334 915 4398 debere,
933 4334 968 4386 ob
995 4332 1151 4385 naturalem
1175 4330 1362 4384 indecentiam

181 4438 340 4493 huiusmodi
361 4440 443 4493 officii
464 4456 526 4493 eum
545 4444 620 4493 statu
640 4437 772 4495 clericali.
