3350 5117
673 334 878 382 enooauruu
1322 312 1361 377 ll

193 459 241 524 Eo
263 478 356 525 sensu
379 479 442 543 quo
466 459 582 525 Cicera
606 456 668 539 (De
686 458 776 525 Orat.
795 460 820 539 l,
845 459 901 541 55)
919 458 1198 545 pragmaticorum
1214 476 1293 523 suae
1315 476 1367 521 ae

196 585 269 648 latis
290 602 404 649 munus
426 583 608 649 referebat:
634 582 851 670 ‹Leputeius
873 582 1014 668 quidam
1037 586 1158 648 caunas
1180 584 1213 645 et
1233 584 1363 653 acutus,

188 726 313 791 praeeo
337 707 519 779 actionum,
537 712 657 774 cantor
677 706 922 789 famularum,
948 724 1074 788 auceps
1104 702 1316 789 syllabarum
1334 725 1366 765 ›.

191 834 287 918 Atqui
311 833 525 899 diversimode
548 854 602 898 res
625 854 660 899 se
682 832 856 907 habetati
881 838 969 918 patet
992 832 1087 897 buius
1109 832 1211 917 partis
1233 832 1366 915 legisla-

189 958 284 1023 tionis
308 958 455 1043 officium
480 963 512 1024 et
533 959 714 1026 relationes
736 958 964 1024 consideranti.

235 1132 238 1139 .
278 1080 435 1167 Officium
465 1086 524 1154 est,
548 1084 620 1147 iura
648 1082 734 1147 tueri
764 1082 976 1166 singulorum,
1005 1077 1248 1164 interpretando
1277 1078 1367 1162 leges

189 1224 307 1290 casque
330 1206 521 1293 applicando
545 1206 630 1271 inter
652 1208 750 1278 cives,
767 1204 936 1271 hincinde
962 1204 1001 1269 de
1020 1223 1132 1268 earum
1156 1204 1188 1269 vi
1212 1209 1244 1267 et
1267 1203 1367 1265 inten-

188 1330 273 1395 tione
292 1329 544 1405 contendcntes;
562 1329 738 1401 violentias,
755 1328 888 1394 fraudes
903 1327 1060 1394 malorum
1075 1326 1242 1391 hominum
1257 1324 1366 1409 prohi-

188 1450 273 1534 bere,
293 1471 520 1539 compescere;
537 1453 682 1525 crimina,
699 1449 859 1517 maleficia
875 1451 1049 1535 inquirere,
1063 1449 1226 1536 detegere,
1239 1444 1369 1533 publice

186 1598 328 1665 arguere
351 1584 387 1643 ut
409 1578 541 1644 scelesti
565 1576 688 1643 debitas
711 1578 801 1642 luant
823 1594 955 1661 poenas.
980 1573 1071 1648 Quod
1094 1572 1233 1636 obtineri
1254 1571 1369 1653 nequit

186 1701 308 1787 absque
332 1705 474 1768 maxima
497 1704 575 1767 iuris
591 1702 779 1790 prudentia;
803 1701 878 1787 quia
893 1700 1051 1766 ordinatio
1076 1698 1266 1763 iudiciorum
1291 1694 1367 1759 dum

184 1830 269 1895 viam
296 1832 428 1915 aperire
451 1830 588 1896 intendit
610 1830 749 1911 facilem,
766 1830 949 1915 expeditam
967 1828 1229 1899 defensoriam
1247 1825 1366 1889 iurium

184 1955 409 2030 vindicationi3
440 1975 505 2021 non
536 1956 652 2019 minori
682 1952 897 2020 sollicitudine
927 1957 1041 2017 caveat
1071 1970 1205 2015 necesse
1235 1954 1292 2021 est,
1325 1969 1369 2013 ne

186 2079 317 2147 obtentu
352 2080 550 2147 defensionis
572 2080 625 2145 vel
655 2081 818 2165 legitimae
848 2078 1084 2147 vindicationis,
1109 2078 1225 2141 iurium
1255 2074 1367 2141 detur-

185 2203 277 2270 betur
299 2205 481 2288 trauquilla
503 2204 632 2279 fruitio;
648 2222 732 2267 neve
751 2202 845 2289 probi
862 2204 960 2277 cives,
977 2201 1134 2267 naulorum
1151 2201 1224 2264 dolo
1247 2204 1280 2264 et
1303 2220 1366 2264 ma-

186 2329 373 2395 chinatione
401 2329 574 2415 illegitimis
603 2330 762 2395 instantiis
793 2334 850 2394 aut
877 2328 1082 2393 calumniosis
1109 2326 1367 2411 inquisitionibus

186 2458 217 2517 et
232 2451 495 2519 accusationibus
511 2453 725 2537 exagitentur.
744 2448 948 2536 Quapropter
961 2450 1043 2513 haec
1054 2448 1138 2513 bona
1154 2455 1369 2534 assequentur

186 2578 329 2663 optimae
353 2578 443 2663 leges
458 2576 635 2653 iudiciales;
653 2598 706 2641 res
722 2579 856 2660 iuraque
871 2579 1042 2661 protegent
1057 2580 1090 2640 et
1105 2574 1237 2661 pacifice
1260 2577 1369 2643 sinent

187 2700 358 2783 possideri,
375 2697 431 2763 sed
447 2699 586 2765 vicissim
602 2698 726 2764 civibus
742 2698 938 2783 permittent,
953 2696 1092 2761 iudiciali
1109 2697 1270 2767 instantia,
1284 2714 1369 2779 quae

184 2821 242 2887 sibi
266 2827 458 2907 competunt
486 2822 526 2887 ab
549 2822 620 2888 aliis
651 2829 817 2908 repetere;
843 2828 876 2886 et
898 2842 952 2887 res
983 2821 1097 2906 quibus
1128 2822 1182 2886 alii
1212 2821 1369 2888 fruuntur

185 2947 242 3013 sibi
266 2946 450 3027 vindicare,
474 2949 507 3011 in
531 2946 646 3011 indicio
669 2946 908 3033 cornprobando
932 2966 1006 3011 suas
1035 2966 1115 3027 esse,
1140 2965 1204 3009 nan
1232 2946 1367 3011 alienas.

273 3072 419 3137 Gravius
442 3090 520 3136 sane
543 3076 592 3136 est
614 3072 776 3156 negotium
801 3071 833 3134 in
858 3071 1079 3135 criminalibus
1102 3070 1236 3143 iudiciis,
1253 3070 1370 3154 quibus

186 3194 272 3277 ipsae
297 3194 422 3258 civium
446 3194 619 3258 insontium
634 3212 792 3279 personae
808 3190 1030 3257 defendendae
1047 3197 1138 3267 sunt;
1156 3196 1264 3257 sontes
1286 3212 1367 3257 vero

185 3326 257 3384 sunt
273 3321 323 3384 ita
340 3324 433 3384 caute
448 3318 669 3404 persequendi,
687 3324 731 3399 ut,
748 3318 882 3385 detectis
898 3315 1095 3397 criminibus,
1112 3316 1271 3401 legitimas
1290 3314 1370 3380 dent

184 3462 316 3528 poenas.

273 3566 372 3643 Quod
396 3587 475 3631 vern
505 3566 545 3631 ad
568 3566 758 3638 relationes,
778 3564 1013 3631 advertendum
1042 3570 1092 3629 est
1121 3565 1181 3630 has
1210 3565 1324 3630 baberi
1347 3584 1370 3627 a

187 3690 258 3755 iure
283 3689 429 3755 iudiciali
451 3695 518 3755 turn
542 3690 582 3755 ad
605 3690 655 3755 ius
678 3691 848 3775 privatum,
874 3695 941 3755 tum
965 3689 1006 3754 ad
1030 3690 1079 3755 ius
1103 3689 1274 3775 publicum.

275 3811 361 3875 Nam
385 3812 418 3873 in
442 3810 578 3874 materia
609 3809 797 3875 iudiciorum
828 3808 923 3874 debet
954 3808 1107 3893 distingui
1131 3811 1200 3894 ipsa
1226 3808 1366 3873 iudicum

187 3934 366 4015 ordinatio,
383 3934 424 3999 ab
447 3934 647 4000 ordinatione
671 3956 839 4021 processus
863 3935 1029 4002 iudicialis.
1054 3938 1098 4000 At
1121 3955 1210 4009 vero,
1227 3932 1367 3999 iudicum

189 4056 354 4124 ordinatio
377 4064 503 4145 spectat
524 4058 564 4124 ad
588 4059 636 4123 ius
659 4058 797 4124 civitatis
819 4058 998 4145 publicum;
1015 4078 1112 4141 quum
1136 4060 1188 4123 isti
1207 4056 1368 4143 publicam

188 4188 382 4265 potestatem
414 4184 587 4266 iudicandi,
611 4202 674 4269 qua
704 4184 834 4269 pollent,
858 4186 944 4249 inter
968 4184 1066 4256 cives,
1091 4202 1111 4246 a
1139 4184 1210 4247 iure
1241 4182 1370 4267 publico

188 4308 359 4395 recipiant.
377 4310 484 4375 Porro
507 4310 557 4375 ius
579 4310 719 4376 civitatis
733 4308 895 4394 publicum
919 4314 1110 4394 potestatem
1133 4307 1293 4374 iudicandi
1317 4308 1370 4371 de-

188 4434 353 4515 terminat,
377 4435 465 4499 hanc
495 4431 609 4499 debitis
637 4432 790 4497 limitibus
814 4441 847 4498 et
869 4433 990 4496 normis
1022 4432 1282 4519 constringendo,
1307 4453 1369 4498 nec
