3350 5117
794 600 908 669 Qnru‘r
931 602 976 667 II.

730 794 782 849 DE
809 794 1037 849 ARBITRIS.

499 936 550 979 Huc
564 934 693 980 reserantur
708 937 753 981 Tit.
767 936 803 990 ta,
818 936 868 981 Lib.
883 937 938 991 1·x,
953 946 977 979 et
990 938 1035 982 Tit.
1048 937 1083 992 22,
1099 936 1148 980 Lib.
1164 937 1175 979 1
1189 937 1212 979 in
1228 937 1268 981 Vi.

293 1126 509 1187 summarium.
522 1160 559 1172 -
572 1130 613 1185 15.
627 1130 769 1193 Quomodo
786 1134 1013 1203 compromittere
1030 1134 1061 1185 in
1077 1132 1199 1186 arbitros
1217 1130 1328 1188 differat
1346 1149 1364 1186 a
1383 1142 1476 1188 trans·

382 1241 497 1295 actione.
517 1268 551 1280 -
572 1238 613 1294 16.
633 1240 700 1292 Eius
718 1236 835 1295 historia
854 1238 1042 1294 adumbratur.
1056 1268 1090 1281 -
1106 1240 1146 1295 17.
1163 1239 1408 1308 compromissum,
1426 1256 1474 1296 ra·

382 1344 450 1413 guli
467 1343 608 1413 generali,
627 1343 795 1415 relinquitur
815 1344 947 1400 electioni
971 1345 1107 1414 partium,
1127 1344 1277 1415 aliquando
1297 1347 1418 1400 iubetur.
1436 1375 1476 1389 -

385 1448 425 1505 18.
445 1450 516 1503 Hine
534 1450 634 1503 arbitri
653 1449 702 1503 alii
722 1452 885 1517 voluntarii,
903 1468 952 1505 seu
971 1451 1218 1521 compromissarii,
1235 1450 1286 1505 alii
1307 1452 1473 1519 necessarii,

382 1572 431 1611 seu
450 1558 528 1611 iaris.
549 1586 583 1598 -
604 1554 645 1610 19.
665 1555 883 1625 Distinguuntur
900 1557 974 1611 inter
998 1574 1027 1611 se
1052 1558 1087 1610 ob
1110 1556 1249 1611 diversam
1274 1558 1473 1613 auctoritatem

381 1678 437 1732 qua
456 1660 570 1731 pollent.
590 1688 624 1701 -
642 1660 685 1713 20.
707 1659 814 1715 Arbitri
834 1659 1076 1730 compromissarii,
1089 1659 1138 1715 alii
1154 1661 1271 1730 proprie
1289 1663 1400 1728 arbitri,
1422 1660 1472 1715 alii

380 1768 571 1823 arbitratores.
585 1796 619 1809 -
632 1766 675 1821 21.
690 1766 805 1829 Quando
817 1766 986 1837 deputantur
1001 1769 1103 1822 arbitri
1120 1768 1268 1824 necessarii
1281 1770 1426 1823 soniario.
1438 1797 1475 1811 -

382 1877 425 1930 22
444 1879 488 1931 An
507 1890 616 1944 semper
635 1872 824 1945 compromitti
845 1872 932 1943 possit
951 1874 981 1927 in
1000 1874 1120 1929 arbitros
1138 1874 1318 1931 voluntarios.
1332 1904 1368 1917 -
1383 1876 1429 1930 23.
1448 1878 1474 1931 Α

382 1998 502 2054 quonam
527 1981 669 2053 eligantur
696 1982 804 2037 arbitri.
827 2010 862 2023 -
886 1982 930 2038 24.
950 1982 1068 2044 Quinam
1092 1984 1198 2053 possint
1222 2000 1283 2039 assa
1310 1983 1419 2039 arbitri.
1438 2013 1475 2027 -

381 2087 425 2141 25.
445 2088 488 2139 An
513 2088 695 2141 arbitratores
723 2102 783 2141 essa
807 2085 915 2157 possint
940 2087 988 2157 qui
1011 2087 1114 2141 arbitri
1137 2104 1197 2142 asse
1222 2087 1417 2157 prohibentur.
1438 2117 1474 2130 -

381 2193 425 2247 26.
445 2191 484 2245 De
504 2208 619 2247 numero
637 2192 815 2247 arbitrorum.
830 2220 864 2234 -
884 2192 927 2245 27.
948 2191 1029 2247 Unde
1047 2193 1146 2247 arbitri
1164 2193 1311 2248 desumant
1329 2195 1473 2264 propriam

381 2304 557 2373 potestatem.
576 2330 610 2342 -
629 2300 672 2354 28.
691 2299 842 2355 Cuiusnam
867 2300 971 2370 speciei
996 2301 1034 2355 sit
1057 2300 1128 2357 haec
1152 2306 1283 2371 potestas.
1311 2331 1345 2345 -
1369 2303 1414 2357 29.
1433 2304 1474 2359 Do

381 2408 462 2464 modo
480 2408 644 2479 procedendi
665 2409 844 2463 arbitrorum.
864 2438 898 2450 -
916 2407 960 2463 30.
979 2408 1023 2463 31.
1045 2408 1083 2463 Da
1101 2410 1247 2464 effectibus
1265 2410 1334 2465 aditi
1352 2410 1472 2475 arbitrii,

380 2527 430 2566 sau
456 2511 541 2565 laudi.
565 2538 602 2553 —
627 2510 669 2563 32.
689 2510 796 2564 Causae
821 2509 976 2565 animantes
1001 2510 1036 2563 ab
1060 2510 1177 2565 arbitrio
1206 2528 1255 2566 sau
1286 2512 1372 2566 laudo
1403 2528 1472 2567 exe·

380 2616 498 2687 quando.
517 2646 551 2658 -
570 2615 613 2671 33.
633 2616 775 2678 Quomodo
794 2614 963 2671 iudicialiter
988 2616 1168 2687 impugnatur
1192 2616 1272 2672 valor
1296 2617 1418 2672 arbitrii.
1437 2646 1473 2659 —

381 2722 424 2777 34.
443 2722 557 2784 Quando
573 2727 664 2777 cesset
683 2725 806 2791 potestas
824 2722 1008 2789 arbitrorum
1026 2751 1063 2765 -
1080 2722 1123 2777 35.
1137 2739 1189 2779 nac
1206 2739 1262 2777 non
1280 2726 1409 2792 potestas
1427 2740 1475 2777 ar·

381 2830 554 2884 bitratorum.
574 2858 608 2870 -
627 2828 670 2883 36.
692 2829 730 2883 De
750 2828 875 2883 utilitate
894 2829 1092 2899 compromissi.

383 3026 434 3091 15.
460 3026 555 3090 Alter
576 3024 705 3099 modus,
732 3025 860 3109 privata
887 3025 1095 3099 auctoritate,
1119 3025 1193 3091 lites
1221 3026 1396 3092 dirimendi
1422 3032 1473 3092 est

290 3150 554 3249 comppomissum
570 3148 603 3211 in
620 3146 771 3211 arbitros
790 3148 828 3212 In
845 3146 987 3213 arbitros
1009 3148 1273 3233 compromissum
1293 3153 1344 3213 est
1362 3169 1380 3211 ‹
1395 3167 1474 3215 cort·

291 3274 401 3340 centio
426 3294 494 3358 quo
516 3250 635 3358 atiqao
658 3274 889 3339 controversia
911 3273 1037 3340 iudicio
1059 3276 1113 3339 oct
1131 3273 1274 3341 arbitrio
1298 3273 1378 3340 boni
1400 3274 1472 3341 viri

290 3396 484 3482 definiendo
503 3395 715 3480 permittitur
737 3396 958 3479 expertium
981 3416 1191 3464 consensu».
1213 3397 1358 3464 Proinde
1381 3403 1472 3485 patet

290 3520 448 3604 quomodo
471 3540 491 3585 a
513 3521 733 3587 transactione
756 3522 1022 3607 compromissum
1045 3519 1173 3588 differat
1199 3525 1232 3589 in
1260 3544 1325 3609 quo
1347 3529 1471 3609 partes,

292 3664 357 3709 non
378 3646 527 3717 invicem,
552 3646 639 3710 inter
661 3666 707 3719 se,
725 3648 858 3731 propria
873 3648 946 3712 iura
959 3646 1100 3733 litigiosa
1123 3652 1334 3732 compensant
1348 3652 1383 3712 et
1396 3668 1473 3714 con-

289 3769 436 3844 cordant,
460 3770 567 3854 prouti
595 3767 630 3834 rit
662 3770 695 3834 in
726 3770 962 3847 transactione;
993 3770 1049 3836 sed
1079 3771 1208 3835 minime
1239 3771 1471 3837 renunciantes

290 3894 511 3957 controversis
534 3892 666 3969 iuribus,
684 3892 780 3958 altori
803 3911 963 3976 personae
987 3894 1110 3979 negotii
1132 3893 1396 3979 compositionem
1419 3893 1473 3959 da
1526 3930 1528 3933 <

290 4015 452 4080 mandant.
478 4016 620 4099 Utraque
648 4020 757 4081 tamen
789 4014 962 4080 conventio
991 4015 1024 4079 in
1051 4014 1176 4080 obiecto
1203 4018 1359 4083 convenit
1384 4016 1471 4102 quod

290 4140 323 4203 in
346 4158 386 4204 re
408 4138 513 4205 dubio
537 4142 731 4211 continetur,
756 4140 801 4223 uti
826 4140 979 4204 convenit
1004 4139 1037 4202 in
1064 4144 1181 4202 natura
1203 4145 1237 4205 at
1262 4138 1371 4204 forma
1394 4159 1469 4205 oon·

289 4270 412 4331 tractus
435 4268 487 4332 cui
511 4270 543 4331 et
565 4266 796 4332 iuramentum
821 4269 855 4329 et
873 4284 988 4349 poeno
1011 4264 1141 4351 adiungi
1161 4271 1304 4350 possunt,
1321 4269 1355 4332 in
1371 4268 1470 4333 maio

291 4406 361 4452 ram
383 4385 581 4464 firmitatem;
605 4406 670 4452 non
694 4405 788 4452 secus
811 4405 851 4451 ac
873 4387 1095 4452 transactioni.
