3350 5117
530 325 574 372 oa
598 324 737 372 tumens
762 322 1025 371 accussmsmcrs
1299 301 1368 365 485

181 450 430 526 criminalibus,
447 449 571 534 quodsi
595 468 675 534 prae
691 448 791 513 oculis
807 467 909 530 usque
931 466 996 511 non
1012 446 1180 517 habeatur,
1198 443 1360 528 profunda

146 658 147 661 Ἴ
181 575 332 641 conlusio
355 576 459 640 oritur
482 574 514 638 iu
538 571 728 659 applicanda
751 571 813 636 hac
837 571 944 656 speeie
960 568 1175 655 probationis3
1198 570 1305 654 prouti
1323 566 1360 633 fit

186 704 303 789 passim
325 702 410 787 apud
433 702 615 767 canonistas
639 719 703 763 non
731 696 929 763 sufficienter
952 696 1183 781 distinguentes
1207 714 1305 760 uuum
1322 695 1362 759 ab

182 826 250 890 alio
273 845 394 911 genere
419 826 621 911 negotiorum
645 826 678 887 in
703 823 787 889 hanc
810 843 890 888 rem.
918 823 982 887 Nos
1010 823 1136 907 agimus
1163 820 1202 885 de
1228 819 1364 885 testibus

186 949 220 1012 in
244 948 381 1033 negotiis
405 946 560 1035 civilibus

276 1072 351 1138 468.
375 1072 472 1137 Modo
501 1092 564 1136 non
595 1072 720 1157 agimus
743 1070 782 1135 de
805 1069 940 1135 testibus
967 1067 1286 1135 caetratadict'alt'baa
1308 1070 1363 1154 qui

183 1200 284 1261 extre
306 1195 467 1269 iudicium,
491 1194 532 1261 ad
554 1197 738 1261 instantiam
761 1195 880 1279 privati
902 1195 981 1259 civis
1004 1195 1240 1260 attestationem
1264 1193 1367 1260 edunt

183 1318 228 1383 de
251 1318 358 1402 aliquo
385 1319 483 1383 facto.
508 1318 593 1383 Huic
621 1337 719 1403 scopo
750 1317 932 1381 inserviunt
952 1321 1052 1381 testes
1075 1315 1360 1388 instrumentales,

184 1462 324 1525 quorum
358 1444 520 1508 attestatio
554 1443 724 1507 invocatur
758 1416 798 1505 ad
837 1437 1071 1505 conficiendum
1106 1440 1363 1504 instrumentum.

188 1564 295 1629 Hodie
325 1567 359 1630 in
389 1586 448 1631 usn
471 1568 546 1631 sunt
575 1571 674 1631 testes
704 1563 835 1629 adhibiti
867 1562 1177 1629 eatraiudiciatiter
1207 1561 1247 1626 ad
1271 1560 1366 1626 fidem

185 1689 378 1773 taciendam,
393 1696 426 1756 ut
442 1690 517 1755 inde
529 1689 685 1775 quoddam
698 1689 818 1759 factum
831 1688 948 1753 evadat
962 1693 1135 1760 notoriam
1142 1708 1157 1770 ,·
1169 1688 1243 1753 inde
1258 1686 1363 1753 fluunt

185 1817 287 1880 aetas
309 1816 407 1901 vulgo
430 1816 507 1880 dicti
530 1814 739 1881 notorietatis
761 1812 818 1899 (l).

338 2047 360 2129 ἓ
386 2047 415 2110 1.
440 2046 489 2111 De
513 2044 647 2111 testibus
670 2042 889 2110 admittendis
910 2041 963 2108 'vel
988 2041 1222 2108 excludendis.

187 2236 406 2295 summarium.
425 2268 460 2282 -
478 2239 539 2293 469.
563 2238 623 2293 Non
651 2237 834 2307 prohibentur
862 2256 880 2291 a
904 2237 1021 2292 dicendo
1049 2237 1210 2291 testimonio
1237 2236 1292 2291 nisi
1320 2236 1369 2308 qui

280 2344 418 2400 inhabiles
436 2348 508 2399 sunt.
528 2372 565 2387 -
582 2344 642 2398 470.
664 2343 797 2399 Nonnulli
815 2343 1000 2413 prohibentur
1017 2345 1153 2409 absolate,
1172 2359 1220 2397 seu
1240 2344 1275 2397 ab
1291 2344 1367 2397 omni

281 2450 405 2505 iudiciali
436 2466 527 2504 causa.
557 2479 591 2491 -
618 2450 678 2503 471.
710 2450 767 2503 Alii
797 2452 918 2505 relative
949 2467 998 2503 eeu
1029 2450 1064 2502 ab
1095 2448 1191 2519 aliqua
1220 2465 1368 2503 causarum

280 2555 381 2625 specie.
407 2582 445 2596 -
471 2555 531 2609 472.
564 2557 607 2609 An
636 2560 758 2610 rectores
789 2556 994 2621 Ecclesiarum,
1023 2558 1072 2608 aut
1102 2552 1233 2608 titularea
1262 2555 1369 2609 benefi-

282 2640 388 2716 ciorum
406 2662 518 2734 aliique,
534 2662 562 2716 id
581 2678 676 2732 genus,
695 2661 935 2717 administratores
953 2661 1184 2732 prohibeantura
1201 2658 1316 2713 ferendo
1329 2663 1371 2715 te-

281 2766 413 2820 stimonio
431 2767 460 2819 in
479 2766 569 2820 causis
587 2782 653 2820 suae
673 2765 814 2820 Ecclesiae
838 2764 884 2820 rel
909 2765 952 2819 sui
976 2764 1113 2818 beneficii.
1132 2790 1168 2804 -
1186 2762 1247 2816 473.
1267 2762 1368 2832 Expli-

282 2881 361 2931 catur
380 2894 515 2949 quaenam
535 2878 571 2930 sit
584 2877 626 2931 vis
640 2874 834 2946 prohibitionis
848 2875 906 2928 sive
918 2874 1058 2929 relativae
1076 2874 1135 2929 sive
1154 2874 1299 2929 absolutae
1313 2874 1374 2928 iure

282 2984 401 3053 positivo
419 2984 556 3050 decretae,
575 2982 665 3054 quoad
683 2981 827 3036 terendum
847 2970 1048 3036 testimonium.

286 3178 359 3243 469.
385 3180 423 3243 Ia
446 3180 518 3243 foro
549 3178 768 3243 ecclesiastico
799 3198 911 3242 omnes
941 3182 1074 3262 possunt
1100 3196 1170 3242 esse
1196 3181 1296 3242 testes
1319 3177 1379 3259 qui

194 3308 267 3370 iure
289 3304 442 3371 natarali
464 3309 520 3368 aut
538 3302 683 3385 positivo
716 3321 779 3365 non
804 3301 1027 3386 prohibentur.
1055 3300 1138 3375 Quia
1160 3320 1203 3365 ex
1227 3301 1295 3385 ipso
1319 3319 1379 3365 na·

194 3433 292 3496 turali
317 3434 388 3495 iure
412 3430 589 3514 requiritur
613 3435 647 3494 ut
670 3431 759 3495 testis
774 3429 893 3494 habeat
911 3427 1086 3493 seientiam
1102 3432 1136 3491 et
1153 3426 1379 3510 probitatem,

196 3555 218 3617 ii
243 3556 296 3638 qui
320 3573 383 3618 una
405 3554 550 3619 alterave
574 3554 727 3637 qualitate
750 3559 841 3617 certe
873 3557 995 3625 carent,
1019 3552 1093 3635 ipso
1120 3551 1274 3617 naturali
1302 3551 1374 3615 iure

195 3679 238 3745 ab
261 3679 440 3745 attestando
465 3679 691 3745 exeluduntur.
708 3716 754 3727 -
770 3680 852 3744 Iure
875 3685 981 3743 autem
1001 3678 1145 3761 positivo
1162 3676 1382 3762 prohibentur

288 3911 328 3980 (l)
347 3910 446 3964 Modus
471 3909 586 3979 rogandi
611 3910 695 3963 hosce
719 3913 798 3962 actus
818 3909 858 3961 ita
878 3907 1076 3977 praescribitur
1094 3908 1123 3960 in
1145 3908 1205 3962 cod.
1225 3908 1269 3959 cit.
1292 3905 1382 3975 Gaea.

195 4026 250 4069 ort.
272 4016 343 4068 630:
362 4032 377 4067 a
398 4017 484 4069 Actus
503 4013 721 4070 extraiudicialis
741 4013 880 4082 rogandus
894 4013 949 4067 erit
964 4030 981 4065 a
999 4012 1111 4081 publico
1130 4012 1255 4072 notario;
1276 4014 1384 4065 eteon·

198 4124 300 4177 tinebit
318 4123 526 4177 attestationem
546 4123 733 4177 voluntariam
757 4122 836 4176 testis
856 4122 953 4176 iisdem
977 4120 1070 4176 verbis
1095 4125 1258 4191 conceptam
1278 4119 1383 4188 quibus

198 4227 307 4297 prolata
325 4229 391 4282 fuit:
411 4227 623 4281 subscribendas
643 4226 697 4279 erit
715 4226 750 4278 ab
771 4225 831 4293 ipso
850 4228 931 4289 teste,
944 4242 962 4277 a
977 4226 1087 4278 notario
1100 4228 1129 4279 et
1142 4225 1177 4277 ab
1190 4223 1254 4276 aliis
1273 4222 1382 4275 dnobus

198 4336 316 4391 testibus
329 4336 375 4407 qui
386 4336 533 4391 adfuerunt
548 4334 673 4405 prolatae
686 4332 869 4389 attestationi.
885 4332 914 4385 Si
929 4335 1009 4387 testis
1021 4334 1069 4403 qui
1082 4330 1291 4386 attestationem
1307 4330 1384 4392 lecit,

196 4442 304 4496 nesciat
323 4439 588 4508 scribe1·e,notarius
607 4438 658 4492 hoc
679 4440 782 4493 referet
801 4438 829 4490 in
849 4437 1043 4503 iustrumenta,
1063 4436 1142 4490 iaxta
1155 4440 1208 4489 art
1226 4434 1275 4489 tat
1300 4436 1353 4487 etc.
1367 4424 1402 4484 a
