3350 5117
529 356 573 403 nu
598 353 737 403 1un1cus
761 352 1026 405 accursusriors
1304 328 1370 395 165

187 480 410 561 procuratoris
433 476 572 543 officium
596 479 660 542 iam
683 474 926 561 explicavimus.
956 474 1023 540 Pro
1050 456 1188 560 negotiis
1221 472 1369 538 extraiu-

183 599 356 665 dicialibus
390 604 521 685 praeter
554 604 692 665 aetatem
723 619 821 683 supra
851 599 1057 664 constitutam
1090 596 1181 663 nulla
1215 596 1366 682 specialis

185 723 346 789 idoneitas
369 725 452 789 solet
475 726 608 809 requiri.

277 846 312 931 6)
336 847 519 928 Foemiuae,
535 844 575 911 ob
598 846 788 919 decentiam.
805 845 1013 933 reputoriter
1029 844 1232 930 repelluntur
1254 844 1295 909 ab
1319 844 1368 907 of-

184 967 263 1034 ficio
285 973 507 1056 procuratoris
538 974 600 1037 nisi
630 978 746 1058 urgeat
776 974 970 1044 necessitas,
994 972 1039 1035 uti
1063 973 1091 1036 si
1113 990 1176 1055 qua
1198 972 1285 1035 esset
1307 966 1365 1033 lilii

184 1098 293 1163 tutrix
315 1104 371 1165 aut
393 1120 453 1185 pro
475 1100 583 1183 aliquo
598 1104 721 1185 ageret,
738 1119 790 1163 ex.
807 1118 837 1185 g.
855 1097 968 1163 morbo
990 1102 1046 1162 aut
1068 1102 1175 1163 aetate
1196 1097 1367 1161 laborante

182 1224 243 1305 qui
271 1242 374 1305 secus,
395 1224 435 1289 ab
466 1222 591 1309 agendo
622 1224 675 1289 rel
707 1222 930 1309 respondendo
957 1242 1017 1308 per
1051 1222 1160 1295 alium,
1184 1220 1366 1306 prohibitus

181 1352 274 1412 esset
297 1347 353 1433 (1).

282 1470 354 1535 131.
385 1472 613 1537 Procuratoris
647 1470 787 1536 officium
821 1475 855 1534 et
888 1474 1047 1556 potestas,
1082 1468 1227 1554 pluribus
1261 1466 1364 1533 modis

182 1601 304 1661 cessat.

279 1722 313 1807 1)
336 1722 448 1787 Cessat
469 1729 587 1790 mutuo
610 1742 784 1794 consensu,
802 1722 927 1789 scilicet
942 1721 1164 1786 constituentis
1187 1724 1220 1785 et
1243 1719 1365 1784 consti·

181 1845 257 1917 tuti,
281 1846 358 1929 quia
380 1846 626 1931 unumquodque
649 1866 688 1913 eo
711 1847 806 1911 modo
830 1866 892 1929 quo
908 1845 1092 1931 colligatum
1108 1848 1166 1925 est,
1183 1847 1288 1929 potest
1302 1842 1364 1908 dis

181 1969 279 2042 solvi,
304 1989 347 2034 ex
372 1970 393 2035 l.
418 1968 467 2035 35
488 1971 525 2053 ff.
549 1970 599 2036 De
620 1991 691 2058 rep.
716 1972 782 2035 tur.
798 1970 980 2035 -Tamen
1004 1970 1036 2034 in
1059 1970 1195 2053 negotiis
1210 1967 1365 2033 iudiciali-

184 2094 246 2161 bus
262 2102 467 2181 procurator,
479 2096 535 2161 tite
545 2095 617 2161 iam
629 2101 821 2170 contestata,
835 2094 987 2161 indicium
1000 2094 1152 2161 deserere
1168 2114 1233 2159 non
1247 2098 1363 2179 potest,

184 2222 250 2288 uisi
280 2221 416 2287 accedat
449 2240 624 2287 consensus
655 2223 753 2308 ipsius
781 2221 976 2296 adversarii;
1000 2240 1138 2307 quocum
1165 2206 1361 2306 procurator

186 2344 279 2409 litem
310 2345 519 2410 contestando
550 2344 775 2431 obligationem
799 2347 940 2431 suscepit
967 2365 1032 2410 non
1063 2343 1232 2410 deserendi
1254 2344 1358 2417 litem,

184 2469 248 2533 nisi
272 2468 417 2554 legitima
446 2468 547 2535 subsit
576 2488 684 2535 causa.
711 2470 796 2537 Hinc
818 2469 859 2535 ad
882 2468 1118 2535 dissolvendum
1141 2468 1229 2533 hunc
1253 2468 1361 2551 quasi-

182 2762 357 2816 mandatum.
377 2791 411 2805 -
430 2764 501 2819 Hinc
520 2782 601 2819 nemo
619 2765 723 2821 inritus
743 2770 855 2835 poterat
874 2767 1006 2821 constitui
1025 2768 1197 2835 procurator,
1215 2780 1251 2819 ex
1270 2764 1289 2818 l.
1310 2764 1360 2831 17,

185 2868 254 2922 Coti.
273 2870 300 2921 b.
320 2880 337 2922 t.
352 2898 386 2911 -
399 2871 441 2925 Ex
459 2871 519 2926 iure
538 2888 604 2927 vero
623 2890 683 2927 coa.
703 2889 757 2943 quo
777 2889 827 2928 nos
847 2874 958 2937 utimur,
975 2874 1016 2927 uti
1034 2873 1166 2928 debemus
1184 2871 1363 2926 distinctione

183 2974 242 3029 iam
261 2976 373 3029 tradita
393 2976 498 3046 Nempe
511 2977 534 3031 si
548 2982 710 3047 procurator
723 2977 830 3032 nullum
843 2978 946 3033 babeat
960 2980 1104 3048 publicum
1117 2978 1288 3042 mandatum
1298 2974 1362 3045 cogi

184 3098 242 3136 non
255 3086 360 3151 potest3
373 3100 432 3153 arg.
446 3102 505 3154 cap.
523 3085 549 3151 7,
562 3087 589 3138 b.
601 3096 621 3139 t.
634 3087 664 3137 in
678 3086 705 3139 6.
716 3114 750 3127 -
765 3084 793 3139 Si
806 3101 874 3141 vero
886 3087 923 3140 sit
936 3086 1103 3139 Procurator
1115 3082 1219 3138 fiscalis
1231 3083 1276 3138 rel
1290 3083 1362 3136 Pro-

184 3194 301 3243 curator
318 3206 470 3259 pauperum
484 3190 528 3246 vel
541 3191 614 3246 alius
631 3192 859 3264 procurator‚qui
878 3208 990 3261 operam
1009 3208 1087 3245 suam
1101 3188 1259 3259 impendere
1277 3188 1362 3243 debet

183 3292 272 3347 certis
296 3294 421 3362 personis
443 3295 515 3363 apud
533 3296 667 3362 tribunal,
685 3301 752 3350 tunc
771 3297 857 3351 etiarn
875 3296 979 3349 invitus
998 3294 1044 3348 hic
1062 3311 1143 3348 suum
1164 3310 1265 3347 munus
1283 3308 1364 3362 prae·

183 3408 262 3455 stare
281 3400 379 3455 debetz
399 3402 434 3454 cl.
453 3400 580 3472 Pirhing,
598 3405 623 3456 lu
641 3413 659 3456 t.
680 3420 706 3457 a.
726 3404 768 3457 39
787 3408 815 3459 et
837 3401 1093 3472 Schmalzgrueber‚
1111 3404 1137 3455 b„
1158 3411 1176 3454 t.
1195 3418 1223 3453 a
1243 3400 1291 3452 17.
1329 3388 1332 3395 ’

276 3504 317 3576 (l)
337 3505 428 3567 Quum
447 3508 533 3561 etiam
560 3508 654 3578 plures
683 3510 815 3563 constitui
845 3517 959 3579 possunt
985 3513 1179 3578 procuratores
1197 3523 1232 3560 ex
1251 3523 1311 3575 cop.
1333 3502 1366 3557 Si

182 3616 243 3668 duo
264 3614 292 3680 6,
313 3615 355 3668 Dc
371 3626 515 3685 procurat.
535 3617 565 3669 in
585 3617 606 3670 6
625 3617 656 3686 (Ι,
679 3616 736 3688 19),
757 3618 965 3672 constituuntur
988 3615 1033 3671 vel
1058 3617 1226 3669 siusultanee
1250 3612 1294 3667 vel
1318 3614 1366 3665 di·

183 3719 277 3773 versis
297 3722 475 3791 temporibus.
489 3718 518 3774 Si
537 3720 652 3777 diversis
664 3723 835 3793 temporibus
848 3722 1055 3777 constituantur
1068 3740 1117 3792 per
1134 3723 1365 3779 constitutionem

185 3826 351 3895 posterioris
369 3830 499 3881 censetur
518 3828 593 3896 prior
613 3828 696 3883 tacite
715 3833 875 3895 revocatum
889 3829 942 3883 nisi
955 3831 1125 3884 contrarium
1141 3830 1315 3900 exprimatur
1331 3835 1363 3886 et

185 3931 240 3984 uisi
259 3932 337 4000 prior
356 3931 393 3985 sit
410 3931 554 4001 penerolis
573 3934 601 3985 et
620 3932 756 4001 posterior
767 3934 905 4003 specialis.
921 3934 998 3988 Tunc
1011 3934 1086 4004 prior
1100 3940 1258 3991 removetur
1270 3936 1363 3991 solum

183 4040 221 4092 ab
241 4055 275 4094 eo
293 4040 411 4111 speciali
429 4040 558 4110 negoti03
577 4046 606 4096 et
625 4041 738 4111 planum
757 4047 808 4097 est.
822 4042 851 4097 Si
864 4060 933 4097 vero
945 4045 1120 4110 simultanee,
1134 4050 1283 4100 censentur
1299 4064 1367 4102 con-

183 4148 278 4201 stituti
297 4149 465 4219 simpliciter
483 4154 549 4215 (uon
569 4150 597 4203 in
617 4150 746 4219 solidum)
765 4169 813 4233 seu
834 4156 865 4206 ut
884 4169 955 4206 unus
967 4168 1023 4206 non
1036 4153 1167 4222 procedat
1186 4155 1246 4210 sine
1264 4156 1368 4223 altero,

183 4254 239 4309 nisi
258 4254 410 4309 adiicietur
432 4255 559 4311 clausula
582 4258 760 4313 insolidum.
780 4260 808 4313 Si
828 4288 842 4299 -
861 4260 1031 4315 insolidum
1049 4290 1062 4301 -
1082 4262 1297 4331 constituantur,
1315 4264 1364 4335 qui

184 4364 263 4433 prior
282 4377 396 4417 causam
415 4367 588 4419 contestatus
607 4370 657 4431 est,
670 4371 778 4422 ceteros
797 4366 934 4433 excludit,
953 4371 982 4422 et
1000 4368 1053 4421 sibi
1080 4366 1166 4422 alium
1190 4370 1362 4425 substituere

182 4462 269 4517 valet
