3350 5117
322 341 390 407 280
858 363 943 411 esne
966 365 989 410 1.

323 484 439 550 iudicio
462 484 502 551 ab
526 486 638 552 eodem
668 485 773 552 iudice
803 485 1009 564 definiendis3
1033 495 1141 555 tamen
1165 469 1197 556 in
1221 489 1285 556 hac
1316 493 1498 578 cognitione

322 611 413 695 prior
442 609 533 675 locus
562 610 684 676 dandus
711 618 760 677 est
782 631 900 678 causae
924 615 1142 699 possessionis,
1166 635 1239 681 cum
1262 616 1419 702 possessio
1442 615 1495 682 de

321 732 437 817 signet,
461 734 589 817 quinam
614 735 662 798 rei
684 739 794 821 partes
808 736 842 799 in
857 735 975 826 iudicio
998 737 1121 803 habere
1144 738 1268 804 debeat.
1286 775 1327 784 -
1349 739 1420 804 Hoc
1442 738 1500 805 de-

322 862 428 926 cernit
443 860 550 937 iudex,
564 861 718 927 edicenda
733 863 898 929 sententia
910 864 1172 940 interlocutoria,
1187 868 1316 949 quinam
1331 885 1499 952 possessor

321 985 371 1050 sit.
389 983 497 1058 Quare
520 984 560 1049 de
582 986 746 1051 sententia
769 987 943 1073 definitiva
957 987 1105 1054 decernit
1119 990 1290 1072 capat'cit.
1307 989 1413 1056 einsd.
1437 989 1496 1063 tit,

320 1109 420 1188 aiens,
433 1112 617 1192 atramque
638 1128 711 1174 nna
733 1109 899 1176 sententia
921 1111 1018 1178 debet
1040 1112 1227 1178 terminari.
1254 1114 1374 1198 Nempe
1397 1112 1498 1180 iudex

319 1236 486 1315 postquam
510 1233 659 1296 statuerit
681 1233 810 1316 quinam
826 1232 996 1318 possideat,
1012 1237 1218 1320 prosequitur
1232 1234 1274 1300 ad
1289 1233 1498 1319 excipiendas

318 1353 524 1437 probationes
547 1356 580 1420 in
597 1355 756 1438 petitoria
780 1361 813 1420 et
836 1357 933 1421 etiam
958 1359 990 1420 in
1010 1358 1228 1442 possessorio,
1252 1360 1279 1426 si
1303 1359 1394 1426 circa
1414 1379 1494 1445 pos-

283 1549 286 1552 ,
318 1479 502 1560 sessionem,
526 1478 568 1545 ad
590 1481 659 1545 eius
682 1480 762 1544 alios
785 1477 920 1554 effeetus
943 1480 1213 1557 determinandas,
1229 1488 1342 1567 utputa
1366 1483 1494 1550 fructus

317 1607 536 1687 percepisset
558 1608 763 1689 consumptos
785 1610 842 1671 aut
864 1624 1033 1688 expensas,
1050 1605 1158 1690 aliqua
1175 1610 1315 1692 supersit
1329 1611 1491 1692 quaestio;

318 1731 352 1790 et
374 1724 449 1791 dein
472 1733 642 1811 utramque
665 1747 794 1793 causam
818 1747 885 1793 una
908 1730 1068 1794 sententia
1091 1732 1253 1796 terminat.

408 1850 621 1916 Nihilominus
636 1853 670 1916 'si
694 1851 734 1917 de
753 1872 851 1918 causa
866 1855 1076 1938 possessionis
1091 1855 1155 1919 iam
1171 1861 1305 1928 constat,
1323 1855 1377 1920 sed
1394 1875 1495 1941 super

318 1979 516 2062 proprietate
538 1979 636 2064 longa
649 1978 757 2045 adhuc
770 1985 955 2065 superesset
978 1987 1010 2046 et
1033 1978 1171 2046 difficilis
1186 1985 1418 2064 controversia,
1435 2002 1496 2068 po-

319 2111 381 2170 test
403 2104 500 2169 iudex
522 2110 618 2170 antea
640 2107 818 2170 terminare
844 2104 995 2172 iudicium
1019 2108 1257 2192 possessorium,
1276 2109 1319 2174 ita
1339 2107 1495 2174 determi-

319 2228 425 2293 nando
453 2228 631 2313 legitimum
661 2247 893 2312 possessorem,
925 2230 979 2312 qui
1009 2229 1139 2294 interim
1162 2228 1295 2315 pacifice
1325 2229 1493 2317 possidere

319 2359 546 2440 prosequentum
569 2372 613 2419 ex
636 2372 711 2436 cap.
735 2354 770 2425 2.
795 2355 849 2420 cit.
876 2354 922 2418 tit.
948 2353 994 2440 (l)

406 2478 540 2543 Demum
562 2477 607 2542 ait
630 2495 705 2560 cap.
730 2475 754 2541 6
775 2477 842 2543 eit:
861 2475 962 2544 «Sed
986 2477 1060 2544 lieet
1083 2479 1120 2542 in
1139 2479 1427 2562 pronunciatione
1449 2480 1495 2545 sit

313 2601 482 2686 possessio
502 2601 763 2685 praemittenda,
779 2601 818 2665 in
833 2599 1031 2667 essentiane
1047 2607 1161 2668 tamen
1179 2601 1276 2669 dehet
1292 2602 1493 2686 proprietas

312 2728 517 2810 praevalere
532 2747 562 2791 ».
587 2725 719 2792 Scilicet
741 2725 869 2810 quando
893 2746 956 2790 uno
972 2725 1089 2791 iudicio
1105 2732 1242 2811 utraque
1258 2728 1400 2812 quaestio
1422 2731 1491 2792 ter-

388 2988 427 3058 (1)
446 2987 508 3042 Non
527 2987 627 3043 desunt
646 2988 801 3042 recentiora
819 2987 993 3052 documenta,
1007 3005 1078 3058 quae
1094 2989 1206 3042 firment
1219 2988 1436 3044 ecclesiasticam
1450 2988 1496 3042 iu·

315 3094 529 3163 risprudentiam
549 3093 577 3146 in
595 3093 804 3163 quaestionibus
823 3093 1005 3162 possessoriis.
1026 3092 1067 3146 Ad
1094 3109 1152 3147 rem
1177 3094 1283 3148 consuli
1307 3097 1422 3164 possunt
1440 3093 1488 3150 de·

314 3200 433 3255 cisiones
451 3199 478 3253 S.
492 3199 577 3266 (long.
591 3197 708 3252 Caecilii
727 3198 757 3250 in
775 3214 860 3251 causa
879 3199 1059 3267 possessionis
1072 3199 1173 3251 iuriam
1187 3198 1402 3263 beneficialium,
1416 3200 1489 3268 apud

314 3300 461 3356 Pallottini
485 3293 596 3372 op'cit.
615 3303 692 3356 Tom.
714 3301 798 3356 15-V.
819 3301 959 3356 Possessio
979 3305 1009 3355 in
1026 3319 1139 3372 penere.
1164 3303 1234 3357 ltem
1256 3302 1424 3358 eonferenda
1446 3308 1491 3358 est

318 3403 452 3465 resolutio
464 3409 549 3464 eiusd-
570 3410 596 3464 S.
615 3408 702 3480 (long.
715 3410 806 3465 relate
824 3411 854 3463 in
873 3409 1049 3478 ephemeride
1063 3413 1133 3464 ,icta
1147 3412 1173 3464 S.
1189 3413 1266 3466 Sedis
1280 3429 1306 3464 υ.
1320 3411 1339 3464 Ι
1344 3412 1402 3482 Vp.
1415 3412 1490 3465 383.

315 3515 535 3570 -Benedictus
553 3515 619 3570 xiv
633 3517 661 3569 in
680 3516 770 3570 literis
788 3515 862 3570 datis
881 3515 915 3568 ed
934 3515 1120 3571 Secretarium
1140 3517 1166 3570 S.
1180 3515 1266 3586 Cong.
1281 3516 1313 3571 de
1328 3518 1408 3587 Prop.
1423 3516 1492 3572 Fide

316 3636 333 3675 s
352 3624 454 3677 Urbem
473 3625 668 3678 Antiharum»
686 3625 731 3678 die
751 3623 788 3675 le
807 3625 905 3676 Martii
931 3623 1021 3686 1752,
1041 3624 1242 3693 interpretatur
1267 3627 1352 3692 caput
1371 3641 1386 3674 ‹
1402 3623 1494 3694 Saepe

316 3731 482 3800 cantinpitrn
501 3730 646 3785 occasione
664 3728 845 3800 quarumdam
863 3729 1055 3800 quaestionum
1069 3736 1207 3783 motarum
1226 3730 1261 3782 ab
1276 3728 1495 3800 Archiepiscopo

316 3837 494 3892 Antibarensi
514 3837 588 3890 circa
606 3838 679 3890 bona
692 3835 765 3890 Eccl.
779 3836 856 3904 prius
874 3841 1011 3905 occupata
1023 3837 1058 3888 ab
1072 3834 1238 3901 infidelibus,
1251 3839 1347 3904 postea
1366 3840 1462 3904 empta
1475 3853 1495 3890 a

317 3940 492 3996 Christianis.
511 3941 640 3995 Pontifex
659 3939 782 3994 declarat
800 3941 875 3993 bona
894 3941 1046 3994 immobilia
1066 3941 1116 3994 etsi
1132 3941 1205 3994 bona
1218 3939 1271 3994 ilde
1284 3945 1386 4010 empta,
1399 3945 1496 3995 tamen

314 4051 402 4119 repeti
422 4066 471 4119 per
489 4049 628 4103 actionem
640 4049 721 4118 spolii
735 4048 889 4120 eademque
903 4065 964 4104 esse
977 4049 1148 4104 restituenda
1162 4066 1224 4103 cum
1236 4049 1373 4104 fructibus
1386 4050 1494 4121 absque

316 4157 374 4211 ulla
392 4157 568 4212 restitutione
588 4158 670 4226 pretii
682 4159 725 4211 ‚ab
745 4156 871 4211 Ecclesia
889 4158 1024 4212 facienda.
1044 4158 1122 4220 Quod
1141 4157 1174 4211 sd
1193 4157 1267 4212 bona
1285 4174 1351 4213 vero
1369 4159 1496 4226 mabilia,

317 4263 409 4328 tradit,
427 4279 463 4317 ex
482 4265 598 4331 probata
616 4262 820 4332 Theologorum
839 4267 988 4329 sententia,
1000 4266 1073 4319 bona
1085 4265 1137 4320 tide
1151 4271 1244 4336 empta
1257 4281 1335 4336 posse
1349 4246 1411 4320 tnta
1424 4276 1492 4320 ton·

315 4368 433 4422 scientia
451 4367 575 4434 retineri,
587 4367 733 4423 dummodo
752 4367 903 4423 Christiani
923 4371 1042 4424 emerint
1061 4372 1154 4426 animo
1173 4371 1344 4440 restituendi,
1364 4373 1493 4444 quoties·

315 4489 433 4543 cumque
452 4489 469 4526 a
487 4473 597 4527 domino
615 4474 756 4543 impensae
775 4474 908 4542 manniae
927 4475 1012 4529 luerit
1031 4477 1149 4545 emptori
1168 4477 1310 4531 restitutio
1328 4477 1436 4531 oblata.
