3350 5117
547 341 593 387 na
617 339 754 388 rnnrons
777 339 1044 388 sccnssrnsrrcrs
1320 320 1387 386 227

202 459 317 525 bemus
338 458 378 524 de
402 461 474 524 iure
498 479 632 524 romano
654 479 675 523 a
698 479 760 543 quo
776 460 901 525 initium
926 457 1096 526 desumunt
1112 460 1319 524 strationem
1336 459 1390 526 de-

201 589 297 650 creta
319 584 400 649 iuris
423 585 582 648 canonici.

294 710 445 773 Iemrero
468 708 539 772 iure
561 726 697 772 romano
719 709 900 774 institutum
929 710 1171 794 possessorium,
1199 729 1264 773 non
1295 729 1390 774 secus
1470 694 1472 703 ’

465 787 656 808 ..ψ-Ἀ·
946 805 954 813 ,
960 797 998 809 .-
1004 787 1099 808 -u-‘ffl—

200 854 245 898 ac
267 838 379 899 cetera
410 834 555 898 instituta
583 834 664 899 iuris
693 803 825 920 primiti,
848 832 985 900 mirifice
1010 841 1159 901 exactum
1176 837 1237 901 fuit
1259 837 1299 902 ad
1324 838 1388 922 pri·

203 957 379 1043 migeniam
410 959 479 1021 eius
510 959 674 1056 notionem
704 960 761 1045 (l).
795 958 1013 1033 Quamobrem
1027 953 1160 1026 'ideam'
1180 953 1390 1044 possessionis

492 1041 589 1062 -κ

296 1166 335 1236 (l)
354 1167 482 1221 infinitus
500 1185 571 1238 pene
589 1173 634 1222 est
651 1185 783 1222 numerus
793 1168 953 1234 Doctorum,
970 1169 1017 1240 qui
1031 1169 1064 1224 de
1083 1170 1263 1225 fundamento
1283 1170 1390 1226 tutelae

203 1269 340 1324 iuridicee
358 1272 539 1340 possessionis
551 1272 749 1336 disseruerunt,
760 1277 789 1326 et
802 1272 866 1326 inde
879 1289 982 1342 magna
995 1273 1156 1342 opinionum
1177 1273 1322 1329 discordia.
1337 1275 1390 1328 Po-

204 1380 292 1432 tiores
311 1380 465 1434 sententias
483 1381 714 1435 enumerabimus
734 1381 894 1445 Accursius,
914 1379 1065 1447 Glossator,
1078 1382 1207 1451 opinatus
1221 1387 1264 1435 est
1284 1399 1391 1452 posses·

202 1487 315 1540 sionem
333 1485 678 1565 detendi,quiepossessio
690 1487 797 1542 inducit
811 1489 1064 1558 praesumptionem
1078 1489 1199 1554 dominii,
1214 1489 1315 1559 quippe
1329 1505 1391 1559 pos·

203 1608 297 1646 sessor
316 1594 502 1662 praesumitur
521 1594 594 1648 iuste
607 1594 747 1664 possidere
766 1596 801 1648 ob
821 1595 865 1648 ios
884 1595 1071 1664 proprietatis.
1085 1624 1120 1636 -
1133 1595 1211 1648 Hanc
1230 1597 1390 1664 opinionem

203 1700 296 1754 secuti
314 1706 382 1754 sunt
399 1701 532 1757 Doctores
549 1719 565 1756 e
583 1702 680 1772 ecbola
698 1701 807 1756 Gallice
825 1706 855 1756 ct
873 1703 959 1756 etiam
978 1701 1006 1755 in
1027 1701 1108 1756 italia
1122 1719 1208 1772 usqne
1227 1702 1260 1756 ad
1280 1707 1391 1757 nostros

205 1808 266 1862 dies
278 1808 374 1878 piures
385 1809 523 1878 prosecuti
537 1814 601 1863 sunt
614 1813 797 1868 tractatores:
811 1810 845 1861 cf.
858 1797 1153 1874 Bonamiei,'nrcnnro
1169 1808 1393 1878 Giuridico,1X,·

206 1913 266 1964 410
283 1929 340 1982 seq.
360 1941 375 1953 ·
393 1912 518 1984 Savigny
536 1914 591 1982 (op.
612 1912 658 1965 cit.
678 1913 750 1982 quod
768 1912 876 1965 consuli
898 1915 989 1980 potest
1016 1911 1042 1964 in
1063 1912 1189 1966 versione
1210 1911 1305 1966 italica
1326 1929 1394 1966 exe·

205 2025 271 2072 rata
288 2037 306 2072 a
325 2017 464 2073 conticini
483 2020 647 2087 Advocato),
666 2025 742 2074 recte
762 2020 903 2089 perspexit
917 2019 1125 2073 fundamentum
1139 2021 1321 2089 possessionis
1335 2037 1391 2075 non

207 2142 287 2194 posse
312 2124 434 2180 inveniri
460 2126 490 2180 iu
513 2127 572 2194 ipso
597 2127 778 2194 possessionis
803 2128 887 2191 iacto,
907 2123 954 2179 sed
974 2125 1097 2180 exterius
1116 2126 1303 2196 quaerendum
1321 2143 1391 2192 esse;

203 2234 279 2304 qnod
299 2233 349 2289 ilie
368 2236 492 2304 reposuit
510 2235 538 2288 in
558 2235 725 2290 necessitate
743 2233 840 2288 sociali
860 2233 1022 2289 defendendi
1041 2236 1145 2288 tactum
1171 2235 1352 2304 possessionis
1372 2253 1390 2289 e

207 2339 353 2393 violentiis
371 2344 400 2394 et
416 2341 680 2408 perturbationibus,
693 2340 828 2393 ailnotens
849 2339 999 2392 interdicta
1013 2340 1080 2392 iuris
1101 2340 1207 2393 romani
1228 2339 1330 2394 habere
1344 2355 1391 2408 po-

206 2444 346 2498 tissimum
361 2445 497 2499 rationem
511 2445 630 2498 aetionis
643 2444 804 2498 criminalis.
819 2473 854 2484 -
868 2445 903 2497 Et
917 2445 945 2498 in
959 2443 1011 2498 hoe
1024 2461 1040 2498 a
1052 2444 1172 2498 veritate
1191 2444 1311 2508 deflexit,
1324 2445 1392 2514 qnia

206 2550 365 2606 huiusmodi
383 2551 534 2605 interdicta
555 2555 683 2620 spectent
703 2551 737 2604 ad
757 2551 938 2619 possessionis
963 2549 1151 2604 defensionem
1177 2549 1248 2602 citra
1268 2548 1393 2602 criminis

204 2656 491 2720 animadversionem
511 2660 540 2710 et
551 2657 657 2710 factum
671 2657 850 2726 possessionis
863 2656 1010 2710 defendere
1022 2654 1201 2710 intenderunt
1214 2655 1299 2710 etiam
1314 2653 1393 2708 nullo

208 2769 328 2832 urgente
347 2765 473 2834 periculo
491 2766 636 2818 turbarum
656 2770 705 2818 aut
724 2764 887 2818 violentiae.
908 2765 945 2817 nt
963 2764 1131 2817 sententiam
1154 2763 1276 2832 Savigoy
1297 2761 1393 2832 plures

205 2871 296 2922 secuti
310 2873 419 2923 suntet
433 2868 573 2938 paulisper
586 2869 615 2922 in
628 2867 714 2922 aliam
726 2870 844 2921 formam
859 2867 1042 2934 detorserunt,
1056 2867 1133 2922 salva
1146 2869 1205 2922 eius
1223 2868 1392 2934 substantia,

207 2974 249 3027 nti
268 2974 350 3028 docet
369 2974 475 3029 Milone
494 2989 538 3043 op.
557 2987 574 3026 s
593 2973 624 3026 Il
639 2991 768 3043 possesso
787 2975 866 3028 delle
886 2990 948 3027 cose
969 2993 983 3028 e
1002 2977 1050 3028 clei
1067 2975 1158 3028 diritti
1177 2992 1192 3027 r
1212 2993 1271 3045 cop.
1293 2975 1315 3036 1,
1329 2977 1347 3040 ἓ
1360 2975 1389 3029 2.

204 3079 279 3140 Quia
297 3079 367 3135 haec
386 3081 491 3150 piacita
509 3097 565 3134 non
584 3080 765 3152 undequaque
785 3098 842 3135 rem
863 3081 1051 3148 confecerant,
1070 3080 1099 3135 in
1124 3080 1272 3135 Germania
1297 3080 1392 3150 plures

205 3189 359 3257 scriptores
377 3203 393 3241 e
411 3185 508 3240 ecbola
527 3185 684 3255 Hegeliana
702 3187 805 3240 iterum
823 3186 853 3239 in
873 3187 933 3256 ipso
952 3191 1027 3257 facto
1053 3186 1233 3255 possessionis
1256 3186 1392 3256 inquisie-

208 3300 274 3349 runt
291 3297 337 3348 ius
355 3293 540 3359 detensionis3
558 3298 588 3349 et
606 3294 680 3348 inter
702 3293 774 3348 aiios
798 3298 924 3364 praestat
949 3293 1072 3350 recolere
1097 3295 1256 3363 opinionem
1280 3295 1394 3364 lhering

204 3400 249 3467 (in
273 3399 379 3454 celebri
404 3415 485 3468 cp«
511 3400 600 3452 Ueber
627 3401 683 3454 den
712 3401 812 3454 Grund
841 3401 891 3453 des
922 3399 1204 3454 Besitaesscbustes»
1224 3399 1319 3454 italice
1334 3399 1394 3453 red-

206 3504 267 3558 dito
285 3522 303 3557 a
322 3503 447 3576 Foriani)
466 3503 513 3574 qni
533 3508 622 3572 putat,
641 3505 843 3572 possessiouem
863 3503 970 3558 defendi
985 3504 1085 3558 debere
1099 3522 1153 3574 pua
1167 3506 1283 3557 dominii
1303 3515 1395 3560 exter-

205 3628 274 3662 nam
291 3611 403 3681 faciem,
423 3608 579 3674 advertens,
599 3607 757 3662 huiusmodi
776 3610 820 3662 ius
844 3607 1032 3678 proprietatis,
1053 3608 1093 3662 nti
1120 3609 1331 3664 fundamentum
1350 3625 1395 3663 or·

205 3713 281 3767 dinis
299 3719 329 3768 et
347 3713 473 3767 iustitiae
492 3713 605 3766 sociatis
623 3713 724 3767 debere
743 3714 853 3783 protegi
867 3713 1032 3783 ubicumque
1054 3718 1169 3768 externe
1182 3721 1324 3784 appareat,
1339 3731 1394 3769 non

207 3821 349 3891 exquisita
368 3821 547 3890 proprietatis
566 3822 739 3890 probatione,
750 3822 852 3892 quippe
873 3821 1037 3875 difficillima
1049 3825 1100 3876 est.
1115 3851 1149 3862 -
1163 3821 1215 3874 Sed
1234 3821 1392 3875 huiusmodi

205 3929 304 3998 opinio
323 3933 367 3982 est
385 3928 610 3998 reiciendaquia
630 3929 703 3982 ratio
721 3928 817 3994 dictat,
831 3932 861 3982 et
881 3929 924 3982 ins
943 3928 1023 3982 docet
1038 3929 1225 3982 Romanorum
1244 3928 1395 3998 aliqnando

210 4035 412 4102 possessionem
431 4035 551 4101 defendi,
561 4033 614 4088 etsi
633 4034 662 4087 in
682 4036 807 4089 confesso
825 4036 871 4102 sit,
893 4051 1076 4104 possessorem
1091 4051 1144 4088 non
1164 4049 1224 4088 esse
1244 4033 1395 4102 dominum,

208 4139 257 4192 sed
275 4155 336 4194 esse
355 4137 576 4208 emphyteutam,
592 4140 849 4209 sequestratarium,
871 4140 1101 4208 pignoratarium,
1121 4143 1170 4192 aut
1189 4157 1247 4194 rem
1267 4139 1395 4208 precario

206 4240 390 4298 detinentem.
409 4271 446 4284 -
464 4239 555 4301 Quare
574 4245 646 4297 ratio
665 4243 770 4298 tutelae
783 4243 964 4312 possessionis
978 4243 1135 4312 reponenda
1149 4249 1191 4298 est
1205 4259 1259 4298 non
1274 4245 1302 4297 in
1315 4248 1392 4315 sacto

210 4347 280 4417 ipso,
298 4349 346 4404 sed
364 4349 394 4403 in
413 4353 578 4405 auctoritate
596 4349 758 4420 legis,qnae
778 4350 980 4418 possessionem
999 4351 1083 4404 certis
1102 4351 1237 4403 munitam
1258 4351 1393 4405 conditio·

211 4457 292 4512 nibus
305 4458 504 4514 defendendam
517 4459 642 4514 decernit
655 4474 704 4526 pro
717 4460 790 4513 bono
801 4459 980 4528 reipublicae.
995 4458 1034 4513 Cf.
1051 4459 1174 4529 Roggeri
1190 4478 1232 4530 op.
1248 4462 1290 4514 cit.
1305 4465 1322 4524 ἓ
1339 4462 1391 4513 54.
