3350 5117
382 269 449 336 452
908 291 991 340 ress
1016 292 1037 337 1.

382 415 451 478 rari
464 415 563 500 possit
574 414 701 480 fructus
715 415 756 479 ad
772 415 986 502 frangendam
1003 419 1238 482 contumaciam
1254 419 1282 482 si
1299 418 1382 482 haec
1392 418 1511 492 habeatur

382 559 467 625 quee
482 546 590 606 tamen
607 541 763 606 adsersus
777 549 926 627 agentem
944 545 977 608 in
992 543 1177 629 longinquis
1189 544 1271 609 locis
1286 544 1441 631 aliquando
1452 554 1515 610 eene

381 667 533 733 constitui
557 687 620 731 nou
645 673 749 752 potest
771 666 811 732 ob
834 666 964 732 dubium
988 687 1031 732 an
1055 670 1167 734 nuntia
1190 675 1224 736 et
1246 671 1404 736 citationis
1421 669 1514 734 decretu

381 785 423 852 ed
447 806 544 852 aures
566 789 778 872 pervenerint
800 789 888 852 citati
912 788 968 874 (l).

469 3327 510 3396 (Ι)
531 3327 646 3382 Demum
669 3329 704 3382 ad
728 3329 912 3386 intentionem
937 3331 1005 3384 iuris
1026 3329 1212 3400 Decretelium
1234 3331 1467 3402 perspiciendam¹
1481 3327 1533 3380 iurat

380 3432 602 3488 animadvertere
628 3437 656 3487 in
680 3437 739 3505 ipso
759 3452 818 3505 cap.
839 3435 853 3487 1
877 3437 903 3489 t
922 3445 940 3488 t.
955 3435 1124 3490 'Pontificem
1151 3435 1357 3490 innocentium
1384 3437 1419 3490 Ill
1436 3445 1535 3500 recrees*

380 3541 462 3604 risse,
484 3559 582 3594 causas
607 3542 827 3596 matrimoniales
844 3543 990 3612 exquirere
1009 3543 1208 3612 particularem
1231 3544 1396 3616 aliquando
1415 3554 1536 3615 pronosim

304 3716 307 3721 ¹
378 3652 408 3704 et
426 3644 604 3714 celeriorem3
623 3650 670 3703 sed
689 3649 860 3703 solummodo
878 3649 987 3720 quando
1007 3651 1101 3720 egitur
1119 3651 1155 3705 de
1168 3651 1274 3706 valore
1296 3655 1410 3707 sinmli
1428 3647 1535 3702 maine»

376 3758 472 3823 niolo,
492 3773 547 3810 nou
575 3756 609 3810 de
637 3755 700 3809 aliis
727 3757 860 3810 connexis
887 3757 991 3822 causis;
1011 3774 1045 3811 en
1068 3757 1435 3815 ve1·ba:‹Consultatioui
1458 3765 1535 3810 rete?

377 3861 476 3916 taliter
495 3863 691 3931 respondemus
708 3863 780 3933 quod
799 3862 866 3916 licet
885 3863 951 3916 ordo
971 3861 1133 3916 iudiciarius
1158 3864 1186 3915 in
1212 3862 1286 3918 aliis
1313 3857 1532 3920 commississe

375 3969 539 4034 servandus
559 3970 635 4024 etin
654 3969 906 4023 matrimonialibus
925 3970 1016 4023 causis
1037 3986 1089 4023 non
1111 3986 1325 4042 usquequaque
1345 3979 1478 4028 servetur:
1493 3963 1536 4034 qufft

378 4083 474 4134 tamen
494 4081 524 4134 in
543 4080 681 4148 praesenti
701 4079 814 4149 negotio
832 4095 886 4132 non
907 4087 949 4133 est
968 4082 1060 4133 actum
1079 4078 1113 4134 de
1132 4079 1247 4134 loedere
1270 4083 1447 4140 matrimonii
1467 4077 1502 4134 sel
1514 4073 1530 4122 d

377 4186 496 4242 crimino
515 4185 645 4239 adulterii
666 4188 725 4254 (per
744 4186 815 4255 quod
836 4185 869 4238 ad
889 4186 1092 4254 separationem
1109 4185 1246 4255 coniugii,
1262 4205 1325 4244 non
1346 4193 1381 4246 ad
1400 4184 1534 4246 coniuncti*

376 4305 442 4343 nem
462 4289 635 4358 intenditur),
649 4289 714 4358 quie
732 4287 783 4342 lite
802 4304 858 4341 non
877 4293 1034 4342 contestata
1053 4292 1139 4342 testes
1159 4293 1212 4342 etc.
1230 4309 1259 4346 a.
1278 4293 1393 4351 Exinde
1410 4297 1476 4366 petel
1488 4285 1535 4343 nt·

376 4393 471 4447 facilis
492 4411 654 4463 progressus
673 4393 706 4445 ad
726 4392 886 4447 hodiernam
906 4395 1021 4462 praxim.
