3350 5117
310 286 375 351 142
733 320 738 331 ·
832 304 916 350 raas
940 302 962 349 1.

309 432 392 493 suut.
419 428 460 493 Ut
482 446 539 491 suo
562 426 689 491 muneri
713 426 899 495 satisfaciat,
915 432 982 491 turn
1006 424 1089 488 bono
1113 422 1240 508 publico
1260 441 1316 486 seu
1333 420 1485 493 iustitiae,

309 553 377 613 tum
401 548 527 613 clientis
551 548 678 613 utilitati
703 548 893 626 inserviens,
918 546 1000 610 haec
1022 564 1158 609 servare
1181 543 1295 608 debet:

401 674 431 757 l)
456 692 497 738 ne
521 674 671 737 iustitiam
695 673 811 753 laedat,
828 692 885 737 aas
900 690 1014 736 causas
1029 669 1247 759 tantummodo
1262 666 1486 733 defendendas

310 797 475 880 suscipere
491 796 594 877 debet,
608 816 690 880 quae
703 797 815 862 saltem
824 795 1050 879 probabiliter
1067 796 1130 859 iuri
1146 796 1328 860 innituntur
1341 797 1373 856 et
1387 790 1490 857 semel

311 923 475 1004 susceptas
494 938 533 983 ea
550 920 751 1004 patrocinari
775 918 871 985 debet
893 918 1060 1004 diligentia
1075 922 1108 983 et
1125 916 1303 981 mediorum
1320 915 1489 979 honestate

311 1048 346 1107 ut
367 1044 418 1107 ius
441 1046 541 1128 partis
565 1042 703 1110 fideliter
727 1052 759 1110 et
781 1046 924 1131 legitime
947 1050 1152 1130 protueatur:

400 1166 433 1253 2)
458 1188 499 1232 ne
523 1169 674 1237 clientem
697 1190 777 1235 vern
801 1168 949 1267 decipiat,
973 1190 1029 1267 aas
1052 1188 1166 1257 caussas
1196 1164 1414 1271 detendendae
1441 1184 1490 1230 as·

460 1244 652 1261 ‘Um
1291 1248 1474 1271 W

311 1312 442 1358 sumere
465 1314 529 1357 non
554 1293 649 1359 debet
671 1314 754 1379 quae
770 1296 829 1359 etsi
846 1296 950 1359 iustae
972 1296 1044 1365 sint,
1060 1299 1169 1359 armen
1184 1291 1224 1357 de
1240 1292 1326 1356 facto
1342 1289 1489 1354 omuibus

312 1404 488 1505 perpensis,
506 1428 583 1505 puta
606 1421 645 1490 ab
662 1420 822 1485 delectum
839 1419 1071 1505 probationum,
1086 1419 1127 1484 ad
1143 1424 1268 1484 certum
1285 1418 1404 1481 malurn
1421 1417 1491 1481 exi·

311 1553 380 1611 tum
404 1566 561 1612 evasurae
585 1552 668 1612 sunt.
686 1546 871 1612 Advocatus
894 1546 934 1611 de
958 1546 1020 1611 hac
1040 1545 1124 1629 facti
1139 1544 1323 1611 conditione
1338 1543 1489 1609 clientem

314 1672 487 1735 certiorem
510 1671 609 1737 faciat
631 1670 687 1756 (l);
712 1674 738 1735 si
763 1672 865 1735 cliens
887 1692 966 1735 vero
982 1671 1033 1735 his
1050 1690 1114 1734 non
1131 1668 1329 1735 obstantibus
1345 1688 1402 1733 suo
1417 1670 1491 1732 iure

313 1796 426 1875 fretae,
450 1792 600 1859 iudicium
624 1794 769 1878 experiri
800 1794 894 1875 velit,
924 1794 1043 1879 poterit
1073 1792 1248 1857 advocatus
1279 1808 1409 1856 causam
1434 1789 1488 1855 de·

313 1915 447 1982 tendere
478 1914 518 1979 ob
548 1916 702 1980 iustitiam
734 1934 850 1979 causae
884 1913 1114 1979 intrinsecam.
1140 1950 1181 1961 -
1205 1913 1361 1998 Suscepto
1388 1911 1491 1977 semel

313 2060 419 2113 causa,
436 2039 522 2104 hanc
541 2038 695 2104 deserere
717 2040 853 2125 amplius
870 2059 932 2103 non
949 2044 1062 2125 potest,
1080 2040 1179 2103 invito
1194 2040 1337 2125 legitime
1355 2038 1487 2113 cliente,

315 2167 463 2247 excepto*
476 2180 552 2227 casu
569 2180 630 2244 quo
648 2182 774 2227 causam
791 2164 940 2227 iniustam
965 2182 1035 2227 esse
1050 2162 1231 2247 detegatur.
1248 2198 1293 2209 -
1309 2164 1490 2226 Praeterea
1569 2219 1573 2228 .

315 2286 341 2349 si
366 2304 462 2351 causa
485 2284 632 2369 postulet,
659 2285 898 2371 religiosissime
921 2287 1082 2351 silentium
1098 2305 1156 2350 seu
1171 2290 1333 2351 secretum
1349 2287 1390 2351 de
1405 2305 1490 2351 corn·

315 2412 410 2475 misso
434 2412 564 2497 negotio
581 2410 775 2475 seruandum
792 2417 850 2476 est.
869 2448 910 2459 -
928 2410 974 2477 af.
993 2411 1133 2496 Pirhing
1148 2412 1193 2475 til.
1211 2411 1262 2476 Do
1272 2418 1360 2493 post.
1376 2432 1411 2476 a.
1428 2411 1492 2482 22.

315 2531 605 2617 Schmalzgrueber
636 2533 709 2599 eod.
735 2532 781 2598 til.
805 2554 840 2598 a.
863 2534 907 2599 15
930 2552 997 2617 seq.
1023 2537 1056 2597 et
1084 2534 1197 2597 Devoti
1224 2534 1285 2598 Ius
1314 2534 1391 2599 eccl.
1416 2534 1491 2600 eorl.

316 2657 362 2721 til.
386 2658 408 2739 g
432 2657 464 2721 4.

408 2781 479 2847 110.
497 2780 681 2865 Admana
705 2784 862 2866 nunquia
885 2788 994 2848 tuetur
1018 2784 1178 2863 iustitiam,
1199 2781 1284 2866 quod
1303 2787 1353 2847 est
1374 2801 1494 2847 munus

316 2904 405 2969 nullo
428 2908 533 2991 pretio
557 2906 763 2979 aestimabile,
791 2908 848 2972 sed
866 2908 947 3003 guia
976 2908 1086 2998 clienti
1118 2927 1251 3007 operam
1276 2907 1419 2993 praebet,
1444 2910 1494 2973 sui

314 3028 437 3096 laboris
461 3030 643 3096 mercedem
674 3032 793 3116 pacisci
817 3037 937 3116 potest;
962 3038 995 3097 et
1025 3033 1101 3096 hinc
1134 3052 1269 3112 merces,
1303 3037 1337 3096 ul
1368 3033 1410 3096 sit
1438 3031 1496 3097 hc

316 3352 402 3415 ribus,
418 3354 447 3402 in
466 3353 550 3405 rebus
568 3368 652 3420 saepe
667 3352 834 3426 publicisne
851 3352 971 3421 priuatis
985 3353 1064 3420 lapsa
1084 3353 1203 3422 erigunt,
1216 3354 1335 3424 scripula
1347 3365 1495 3423 reparant,

318 3470 373 3509 noa
391 3455 483 3506 minus
499 3454 649 3523 procident
666 3455 787 3506 humano
806 3455 907 3522 paneri
924 3471 1009 3522 quam
1032 3454 1058 3505 si
1078 3454 1199 3523 praeliis
1220 3465 1302 3536 atquo
1323 3456 1490 3510 uulneribus

314 3562 439 3629 patriam
454 3569 642 3629 parastosque
668 3558 818 3611 salvarant.
838 3558 900 3611 Nec
922 3560 998 3611 enim
1021 3560 1098 3611 solos
1115 3569 1209 3612 nostro
1229 3560 1347 3629 iamet-io
1369 3561 1496 3614 militare

319 3668 461 3720 credimus
479 3666 548 3718 illos
566 3667 614 3735 qui
626 3665 738 3735 gladiis,
752 3666 859 3735 clypcis
872 3674 898 3718 et
918 3666 1075 3719 thoracibus
1094 3667 1292 3732 nituntur,sed
1309 3668 1393 3720 otiam
1411 3668 1498 3721 aduo-

317 3784 407 3841 catos;
425 3774 548 3827 militant
565 3790 685 3841 nauaque
704 3788 853 3825 causarum
870 3774 984 3841 patroni
1000 3775 1049 3842 qui
1066 3774 1208 3845 gloriosae
1226 3775 1302 3826 uocis
1320 3775 1418 3843 confisi
1435 3792 1499 3828 mu·

317 3882 422 3933 uimine
442 3880 630 3933 laborantium
649 3896 734 3949 spem,
755 3882 885 3933 vitamet
900 3891 1030 3949 postcras
1048 3883 1204 3952 defendunt
1225 3899 1248 3933 ».

407 3986 447 4056 (l)
467 3985 579 4040 Lessius
599 3986 651 4051 (Do
672 3984 741 4039 Just.
762 3995 786 4039 ot
806 3984 866 4037 Iar.
887 3986 945 4039 Lib.
965 3987 994 4051 2,
1014 4005 1035 4039 c.
1055 3987 1100 4054 31,
1119 3988 1205 4041 dubit.
1232 3988 1261 4053 8,
1280 4006 1308 4043 a.
1328 3988 1381 4053 48)
1400 3987 1497 4043 docet:

317 4088 462 4148 «Quando
481 4087 654 4159 (advocatus)
673 4092 767 4144 tuetur
784 4105 897 4143 causam
916 4105 999 4159 quam
1018 4089 1139 4145 advertit
1158 4108 1218 4147 esse
1238 4092 1372 4163 iniquam,
1385 4098 1500 4147 tenatur

319 4196 353 4249 ad
373 4195 578 4250 restitutionem
598 4196 721 4249 omnium
740 4196 911 4263 damnorum,
919 4213 990 4267 quae
1009 4198 1086 4267 parti
1107 4199 1260 4252 obveniunt
1285 4199 1395 4254 ratione
1414 4198 1498 4253 illias

319 4298 467 4367 patrocinii
492 4304 521 4354 et
545 4316 729 4369 expensarum
756 4300 893 4353 factarum
918 4304 948 4355 et
971 4316 1066 4355 eorum
1092 4303 1214 4356 omnium
1240 4319 1313 4373 quae
1343 4319 1392 4372 par
1418 4302 1501 4358 litem
1526 4327 1530 4333 ·

319 4402 455 4459 amisit».
