3350 5117
474 346 518 393 un
542 346 682 394 runicus
710 345 977 393 nccnasmsricis
1250 328 1318 393 519

135 468 379 555 probationibus
394 469 624 553 impugnentur
638 472 672 533 et
687 466 908 531 destruantur.
922 502 965 512 —-
979 466 1065 531 Hinc
1081 467 1140 550 ipsi
1153 470 1251 530 testes
1264 468 1317 549 qui

136 594 389 679 subscripserint
403 596 498 677 actui,
516 594 568 659 vel
591 598 690 659 testes
714 594 930 659 instrumento
946 593 1093 657 extranei
1117 595 1250 675 possunt
1272 592 1319 655 in·
1360 593 1365 606 ‘

135 721 250 786 vocari
272 720 312 785 ad
344 719 541 805 probandam
565 719 620 785 vel
644 716 871 783 infirmandam
895 720 959 782 vim
988 698 1192 781 instrumenti
1223 736 1265 781 ex
1288 736 1318 783 c.

135 863 168 911 c.
191 844 243 925 10,
266 843 316 909 De
338 844 396 929 fid.
419 844 496 909 inst.
518 848 551 911 et
572 843 606 923 5,
632 842 685 908 De
702 841 803 927 prob.
829 842 871 907 X.

228 965 303 1030 513.
330 964 551 1030 instrumenta
573 966 700 1049 privata
717 962 911 1047 subscripta
934 960 1028 1027 fidem
1051 963 1175 1027 faciunt
1188 962 1223 1025 in
1244 961 1317 1026 foro

134 1091 255 1157 eccles.
289 1094 380 1156 iuxta
410 1092 603 1178 principium
632 1090 839 1155 enunciatum
870 1090 904 1153 in
934 1094 995 1153 art.
1019 1088 1085 1154 615
1108 1088 1180 1155 cod.
1215 1088 1316 1174 Grep.

135 1219 206 1291 cit,
230 1238 360 1303 nempe:
387 1236 405 1281 u
433 1218 634 1301 Scripturue
659 1215 820 1299 priuatae
838 1217 982 1297 plenum
1007 1214 1247 1298 probationem
1267 1215 1318 1297 fa-

134 1342 233 1407 ciunt
255 1342 292 1407 in
315 1342 442 1409 iudicio
466 1342 703 1408 adversaturos
726 1339 786 1426 qui
809 1340 888 1405 illas
905 1338 1186 1421 mosaipsauat,
1212 1339 1318 1405 donec

133 1468 339 1551 subsatptio
364 1468 465 1553 lopati
487 1466 589 1534 modo
605 1486 675 1532 non
697 1464 805 1548 fuerit
828 1438 1054 1547 reprobata».
1080 1464 1140 1530 Ille
1163 1466 1247 1528 enim
1264 1465 1318 1547 qui

132 1590 288 1677 producit
320 1592 568 1656 instrumentum
592 1592 619 1653 *a
642 1608 677 1653 se
701 1587 918 1672 subscriptum
941 1587 1127 1672 implicitam
1150 1588 1215 1653 edit
1237 1606 1318 1655 con·

131 1716 320 1799 scurionem
350 1716 390 1782 de
414 1718 552 1781 veritate
584 1715 743 1780 factorum
768 1713 810 1779 ibi
843 1714 1087 1798 descriptorum,
1113 1733 1194 1798 quae
1218 1714 1344 1799 perti.

132 1841 221 1904 nent
242 1836 281 1901 ad
306 1856 375 1902 rem
400 1841 653 1901 controversam.
677 1871 723 1883 -
747 1836 925 1900 Praeterea
952 1837 1004 1918 qui
1029 1836 1275 1900 instrumentum
1299 1853 1319 1897 a

133 1982 179 2027 se
203 1960 414 2046 subscriptum
438 1966 472 2025 et
494 1960 534 2025 ab
555 1959 743 2033 adversario
769 1959 962 2043 productum
986 1977 1051 2023 non
1075 1956 1237 2043 reprobat,
1262 1957 1317 2022 de-

131 2092 323 2151 monstrans
335 2086 398 2151 hoc
411 2106 475 2151 non
489 2105 560 2151 esse
576 2086 760 2169 genuinum,
776 2086 839 2147 iam
853 2083 974 2148 fatetur
989 2075 1268 2156 instrumentrima
1283 2102 1319 2148 se
1381 2081 1385 2087 “

131 2210 240 2275 fuisse
263 2208 487 2293 subscriptum,
504 2216 538 2274 et
558 2208 635 2273 hinc
658 2214 803 2293 apertam
827 2208 997 2272 continere
1020 2206 1255 2273 confessionem
1274 2207 1319 2269 in·

129 2335 293 2399 tentionis
316 2333 505 2399 adversarii.
519 2369 562 2382 -
575 2332 791 2407 Quamobrem
818 2332 1032 2397 instrumenta
1054 2332 1180 2415 privata
1203 2331 1319 2415 quippe

131 2478 225 2543 quae
247 2458 375 2544 publica
397 2455 459 2523 fide
483 2478 547 2523 non
564 2456 713 2542 gaudent,
732 2476 798 2521 non
823 2461 899 2520 sunt
912 2454 1068 2539 probatio
1087 2454 1246 2537 probata,
1263 2455 1318 2519 sed

123 2584 295 2670 probatio
315 2584 521 2669 probanda;
544 2583 709 2669 probanda
733 2584 886 2648 nimirum
910 2603 970 2669 per
993 2583 1246 2668 recognitionem
1262 2602 1320 2646 seu

127 2709 366 2775 admissionem
382 2710 465 2774 illius
490 2709 579 2774 cuius
603 2708 740 2773 interest
763 2728 802 2772 ea
820 2706 999 2792 reprobare
1022 2706 1319 2781 inst1·umenta;rel

129 2853 200 2921 per
218 2834 281 2898 alia
293 2833 397 2898 media
413 2832 645 2918 probationum.
660 2828 707 2896 Cf.
723 2830 769 2895 De
785 2830 883 2909 Luca,
897 2830 948 2894 De
961 2829 1031 2895 iud.
1045 2828 1134 2894 Dirc.
1147 2830 1199 2894 29
1212 2850 1246 2893 u.
1259 2828 1320 2892 20.

232 2955 315 3030 Quia
338 2956 464 3039 privata
483 2956 698 3020 instrumenta
721 2972 786 3019 non
811 2973 905 3019 secus
924 2972 963 3017 ac
986 2951 1114 3038 publica
1131 2952 1323 3017 ordinantur

130 3080 182 3146 ad
207 3079 335 3165 aliquod
358 3080 476 3145 factum
501 3079 710 3165 probandum,
736 3082 762 3144 si
787 3081 858 3163 quis
882 3078 1038 3164 producat
1058 3080 1216 3165 privatam
1240 3081 1321 3145 scri·

125 3211 308 3293 pturama
332 3223 366 3269 se
390 3204 606 3290 subsignatam
623 3205 747 3289 sibique
768 3204 994 3276 favorabilem.
1011 3205 1091 3269 nihii
1115 3204 1230 3289 probat
1246 3224 1319 3287 quo·

127 3350 243 3414 usque
267 3330 473 3396 adversarius
497 3329 582 3395 hanc
613 3332 658 3395 uti
690 3349 802 3395 veram
829 3336 862 3394 et
885 3330 1057 3415 genuinam
1088 3350 1151 3393 non
1174 3328 1321 3397 admittat

124 3452 192 3518 vel
219 3452 403 3539 producens
425 3471 536 3517 veram
561 3458 593 3516 et
616 3454 788 3537 genuinam
816 3471 888 3516 esse
912 3470 975 3515 non
999 3450 1121 3536 probet.

235 3576 314 3641 Nam
327 3577 421 3641 sicuti
438 3577 508 3659 quis
523 3594 587 3639 non
603 3574 747 3640 creditur
763 3593 916 3639 asserens
927 3574 1047 3639 factum
1060 3573 1118 3639 sibi
1130 3572 1318 3654 favorabile,

124 3703 204 3767 nisi
228 3702 434 3769 adversarius
456 3701 540 3766 idem
563 3701 709 3767 admittat
732 3706 764 3765 et
788 3721 902 3765 rerum
927 3707 1150 3785 recognoscat,
1166 3703 1242 3767 item
1257 3707 1320 3769 sta·

123 3825 244 3895 tuitur
266 3825 307 3891 de
330 3828 552 3892 instrumentis
575 3827 719 3911 privatis,
739 3845 820 3909 quae
844 3826 1030 3910 implicitam
1053 3827 1218 3890 continent
1240 3846 1319 3891 con·

120 3946 323 4032 fesm'onem
348 3949 483 4014 alicuius
507 3948 600 4024 facti;
626 3952 658 4013 et
680 3948 811 4034 planum
836 3955 894 4012 est.

234 4074 292 4139 Ille
315 4095 397 4139 vero
421 4076 486 4159 qui,
504 4074 685 4160 producens
702 4076 951 4140 instrumentum
968 4076 1139 4159 privatum,
1157 4076 1321 4141 contendit

52 4208 56 4213 '
119 4202 169 4263 in
190 4198 242 4261 sni
260 4196 405 4263 favorem
421 4196 484 4262 hoc
504 4197 724 4262 authenticum
743 4216 814 4261 esse
834 4201 867 4261 et
882 4198 1065 4282 genuinum,
1082 4196 1166 4261 idem
1181 4196 1321 4281 probare

122 4318 248 4385 debet.

233 4442 309 4509 514.
335 4444 465 4509 Constat
488 4462 567 4507 vero
591 4441 630 4506 de
653 4442 770 4508 horum
795 4444 1010 4528 genuinitate:
