3350 5117
512 312 556 358 aa
580 311 717 358 matous
741 309 1006 358 accusstasmcis
1282 287 1346 352 211

166 434 246 520 quid
261 433 453 508 faciendum,
469 433 696 519 praestandum
712 431 768 518 (Ι).
782 432 968 498 Relatioues
992 434 1078 498 enim
1100 433 1269 502 inridicae
1286 454 1351 500 om-

170 581 239 633 ues,
263 560 317 625 rel
339 558 430 624 nobis
453 557 635 624 immediate
658 559 797 644 aliquam
819 578 895 626 rem
919 563 1041 624 certam
1066 557 1280 646 adstringunt,
1298 562 1350 627 vel

167 683 310 768 aliquam
340 703 511 770 personam
535 683 721 749 devinciunt
743 682 784 748 ad
814 682 943 766 aliquod
967 682 1089 750 iactum
1112 683 1294 768 ponendum
1318 686 1350 750 iu

169 814 316 874 noemam
338 809 516 875 utilitatem.
531 843 576 856 -
592 807 684 876 Unde
700 808 751 873 ius
764 808 859 900 mole
882 827 939 874 seu
962 807 999 874 in
1022 828 1104 880 rem,
1120 813 1172 908 est
1195 809 1353 894 illudque

170 933 281 1016 aliqua
302 953 358 997 res
380 938 492 997 nostra
514 938 578 1008 est;
602 934 651 998 ius
673 932 711 997 in
728 951 919 1016 personam
943 952 1000 998 seu
1023 931 1184 1018 obligatio,
1199 933 1352 1028 astiagis

173 1027 669 1172 &anonomaston
682 1057 916 1144 ,abstraatur
945 1057 992 1128 aa
1022 1057 1155 1142 nanta,
1185 1057 1356 1136 (tanta,

169 1177 676 1284 [Qnm‚proestandnn;
699 1198 742 1242 ex
766 1179 785 1244 l.
810 1176 892 1262 317⁹.
920 1177 970 1244 De
993 1177 1057 1244 obl.
1082 1183 1114 1244 et
1136 1184 1199 1244 aet.
1216 1213 1260 1228 -
1285 1179 1355 1246 Non

173 1323 269 1368 secus
292 1303 443 1389 obligatio
458 1300 644 1369 delinitura
659 1303 847 1375 lastiniam,
867 1303 949 1368 inst.
974 1299 1047 1388 (ΙΙΙ,
1067 1303 1138 1388 13):
1157 1323 1174 1365 t
1191 1301 1354 1388 oottpatto

172 1435 225 1496 est
247 1428 334 1494 iuris
355 1429 530 1494 vinculum
545 1448 612 1513 quo
634 1427 829 1496 necessitate
844 1427 1095 1513 adstringimur
1115 1427 1262 1494 alicuine
1288 1429 1356 1495 sol-

175 1554 308 1620 uendae
329 1554 390 1628 rei,
413 1553 600 1621 secundum
622 1559 761 1621 nostrae
783 1555 926 1621 ciuitatis
955 1553 1034 1619 iura
1050 1573 1080 1618 a.
1103 1553 1165 1618 Sed
1196 1554 1279 1618 haec
1303 1573 1356 1638 po-

174 1684 301 1744 strema
315 1677 417 1742 verba
431 1677 600 1764 designaut
615 1677 841 1762 obligationem
858 1678 1000 1751 ciuilem,
1018 1697 1133 1764 nempe
1155 1677 1355 1762 recognitam

76 1831 84 1844 ·
175 1809 212 1870 et
225 1803 392 1870 defensam
414 1823 435 1867 a
456 1803 528 1868 iure
544 1803 647 1878 cirili3
664 1823 747 1888 quae
761 1804 864 1869 verba
880 1805 906 1869 si
923 1803 1102 1883 demantur,
1121 1808 1268 1870 remanet
1285 1821 1360 1868 cou-

177 1935 292 2015 ceptus
308 1927 511 2015 obligationis
532 1929 608 1995 iure
630 1912 783 1993 natarali
799 1931 988 2002 consistens,
1004 1927 1196 1994 abstrahens
1212 1947 1232 1991 a
1248 1927 1363 1992 defeu-

177 2057 272 2122 sione
295 2056 325 2120 ei
348 2074 503 2120 concessa
524 2055 577 2119 vel
600 2061 718 2140 negata
740 2073 763 2119 a
784 2055 861 2120 iure
885 2055 974 2121 civili
991 2053 1048 2141 (2).

272 2174 922 2280 Qrffluppmdita-suntmlmuum
946 2197 1098 2264 suprema
1112 2197 1244 2264 genera,
1270 2179 1361 2242 nimi-

181 2319 255 2367 rum
271 2301 415 2396 actiones
429 2299 539 2390 reales
554 2319 612 2365 seu
627 2301 661 2364 iu
676 2319 746 2365 rem
756 2320 764 2376 ;
776 2303 978 2384 personales
993 2321 1050 2367 seu
1066 2303 1099 2366 in
1115 2321 1289 2387 personam
1303 2299 1361 2386 (3).

274 2491 314 2563 (Ι)
333 2491 374 2545 Cl.
394 2492 528 2562 Ruggeri,
547 2492 565 2547 l.
585 2511 618 2560 a,
637 2500 655 2560 ἓ
677 2495 687 2550 l
709 2495 799 2561 docet,
818 2501 924 2550 rectam
944 2513 1003 2551 esse
1023 2496 1238 2566 appellationem
1258 2498 1365 2549 iuriam

181 2601 308 2654 realium
326 2601 372 2655 uel
389 2601 495 2654 iuriam
513 2603 542 2654 in
555 2619 616 2655 rem
633 2613 683 2656 aut
695 2607 723 2655 in
741 2621 789 2670 τες
808 2620 893 2674 quum
908 2603 1034 2657 nonnulli
1054 2607 1201 2656 autument
1221 2602 1290 2656 baec
1304 2603 1366 2655 iura

182 2707 352 2778 appellanda
370 2724 431 2762 esse
450 2709 549 2774 realia,
567 2709 614 2763 sed
634 2726 689 2762 non
708 2712 737 2762 in
755 2728 825 2776 rem,
845 2715 894 2764 aut
913 2711 941 2763 in
960 2727 1001 2764 re.

257 2817 298 2886 (2)
317 2815 406 2869 ilomo
423 2817 492 2868 iuris
509 2819 662 2870 subiectum
680 2821 739 2883 est;
760 2833 803 2870 res
821 2831 888 2871 vero
914 2821 1050 2887 quatenus
1075 2817 1108 2870 ad
1135 2815 1254 2870 hominis
1277 2815 1366 2886 patri·

184 2923 310 2976 monium
338 2939 368 2976 se
395 2923 521 2976 referunt
543 2924 678 2976 obiectum
703 2923 772 2976 iuris
795 2924 874 2976 fiunt.
895 2923 1000 2978 Exinde
1029 2923 1144 2990 iuribus,
1163 2924 1295 2976 abiectius
1326 2919 1369 2972 ita

187 3031 329 3100 inspectis,
347 3047 448 3084 nomen
472 3032 714 3100 patrimoniolium
739 3032 804 3084 dari
826 3030 907 3098 solet,
927 3035 955 3084 et
980 3029 1049 3084 haec
1071 3031 1283 3100 patrimonialia
1306 3028 1368 3080 iura

183 3137 348 3190 dividuntur
365 3138 395 3190 iu
414 3137 479 3189 iura
497 3139 589 3190 realia
607 3143 636 3191 et
654 3140 719 3192 iura
737 3139 946 3208 obligationum.

260 3243 300 3314 (3)
319 3243 352 3296 Cl
375 3243 509 3313 Ruggeri,
518 3261 561 3314 op.
575 3246 631 3311 cit,
642 3245 660 3298 l.
674 3263 706 3310 c,
717 3245 907 3316 probabilibus
920 3246 1092 3314 argumentis
1105 3245 1285 3309 demonstrat,
1296 3243 1369 3297 hanc

184 3349 395 3404 distinctionem
413 3349 555 3403 actionum
574 3366 628 3404 non
647 3367 707 3404 esse
725 3350 838 3404 omnino
862 3351 1059 3415 necessariam,
1079 3349 1209 3404 videlicet
1229 3364 1283 3400 non
1302 3364 1369 3402 esse

188 3453 368 3524 repetendam
383 3452 488 3522 abipsa
501 3453 672 3508 obiectorum
683 3457 790 3519 natura,
800 3453 848 3506 sed
860 3452 950 3522 potius
964 3453 1050 3508 aiore
1062 3453 1187 3522 positivo.
1200 3453 1269 3505 Nam
1284 3451 1359 3505 actio
1366 3489 1374 3514 ‚

188 3560 232 3613 uti
249 3560 307 3612 iam
325 3557 477 3625 docuimus,
494 3574 604 3629 semper
622 3561 748 3613 continet
765 3559 951 3614 intentionem
971 3565 1000 3614 et
1018 3560 1074 3612 vim
1094 3559 1270 3622 defensionis,
1285 3574 1369 3628 quam

187 3667 213 3748 si
232 3671 335 3736 agatur
353 3665 388 3720 de
400 3667 460 3722 iure
473 3666 621 3736 personali,
631 3667 790 3735 experimur
807 3667 939 3720 adversus
953 3666 1030 3720 illam
1049 3683 1195 3737 personam
1209 3667 1288 3720 nobis
1301 3666 1372 3720 obli·

188 3781 301 3843 gatam;
320 3773 345 3826 si
362 3773 396 3828 de
409 3774 469 3829 iure
483 3775 560 3842 reali,
573 3775 704 3829 adversus
716 3791 903 3846 quoscumque
918 3777 1079 3845 experimur
1092 3775 1139 3846 qui
1159 3774 1278 3828 liberum
1293 3789 1372 3828 exer·

189 3882 290 3935 citium
308 3885 358 3935 aut
376 3883 520 3951 pacificam
533 3884 732 3954 possessiouem
746 3901 839 3938 rerum
853 3889 1010 3938 nostrarum
1024 3885 1104 3938 nobis
1123 3884 1286 3954 impediunt.
1301 3885 1372 3938 Nam

192 3987 296 4042 iudicia
313 3989 400 4066 etiam
418 3988 506 4044 realia
524 4006 633 4061 semper
651 3993 795 4060 agitantur
813 3991 888 4045 iuter
907 3990 975 4044 duos
994 3992 1077 4058 cives,
1100 4009 1218 4063 quorum
1237 3993 1311 4047 alter
1330 3993 1373 4047 al-

192 4094 281 4147 terius
299 4094 449 4148 intentioni
469 4095 629 4150 satisfacere
650 4097 741 4150 debet
762 4095 950 4150 Nihilominus
973 4096 1034 4152 iure
1062 4097 1218 4168 meritoque
1246 4099 1374 4162 Romani,

193 4201 402 4272 perspicuitatis
413 4203 514 4272 gratia,
527 4203 556 4256 in
571 4204 639 4257 duas
650 4205 753 4260 classes
772 4221 923 4274 supremas,
936 4205 1062 4258 actiones
1080 4205 1263 4275 deduxerunt,
1278 4211 1307 4261 et
1320 4205 1373 4260 hoc

193 4309 320 4380 apprime
338 4309 485 4380 respondet
504 4309 693 4380 philosophiae
711 4312 781 4366 iuris
799 4329 948 4383 rerumque
968 4317 1094 4368 naturae.
1109 4341 1142 4355 -
1156 4312 1228 4368 Hinc
1246 4314 1302 4368 rite
1321 4313 1373 4367 ad·

194 4419 282 4473 vertit
298 4418 402 4490 Mayuz
420 4417 523 4490 (Coum
542 4420 577 4474 de
595 4423 670 4475 droit
688 4423 799 4475 romain
819 4420 841 4473 Ι.
865 4421 915 4486 76,
935 4422 1071 4476 observat.
1086 4421 1117 4494 2)
1137 4423 1299 4492 negativam
1315 4439 1376 4477 esse
