3350 5117
759 675 872 741 eninr
904 677 931 741 Ι.

550 884 602 939 DE
635 884 1065 942 TRANSAOTIONIBUS
1090 886 1139 957 (l).

591 1050 595 1061 .
615 1030 666 1071 Huc
682 1028 795 1072 reseratur
808 1028 854 1099 Tit.
864 1028 899 1084 36,
912 1031 945 1073 os
954 1030 1036 1073 Trans.
1045 1029 1076 1073 X.

259 1222 477 1283 Summarinm.
496 1254 530 1266 -
549 1226 574 1279 6.
595 1224 765 1294 Transactis,
785 1227 845 1281 siva
865 1225 922 1281 lete
940 1226 998 1281 sive
1017 1226 1114 1281 stricte
1133 1230 1252 1296 sumpta,
1270 1230 1314 1282 est
1331 1226 1438 1297 sp'eciea

346 1335 506 1386 contractus
532 1335 561 1387 et
579 1330 762 1401 distinguitur
781 1348 798 1385 a
816 1332 974 1387 donatione
994 1360 1029 1373 -
1046 1332 1072 1385 7.
1093 1332 1143 1387 Est
1164 1332 1253 1387 realia‘
1272 1337 1322 1387 aut
1340 1336 1439 1401 perso-v

345 1437 433 1492 nalis:
452 1466 486 1479 -
505 1438 530 1491 8.
550 1437 676 1508 poenalis
702 1442 731 1493 et
755 1438 856 1493 iurata.
875 1468 909 1481 -
928 1439 955 1494 9.
975 1439 1014 1494 De
1042 1437 1102 1494 eius
1128 1440 1261 1495 subiecto.
1280 1469 1316 1481 -
1337 1441 1377 1494 10.
1396 1439 1437 1495 De

346 1544 465 1599 obiecto.
485 1572 519 1585 -
542 1543 581 1599 ll.
597 1543 635 1598 De
656 1546 845 1600 transactione
864 1545 954 1615 quoad
974 1545 1099 1603 crimina
1116 1574 1150 1587 -
1172 1546 1212 1601 12
1227 1544 1266 1601 De
1285 1546 1436 1602 effectibus.

345 1679 381 1691 -
404 1648 443 1703 13.
466 1650 504 1704 De
525 1651 616 1705 causis
635 1650 817 1707 rescissionis.
834 1678 871 1693 -
892 1652 933 1707 14.
953 1654 998 1705 An
1017 1653 1125 1722 possint
1142 1652 1204 1721 cogi
1223 1656 1317 1723 partes
1338 1652 1438 1708 saltem

347 1757 381 1811 ad
402 1758 563 1813 tentandam
583 1758 808 1813 transactionem.

348 1956 379 2023 6.
396 1957 585 2023 Transactis
598 1958 658 2042 (2),
675 1963 711 2023 ut
726 1959 828 2045 ipsum
846 1957 1037 2024 vocabulum
1061 1956 1149 2032 dicit,
1161 1963 1210 2023 est
1233 1957 1380 2024 transire
1395 1957 1440 2023 ab

258 2077 389 2145 actione
412 2099 469 2144 sen
492 2079 536 2147 ab
560 2068 624 2146 bac
645 2080 815 2155 recedere,
833 2085 866 2145 et
884 2079 1005 2165 absque
1028 2080 1169 2147 iudiciali
1186 2080 1302 2155 forma,
1319 2080 1439 2167 negotii

257 2203 387 2289 litigiosi
412 2206 676 2291 compositionem
707 2205 808 2287 inire3
832 2205 915 2289 quod
944 2204 1116 2290 dupliciter
1141 2202 1214 2271 fleri
1241 2209 1362 2291 potest:
1386 2205 1439 2270 vel

186 2390 189 2396 ,
258 2326 345 2390 enim
368 2345 434 2391 una
457 2346 533 2410 pars
548 2326 683 2391 alterins
699 2328 869 2393 intentioni
886 2334 919 2392 et
933 2328 1078 2413 petitioni
1095 2328 1270 2411 acquiescit
1292 2326 1334 2392 ad
1349 2326 1440 2392 litem

259 2452 506 2541 praecidendam
531 2458 587 2519 aut
609 2452 892 2539 praeveniendam,
909 2453 963 2519 vel
985 2460 1123 2538 utraque
1137 2475 1221 2541 pars,
1231 2454 1351 2538 aliquid
1374 2453 1438 2527 dat,

260 2577 379 2642 retinet
394 2582 449 2641 aut
464 2578 632 2663 promittit,
649 2597 719 2661 qna,
734 2583 845 2643 mutua
860 2580 1079 2655 concessione,
1093 2580 1165 2645 iura
1180 2578 1438 2644 contendentium

259 2701 483 2766 conciliantur.
509 2701 631 2767 Primo
657 2702 749 2767 modo
774 2705 951 2799 transactio
975 2706 1042 2771 late
1057 2705 1193 2769 sumitur
1216 2708 1250 2768 et
1271 2708 1320 2767 est
1335 2704 1441 2788 pactio

256 2804 317 2891 seu
341 2831 526 2891 contractus
550 2828 710 2913 gratuitus
735 2846 816 2911 quae
841 2828 913 2893 iure
937 2847 1009 2901 can.
1034 2828 1229 2911 compositio
1253 2826 1442 2894 amicabilis

259 2950 450 3035 appellatur,
470 2972 541 3037 arg.
562 2970 637 3035 cap.
656 2951 687 3027 7,
713 2952 744 3017 b.
762 2957 783 3017 t.
799 2953 841 3017 X.
867 2953 928 3019 Sed
953 2954 1080 3038 passim.
1104 2956 1279 3037 praecipue
1302 2954 1334 3015 in
1358 2951 1440 3021 soro.

260 3072 419 3143 vocabula
445 3110 462 3122 -
489 3074 682 3147 transactio,
701 3074 890 3142 amicabilis
913 3074 1120 3158 compositio,
1144 3074 1329 3142 concordia
1352 3109 1370 3122 ·
1394 3074 1440 3138 in-

350 3286 389 3355 (l)
409 3284 520 3340 Titulus
542 3286 583 3341 De
600 3288 690 3355 pactis
709 3286 869 3341 immediate
887 3285 1061 3355 antecedens,
1075 3290 1157 3355 pacta
1172 3303 1221 3341 seu
1234 3289 1394 3341 contractus
1412 3287 1441 3341 in

262 3408 364 3461 genere
387 3390 543 3447 considerat
562 3396 700 3463 quatenus
730 3392 843 3462 pariunt
867 3392 1064 3465 obligationem
1079 3397 1118 3447 ·et
1141 3396 1294 3460 actionem
1312 3392 1444 3447 videlicet

260 3500 456 3569 correspondet
475 3500 574 3555 Titnlo
593 3500 664 3553 luris
683 3500 761 3555 Rom.
782 3501 841 3554 civ.
860 3500 890 3554 in
910 3499 1032 3569 Digestis
1055 3503 1085 3554 et
1109 3499 1209 3555 Codice
1234 3501 1277 3555 De
1297 3502 1443 3572 obligatio·

261 3610 343 3661 nibus
356 3618 380 3661 et
395 3611 555 3663 actionibus.
571 3608 601 3663 ln
616 3608 700 3664 Libro
713 3608 758 3675 lll,
768 3608 806 3675 X,
816 3607 911 3677 agitur
923 3608 1008 3661 etiam
1021 3606 1055 3661 de
1072 3606 1235 3677 quibusdam
1249 3613 1442 3662 contractuum

262 3713 416 3783 speciebus,
431 3715 522 3783 prouti
537 3731 585 3785 per
598 3714 648 3769 hos
660 3732 753 3770 rernm
773 3713 896 3767 dominia
916 3714 1100 3784 acquiruntur
1112 3716 1162 3767 eut
1179 3711 1236 3767 alia
1254 3714 1317 3767 iura
1334 3728 1445 3781 compa-

261 3823 367 3875 rantur.
382 3849 396 3860 ·
410 3820 501 3880 Quare
515 3818 639 3873 'situlum
655 3822 696 3873 De
709 3821 798 3891 pacts's
819 3834 869 3873 noa
882 3818 1028 3873 referimus
1041 3818 1076 3872 ad
1089 3817 1214 3871 Titulum
1226 3816 1269 3872 De
1281 3818 1443 3873 actionibus.

352 3928 391 3999 (2)
411 3928 483 3981 Sane
507 3933 667 3983 contractus
688 3927 883 3981 transactionis
901 3928 1043 3982 commode
1065 3944 1142 3981 suam
1167 3924 1286 3979 haberet
1303 3924 1396 3979 sedem
1414 3925 1444 3979 in

261 4035 429 4090 tractatione
450 4032 483 4089 de
504 4033 710 4099 contractibus;
729 4032 777 4088 sed
796 4034 852 4087 iam
871 4033 1072 4104 explicavimus
1084 4032 1114 4086 in
1127 4031 1269 4100 prooemio
1287 4030 1445 4101 §aquare

263 4138 329 4193 huic
347 4139 520 4208 assignemus
546 4137 619 4193 hunc
643 4138 742 4193 locum.
762 4139 792 4193 In
812 4137 960 4206 codicibus,
981 4138 1022 4191 nti
1047 4136 1076 4191 in
1101 4135 1202 4192 Codice
1225 4135 1282 4190 iam
1307 4136 1354 4190 cit.
1373 4136 1444 4192 Gre-

262 4248 334 4317 gorii
350 4247 426 4313 XVl,
440 4248 672 4319 praescriptiones
691 4247 724 4303 de
745 4248 863 4317 pacifica
880 4247 972 4302 litium
992 4244 1130 4301 solutions
1149 4246 1241 4300 solent
1252 4246 1382 4315 postponi
1399 4244 1443 4299 le-

262 4354 344 4424 gibus
368 4354 500 4407 iudicium
525 4355 725 4409 ordinantibus.
748 4353 823 4417 Nos,
845 4354 934 4409 secuti
961 4352 1089 4424 Gregorii
1113 4353 1154 4409 1x
1178 4354 1376 4419 intentionem,
1395 4368 1445 4406 aas

261 4461 474 4531 praemittimus.
