3350 5117
514 317 557 364 DE
581 317 721 365 tumens
744 317 1010 366 ncctnsmstlcls
1288 296 1356 365 357

175 437 269 502 sitivo
297 457 367 502 can.
396 437 459 503 hoc
485 435 687 520 confirmant,
715 439 908 522 praesertim
931 456 974 502 ex
997 457 1073 505 can.
1096 437 1149 511 15,
1177 454 1270 504 caus.
1295 437 1350 510 12.

174 579 208 644 q.
231 561 259 634 1,
269 558 330 626 ubi
347 563 426 645 Imp.
444 561 671 627 Constantinus
693 563 751 627 ait:
771 579 828 626 «a
846 559 983 626 nemine
1001 559 1188 627 diiudicari
1197 559 1350 643 potestis,

173 682 258 766 quia
280 681 385 750 solius
399 683 463 748 Dei
484 683 609 749 iudicio
628 682 855 750 reservamini
869 701 900 759 »ς
924 687 957 748 et
979 703 1023 748 ex
1044 702 1120 766 cap.
1145 681 1177 756 4,
1202 683 1253 749 De
1275 701 1352 750 cen·

177 809 274 883 sibus,
291 811 328 876 in
343 811 367 876 6
383 809 455 897 (ΙΙΙ,
472 808 538 894 20),
555 810 609 875 ubi
636 831 654 874 c
670 811 841 876 Ecclesiae
854 810 1165 896 ecclesiasticaeque
1175 829 1350 894 personae

172 955 293 1004 acres
315 936 473 1019 ipsarum
488 955 559 1004 non
581 937 693 1001 solum
714 935 791 1001 iure
814 935 965 1002 humano
988 934 1157 1021 quinimo
1180 941 1213 1002 et
1234 935 1352 1002 diuino
1380 910 1382 913 ⁵

172 1079 197 1124 a
215 1061 444 1137 saecularium
462 1078 695 1142 personarum
718 1058 952 1126 coactionibus
974 1059 1144 1125 immunes
1170 1077 1242 1125 esse
1265 1059 1352 1124 ›di-

171 1185 310 1257 cuntnr;
334 1182 385 1246 cui
404 1183 583 1246 sententiae
598 1185 754 1247 consonat
777 1179 864 1246 Trid.
882 1179 991 1262 (lonc,
1005 1198 1085 1248 sess.
1110 1180 1170 1255 25,
1191 1198 1267 1263 cap.
1284 1179 1350 1253 20,

176 1305 223 1371 De
244 1307 320 1389 ref„
352 1307 458 1371 aiens:
485 1305 697 1372 «Ecclesiae
727 1310 759 1372 et
782 1325 1017 1389 personarum
1047 1302 1353 1372 ecdesiasticarum

171 1429 421 1496 immunitatem
443 1428 506 1495 Dei
528 1427 743 1495 ordinatione
770 1433 803 1494 el
824 1427 997 1495 cononica
1019 1425 1251 1494 sanctionibus
1273 1445 1353 1494 oon·

170 1550 323 1616 stitutum
340 1571 371 1615 ›.

262 1677 327 1742 Alii
356 1677 419 1742 DD.
451 1677 649 1742 contendunt
679 1675 764 1742 hanc
794 1677 1028 1743 immunitatem
1051 1677 1247 1742 clericorum
1277 1677 1353 1742 iure

171 1802 311 1867 humano
327 1803 462 1888 positivo
478 1802 637 1887 proditam
653 1821 740 1877 esse;
758 1802 802 1866 ita
818 1802 1045 1875 Govarruvias
1061 1801 1177 1868 Pract.
1194 1821 1227 1887 q.
1244 1822 1271 1868 c.
1290 1800 1348 1878 31,

168 1945 205 1990 n.
228 1924 264 2006 2,
289 1925 411 2001 Molin,
443 1925 554 1991 tract.
578 1924 613 2000 2,
637 1925 687 1990 De
710 1925 764 1991 ius
786 1930 818 1990 el
839 1923 916 1991 iure
938 1925 1025 2008 disp.
1042 1925 1095 1998 31,
1119 1945 1154 1992 n.
1178 1926 1223 1991 11.
1241 1926 1352 2012 Argu·

170 2055 358 2116 mentantur
380 2055 447 2116 tum
470 2069 513 2116 ex
530 2051 619 2116 Novo
635 2052 784 2125 Testam,
802 2053 835 2116 in
858 2069 921 2135 quo
944 2053 1053 2118 nullus
1074 2055 1184 2117 textus
1206 2050 1355 2117 habetur

170 2177 256 2242 lianc
280 2177 519 2260 exemptionem
541 2175 663 2249 iubens,
687 2181 755 2242 tum
779 2196 821 2240 ex
844 2177 916 2241 iure
934 2177 1070 2262 positivo
1094 2197 1178 2260 can,
1195 2178 1272 2262 quia
1287 2177 1353 2242 cle-

170 2301 315 2366 ricorum
346 2321 366 2365 a
395 2300 467 2366 foro
498 2300 636 2366 seculari
667 2301 850 2368 immunitas
880 2321 946 2366 non
976 2321 1106 2387 semper
1131 2301 1193 2366 fnit
1222 2301 1349 2385 eadem

170 2427 227 2493 sed
250 2429 344 2492 varia
366 2431 431 2494 tarn
455 2427 558 2512 quoad
582 2447 694 2492 causas
718 2447 812 2512 qnam
836 2425 920 2511 qnod
950 2426 991 2492 ad
1013 2428 1099 2512 ipsas
1122 2447 1289 2514 personas,
1314 2433 1351 2496 nt

168 2557 259 2637 patet
282 2553 377 2616 etiam
400 2553 434 2616 in
457 2549 545 2616 Trid.
571 2550 679 2632 Gonc,
703 2569 780 2616 sess.
805 2550 866 2623 23,
891 2569 965 2634 cap.
983 2551 1015 2624 6,
1040 2551 1091 2616 De
1111 2549 1187 2633 ref„
1212 2551 1267 2616 ubi
1282 2552 1347 2617 hoc

168 2675 373 2762 privilegium
394 2693 459 2740 non
476 2694 589 2760 parum
614 2674 790 2740 cohibetur.
808 2674 936 2739 Verum
950 2674 1001 2740 isti
1021 2673 1086 2738 ΙΙΙ).
1102 2674 1265 2759 privilegii
1281 2677 1352 2741 ori·

165 2799 277 2882 ginem
299 2797 340 2862 ab
363 2798 554 2862 anctoritate
568 2797 707 2883 positiva
730 2795 897 2862 Ecclesiae
916 2800 1110 2881 repetentes,
1129 2796 1346 2862 essentialiter

165 2923 410 3010 distinguuntur
439 2921 664 3006 aRegalistis
690 2921 743 3005 qui
774 2924 966 3006 apotastate
991 2919 1191 3006 Principum,
1214 2920 1288 2986 tare
1315 2923 1349 2986 vi

167 3049 339 3134 privilegii.
365 3045 526 3112 deducunt
549 3047 674 3113 initium
697 3051 730 3111 et
753 3047 817 3110 vim
842 3046 1057 3130 exemptionis
1079 3044 1137 3131 (1).

258 3171 321 3237 Sed
337 3193 355 3237 e
371 3171 492 3238 duabus
522 3172 677 3255 extremis
707 3169 812 3236 media
836 3175 951 3235 exorta
966 3175 1016 3236 est
1035 3168 1196 3235 sententia
1211 3171 1342 3238 veritati

167 3295 271 3378 magis
294 3313 451 3370 consona;
476 3311 570 3377 quam
593 3293 689 3358 hodie
711 3299 783 3378 post
806 3291 1107 3377 Schmalzgrneber‚
1132 3291 1179 3357 tit.
1197 3290 1233 3365 2,
1251 3291 1272 3356 l.
1298 3290 1348 3364 ll,

164 3439 202 3484 n.
228 3419 284 3495 98,
308 3418 380 3484 fere
411 3419 624 3484 communiter
647 3423 824 3503 sequuntur
856 3417 1050 3482 canonistas.
1075 3417 1177 3481 Aiunt
1203 3415 1255 3481 isti
1281 3415 1346 3480 DD.

168 3545 253 3610 hano
276 3545 470 3610 clericorum
493 3563 513 3606 a
543 3541 615 3607 foro
638 3541 779 3608 seculari
802 3542 1034 3606 immunitatem
1057 3540 1254 3607 immediate
1280 3540 1349 3626 qui·

165 3669 240 3734 ‹lem
256 3689 328 3735 esse
343 3669 423 3734 iuris
437 3669 579 3750 humani,
593 3666 901 3750 fundamentaliter
916 3673 1024 3732 tamen
1040 3673 1074 3732 et
1087 3664 1253 3732 initiative
1267 3667 1349 3731 iuris

163 3791 278 3856 divini.
304 3793 385 3858 Nam
408 3811 472 3857 non
488 3795 592 3876 potest
614 3791 676 3856 dici
692 3789 876 3856 immediate
898 3789 1061 3876 profluere
1085 3809 1128 3855 ex
1150 3790 1222 3855 iuro
1237 3788 1348 3854 divino

166 3916 229 3982 hoc
252 3917 466 4003 privilegium,
481 3917 564 4002 quod
579 3937 642 3983 nec
664 3918 697 3981 in
723 3918 811 3999 Novo
832 3917 1036 3983 Testamenta
1059 3935 1121 3982 nec
1144 3917 1179 3981 in
1199 3914 1345 3981 Revela·

164 4042 253 4107 tione
284 4061 439 4126 expresse
470 4043 681 4108 constituitur.
711 4041 774 4108 Sed
800 4042 833 4105 in
865 4041 936 4106 iure
966 4040 1075 4106 divino
1099 4040 1344 4106 tundamentum

257 4325 296 4394 (Ι)
316 4323 347 4378 ln
365 4321 481 4396 Syllaba
500 4325 717 4394 proscribuntur,
729 4322 783 4379 hac
801 4324 835 4380 de
855 4341 894 4390 re,
914 4322 1007 4393 plures
1026 4339 1160 4380 erroneae
1177 4324 1346 4380 sententiae

165 4429 208 4484 ct.
227 4431 314 4502 Prop.
334 4431 386 4498 30,
404 4431 448 4484 31.
