3350 5117
898 669 1010 736 Gurur
1037 670 1060 733 1.

830 899 884 954 DE
914 897 1127 952 PERITIA.

389 1109 605 1166 summarium.
625 1140 660 1152 -
678 1111 739 1164 494.
759 1110 923 1180 Iampridem
944 1111 1095 1180 paritorum
1108 1126 1194 1180 opera
1207 1109 1332 1165 adhiberi
1351 1110 1432 1166 soluit
1443 1113 1468 1164 in
1480 1111 1537 1164 iud·

481 1219 541 1272 riis.
551 1247 584 1260 -
595 1218 655 1272 495.
669 1219 755 1272 Periti
766 1217 892 1274 adhiberi
909 1222 1023 1288 possunt
1036 1237 1090 1290 qua
1102 1221 1204 1274 arbitri
1214 1223 1242 1275 et
1254 1237 1310 1292 qua
1329 1229 1407 1274 testes
1414 1221 1499 1290 perui.
1510 1247 1538 1260 -
1607 1253 1608 1258 ,

477 1321 538 1374 496.
557 1321 672 1382 Quando
690 1321 857 1376 adhibentur
869 1339 924 1393 qna
937 1333 1019 1377 tester
1029 1324 1116 1393 periti
1128 1339 1163 1378 ex
1177 1323 1238 1378 iure
1251 1341 1312 1376 ean.
1326 1323 1447 1392 positivo,
1460 1339 1537 1376 eorus

478 1428 646 1482 sententiam
666 1443 721 1482 non
741 1429 898 1482 necessario
911 1428 1037 1498 sequitur
1050 1427 1131 1483 iudex
1144 1430 1173 1482 in
1193 1427 1350 1483 definienda
1367 1427 1540 1482 controversia.

481 1565 515 1576 -
534 1536 594 1590 491.
615 1535 763 1606 Eliguntur
783 1537 866 1606 periti
886 1536 930 1592 rel
949 1555 986 1590 em
1007 1535 1104 1606 officio,
1122 1535 1167 1591 vel
1194 1537 1229 1590 ad
1252 1537 1409 1592 meantium
1433 1537 1541 1606 partium.

478 1639 552 1699 Quot
563 1637 631 1708 eligi
645 1639 772 1694 debeant
786 1667 822 1680 —
835 1640 895 1694 498.
911 1639 1018 1694 Arbitri
1032 1639 1154 1694 recusari
1167 1639 1274 1696 valent.
1285 1669 1322 1682 -
1333 1640 1391 1694 499.
1402 1643 1443 1694 An
1454 1657 1543 1710 sempr.-

477 1747 560 1801 iudex
580 1764 616 1801 err
635 1747 724 1817 officio
750 1747 885 1817 deputare
905 1747 999 1802 valeat
1024 1748 1135 1816 peritos.
1153 1775 1191 1789 -
1208 1747 1270 1802 500.
1289 1747 1426 1808 Quomodo
1449 1749 1490 1800 fist
1507 1763 1542 1815 pe
1608 1743 1609 1784 3

478 1853 551 1906 ritia.
572 1881 607 1894 -
624 1853 686 1906 501.
706 1853 749 1906 An
770 1853 854 1922 periti
875 1853 936 1921 cogi
958 1853 1072 1922 possint,
1091 1867 1145 1905 non
1165 1869 1244 1906 secus
1263 1869 1297 1906 ae
1316 1857 1405 1908 testes

479 2069 555 2133 494.
581 2069 715 2150 Periba,
739 2071 856 2156 quippe
881 2089 963 2153 quae
988 2067 1155 2154 perficitur
1173 2089 1234 2154 per
1249 2075 1345 2136 testes
1364 2071 1490 2152 per-itm,
1505 2078 1542 2131 at

388 2197 511 2281 species
535 2196 743 2280 probationis.
769 2197 841 2261 Hae
865 2197 904 2262 de
929 2217 965 2260 re
990 2197 1262 2281 praescriptiones
1278 2198 1341 2262 iam
1356 2198 1503 2263 habentur
1517 2199 1540 2258 in

388 2319 458 2383 iure
481 2338 626 2390 romano,
651 2318 707 2384 sed
731 2319 873 2404 potiores
898 2321 929 2382 in
955 2321 1025 2384 iure
1049 2339 1120 2384 can.
1138 2319 1171 2382 in
1196 2319 1540 2403 redamabere.

387 2439 440 2512 14,
464 2441 497 2504 X
519 2440 576 2527 (11,
605 2442 657 2528 19)
682 2447 714 2506 et
738 2442 783 2506 rit.
810 2441 860 2506 De
882 2441 965 2528 srip.
983 2447 1015 2506 et
1036 2441 1152 2524 mules.
1177 2441 1212 2510 3.
1237 2443 1270 2524 6,
1296 2443 1329 2524 7,
1353 2441 1541 2526 11119151.

387 2561 501 2645 quibus
524 2563 693 2628 invocatur
717 2565 935 2629 testimonium
960 2565 1169 2630 honestarum
1186 2572 1219 2631 et
1233 2565 1424 2650 prudentum
1447 2571 1542 2628 matru-

388 2709 502 2754 narum
526 2691 563 2754 in
586 2711 688 2773 opere
711 2692 859 2774 nuptiali
882 2697 1107 2774 reperturum
1131 2693 1163 2756 in
1189 2693 1295 2756 causis
1319 2691 1359 2756 de
1381 2691 1543 2776 impotentia

387 2815 533 2879 coeundi.
558 2815 621 2881 Sed
643 2819 819 2901 praecipue
844 2837 944 2902 opera
975 2817 1139 2882 Romanae
1164 2817 1268 2882 Rotae
1296 2816 1542 2903 amplissimam

387 2939 513 3006 bitaest
525 2941 618 3006 huius
635 2941 831 3026 probationis
846 2941 997 3023 evolutio,
1012 2945 1056 3006 uti
1075 2942 1176 3008 refert
1193 2943 1237 3007 De
1256 2943 1344 3008 Luca
1355 2944 1387 3007 in
1405 2943 1483 3008 Dirc.
1494 2939 1540 3004 91.

386 3065 437 3131 De
459 3065 529 3130 iud.
554 3087 587 3130 n.
613 3067 656 3132 19
678 3086 745 3152 seq.

476 3187 550 3253 495.
577 3189 642 3253 Iste
666 3191 785 3254 Doctor
806 3187 949 3254 advertit
972 3191 1093 3273 peritos
1116 3187 1262 3252 adhiberi
1286 3208 1380 3273 posse
1402 3191 1445 3252 uti
1466 3183 1542 3250 orbi

387 3314 465 3380 tros,
491 3315 523 3374 et
546 3311 591 3374 uti
615 3317 711 3376 testes
730 3310 870 3394 parites.
888 3347 932 3360 -
950 3310 1120 3376 Habentur
1142 3312 1233 3394 quasi
1256 3307 1372 3375 arbitri
1388 3307 1502 3394 quando
1517 3309 1540 3366 in

387 3433 493 3516 aliqua
516 3438 748 3506 controversia,
766 3436 951 3500 necessaria
974 3436 1016 3500 sit
1039 3453 1138 3520 opera
1153 3435 1343 3516 assessoris,
1360 3436 1404 3498 uti
1418 3434 1538 3516 loquitur

386 3575 460 3637 cop.
486 3556 511 3629 1,
537 3531 750 3640 Dereserip.
775 3557 812 3622 in
836 3557 867 3630 6,
886 3576 943 3622 seu
968 3557 1107 3622 hominis
1123 3559 1218 3641 periti
1234 3555 1275 3621 ab
1299 3558 1368 3641 ipso
1393 3549 1539 3620 iudicem

385 3679 571 3762 apartibus
595 3679 745 3765 deputati,
772 3682 863 3745 cuius
892 3679 1043 3744 iudicium
1068 3679 1251 3762 exquiritur
1280 3677 1321 3743 ad
1352 3674 1536 3744 definiendam

386 3803 658 3867 controversiam:
676 3804 708 3867 in
725 3801 787 3866 hoe
803 3822 883 3866 casu
899 3797 1053 3888 suffragia
1070 3803 1247 3887 peritorum
1260 3801 1380 3868 habent
1392 3803 1451 3866 vim
1463 3795 1539 3864 trud

385 3946 446 3990 eeu
457 3927 636 3990 sententiae
648 3923 856 3990 arbitrorum.
875 3927 951 3990 Iure
970 3943 1104 3990 romano
1119 3925 1215 4011 periti
1227 3924 1459 3991 adhibebantur
1468 3939 1538 4008 prae

385 4052 478 4136 cipue
494 4051 553 4117 sub
569 4051 674 4116 forma
689 4051 904 4116 arbitrorum:
920 4051 962 4116 cf.
976 4053 998 4116 1.
1012 4053 1033 4116 1.
1055 4051 1087 4126 8,
1103 4053 1138 4135 ff.
1160 4052 1233 4119 11η.
1249 4053 1394 4138 repara.
1410 4055 1438 4116 et
1452 4045 1537 4114 ausd-

387 4177 432 4240 rit.
461 4177 541 4242 Cod.
566 4175 591 4242 3
613 4181 646 4242 et
670 4177 700 4248 9.
727 4175 776 4240 10
797 4178 833 4259 ff.
859 4175 957 4247 «Qui
979 4175 1062 4242 satis
1084 4176 1171 4242 dore
1194 4182 1317 4263 repant
1334 4199 1363 4240 r.

475 4301 577 4366 Periti
600 4302 627 4366 si
650 4302 740 4384 quasi
763 4301 879 4365 arbitri
903 4300 1106 4386 deputentur,
1124 4302 1172 4365 vis
1188 4303 1323 4387 peritiae
1338 4307 1386 4366 est
1399 4295 1535 4364 definitiva

384 4425 459 4505 litis,
484 4429 516 4491 et
539 4424 652 4489 dehis
675 4406 849 4490 teneantur
872 4444 954 4510 quae
975 4424 1113 4491 diximus
1137 4426 1180 4492 de
1206 4427 1353 4494 arbitris.
