3350 5117
401 288 467 353 498
927 309 1011 356 esus
1035 309 1057 354 1.

399 430 484 496 uude
499 432 634 498 alicuius
650 432 727 497 facti
749 431 848 520 plenu
862 433 1023 500 attestatio
1040 429 1176 498 derivat.
1195 433 1287 498 Haec
1306 434 1383 498 enim
1395 435 1524 497 attactis
1591 457 1592 524 3

398 577 476 621 num
499 556 672 622 concordia
690 555 803 621 haberi
828 577 892 622 non
917 563 1030 644 potest,
1047 559 1108 624 nisi
1131 577 1151 622 a
1174 560 1313 624 veritate
1335 563 1420 624 testes
1438 579 1526 623 nanu-

399 677 568 744 ducantur.

486 957 508 1038 ἓ
531 957 561 1021 3.
586 956 637 1021 De
654 955 886 1039 publicatione
909 958 1170 1030 attestationum,
1188 957 1231 1024 dc
1246 975 1336 1024 noua
1353 958 1466 1024 bedam

518 1079 745 1161 productione
766 1085 798 1145 et
811 1080 855 1146 dc
879 1079 1134 1164 acceptionibus
1157 1079 1322 1148 adversius
1345 1085 1438 1147 testes

396 1323 611 1382 Summarium.
631 1355 665 1370 -
684 1329 745 1382 «183.
764 1328 917 1388 Quaeritur
938 1327 1076 1399 quomodo
1100 1329 1298 1382 attestationes
1316 1333 1373 1382 tum
1397 1329 1423 1381 in
1439 1329 1532 1382 aedibs

485 1437 545 1488 tum
564 1435 592 1487 in
611 1435 805 1490 criminalibus
824 1434 1015 1504 publicentur.
1033 1463 1067 1476 -
1086 1435 1146 1488 484.
1166 1433 1323 1488 Publicetis
1341 1434 1532 1492 attestationibus
1591 1499 1592 1514 1

485 1540 534 1595 elii
553 1545 638 1595 testes
657 1542 771 1611 produci
791 1560 845 1596 nun
860 1542 958 1597 valent
970 1560 1058 1616 super
1070 1545 1170 1598 iisdem
1188 1545 1328 1597 altinatis.
1343 1571 1376 1584 -
1388 1541 1532 1602 leQusud.

483 1645 536 1701 hoc
556 1650 735 1718 permittatur
753 1651 788 1704 ob
808 1650 946 1720 speciales
966 1667 1072 1704 causes.
1092 1679 1126 1692 -
1145 1650 1206 1704 486.
1227 1650 1306 1704 Nihil
1325 1647 1445 1720 prohibet
1460 1651 1534 1720 qnoni-

483 1771 536 1807 uus
547 1772 630 1824 super
643 1755 706 1808 aliis
719 1755 848 1810 articulis
862 1755 946 1811 iidem
961 1757 1004 1812 vel
1019 1757 1120 1812 diversi
1135 1762 1222 1814 testes
1242 1755 1356 1826 produci
1374 1757 1474 1824 possint
1484 1755 1535 1806 dun·

483 1861 563 1914 modo
583 1861 698 1916 nimium
718 1877 773 1916 non
793 1863 964 1932 producatur
978 1863 1076 1918 dilatio
1096 1865 1266 1934 probaturis,
1277 1881 1368 1936 neque
1382 1867 1430 1919 fin
1445 1861 1535 1918 eullusiu

484 1997 521 2008 -
539 1967 599 2020 487.
620 1967 659 2021 De
677 1973 801 2038 tempore
815 1972 844 2022 et
864 1969 946 2023 modo
960 1970 1130 2048 proponendi
1146 1971 1328 2039 exceptiones
1342 1971 1461 2024 adversm
1471 1975 1534 2024 teste

484 2101 518 2116 -
537 2075 597 2126 lua.
628 2075 665 2130 De
693 2075 838 2144 expensis,
867 2075 897 2130 in
929 2075 1111 2146 productione
1139 2076 1253 2130 testium
1286 2078 1451 2140 necessariis
1474 2091 1536 2128 resur

483 2179 595 2234 ciendis.

482 2413 558 2478 483.
582 2415 724 2481 Testiurn
747 2433 896 2488 examen,
922 2416 967 2480 uti
997 2421 1127 2480 ceterae
1159 2416 1381 2501 probationes,
1404 2415 1487 2480 indici
1508 2412 1538 2474 d·

395 2542 486 2602 recte
509 2542 714 2623 comparatur
729 2536 769 2600 ad
788 2540 963 2602 veritatem
980 2538 1057 2604 lacti
1074 2537 1305 2624 detegendam
1323 2539 1380 2606 sed
1395 2539 1537 2622 inquiritur.

393 2686 438 2730 au
459 2665 604 2750 partibus
622 2664 795 2747 publicari
811 2663 929 2729 debeat
945 2684 1001 2729 seu
1018 2665 1232 2737 canoncie,
1247 2673 1284 2732 ut
1301 2687 1338 2731 se
1362 2661 1537 2730 defendsulsi
1590 2687 1591 2698 ¹

392 2809 486 2854 casus
509 2789 603 2854 ferat.
629 2826 675 2835 —
697 2789 847 2854 Iamvero
870 2789 904 2854 iu
928 2787 1081 2854 civilibus
1104 2788 1233 2872 quando
1256 2795 1373 2876 partes
1394 2791 1540 2876 praesente

392 2891 515 2978 fuerint
538 2913 689 2991 exaundi,
713 2913 803 2977 nulla
826 2931 906 2998 opus
931 2917 980 2977 est
1004 2911 1228 2996 publicatione,
1247 2919 1281 2978 et
1305 2916 1433 3001 planum
1455 2917 1539 2975 est.-

393 3034 535 3100 Proinde
558 3035 733 3098 necessitas
751 3033 999 3117 publicationis
1021 3039 1117 3119 urget
1148 3033 1324 3101 dumtaxat
1353 3056 1445 3120 quum
1464 3037 1540 3117 partu

392 3161 431 3226 in
453 3159 604 3226 civilibus
627 3179 692 3223 non
715 3159 878 3224 adfuerint
902 3161 1063 3234 examini3
1088 3165 1183 3246 urget
1208 3181 1291 3229 vero
1317 3179 1443 3248 semper
1455 3161 1483 3224 in
1501 3151 1541 3222 oi·

393 3286 576 3352 actualibus
598 3286 734 3368 aliisque
758 3265 871 3351 cauus
895 3287 1021 3350 ratione
1046 3284 1124 3352 boui
1142 3286 1276 3368 publici
1301 3289 1438 3374 Qumis,
1453 3289 1480 3349 in
1495 3281 1539 3364 qu‘-

391 3411 451 3476 bus
472 3411 601 3474 testium
625 3429 763 3474 examen
786 3407 822 3473 fit
846 3411 982 3474 remotis
1005 3409 1159 3494 partibus.

451 3579 454 3584 -
481 3532 523 3596 Et
546 3532 579 3595 iu
601 3533 714 3617 primis
737 3532 915 3614 quaeritur,
935 3551 977 3594 an
998 3533 1039 3596 sit
1054 3531 1099 3596 de
1120 3530 1316 3599 substantia
1332 3551 1490 3620 processus
1505 3527 1541 3592 lu·

391 3655 524 3721 iusmodi
550 3655 731 3740 publicatio,
756 3655 837 3720 adeo
863 3659 908 3734 ut,
935 3653 1000 3720 hec
1023 3655 1214 3739 posthabita.
1232 3677 1412 3742 processus
1433 3675 1486 3720 uon
1504 3669 1540 3712 u·

390 3779 466 3844 leat.
492 3777 541 3840 Ad
565 3778 754 3844 solutionem
778 3774 979 3859 quaestionis
1003 3776 1113 3861 plures
1136 3797 1229 3878 casus
1246 3779 1473 3846 considerandi
1486 3791 1540 3840 suu
1587 3767 1588 3782 ¹

392 3903 472 3967 Nam
491 3902 607 3984 priario
631 3903 665 3965 in
696 3900 850 3968 ciuilibus
879 3900 1061 3966 huiusmodi
1092 3901 1266 3985 publicatio
1302 3925 1373 3970 non
1393 3903 1427 3969 fit
1447 3901 1496 3968 nisi
1514 3893 1540 3960 ul

390 4029 589 4093 instantium
611 4028 720 4109 partis
745 4027 834 4090 cuius
859 4027 997 4090 interest
1021 4045 1158 4090 examen
1183 4047 1395 4113 cognoscere
1411 4033 1440 4093 in
1460 4023 1541 4091 suile

391 4156 581 4220 sensionem.
605 4191 650 4200 -
674 4155 712 4217 ln
736 4151 974 4219 criminalibus
998 4152 1131 4235 aliisque
1148 4152 1180 4217 id
1199 4173 1310 4238 genus
1335 4161 1439 4223 ceusu
1458 4157 1481 4219 si
1493 4167 1540 4236 pas·

391 4277 433 4342 ad
460 4296 554 4360 quarn
578 4280 710 4360 spectat,
724 4275 827 4339 instat
843 4294 904 4359 pro
921 4273 1146 4358 cognoscendo
1162 4279 1333 4361 examine,
1347 4279 1411 4347 hoc
1423 4269 1539 4366 publicet.

392 4397 486 4463 debet
509 4397 563 4482 (cf.
589 4397 670 4463 last.
695 4399 789 4463 Arest.
814 4397 867 4462 cit.
893 4396 1036 4479 §5164
1061 4396 1146 4478 226,
1171 4397 1281 4484 230);
1315 4421 1411 4486 quarn
1440 4397 1539 4486 pullirs·
