3350 5117
526 292 570 338 nn
594 293 733 342 runicus
757 293 1022 342 aconasmsrrms
1293 277 1360 344 383

177 414 357 481 satisfaciat
379 421 547 502 susceptae
571 413 767 502 obligationi.
787 418 876 482 Item·
891 417 1002 503 plures
1024 416 1186 483 debitores
1210 417 1360 484 solidales

178 540 233 605 vel
256 561 322 606 non
345 541 495 608 solidales
518 545 755 609 conveniuntur
778 563 901 618 omnes,
933 563 997 609 non
1028 544 1138 611 habita
1160 546 1286 613 ratione
1309 546 1362 612 do·

179 665 293 730 micilii
315 665 434 750 singuli
457 664 619 739 debitoris,
634 667 873 732 conveniuntur
895 666 979 753 apud
1003 665 1149 733 eumdem
1162 667 1308 749 iudicem,
1325 671 1361 734 ut

179 790 316 875 quisque
331 791 399 856 sive
416 791 448 855 in
465 790 599 856 solidum
624 793 692 857 sive
707 810 767 877 pro
795 797 868 856 rate
883 796 977 877 parte
1000 791 1193 877 respondeat
1214 793 1360 878 petitioni

178 917 311 981 actoris.
1093 915 1096 918 ’

271 1042 310 1107 ln
327 1041 390 1107 hac
405 1044 512 1129 specie
528 1044 624 1108 etiam
648 1042 769 1108 clarius
792 1041 899 1108 elucet
921 1044 1097 1108 necessitas
1112 1062 1176 1107 non
1193 1041 1361 1108 scindendi

179 1184 295 1230 causas
319 1185 493 1238 connexas.
519 1185 582 1230 non
614 1166 715 1232 solum
747 1170 782 1231 ut
811 1171 966 1251 parcatur
989 1167 1140 1251 expensis
1171 1171 1204 1232 et
1230 1167 1360 1231 maioris

179 1291 336 1374 temporis
359 1289 534 1376 dispendio,
552 1289 607 1356 sed
631 1309 670 1356 eo
694 1291 804 1375 magis,
819 1311 861 1355 ne
883 1290 924 1355 de
947 1289 1059 1354 eadem
1084 1310 1120 1355 re
1144 1290 1291 1370 diversae
1305 1291 1360 1356 ha-

180 1413 322 1479 beantur
351 1417 530 1480 sententiae
558 1421 590 1480 et
621 1415 732 1480 forsan
763 1414 1044 1496 contradictoriae,
1065 1414 1149 1498 quod
1175 1418 1359 1481 necessario

181 1537 285 1612 fieret,
302 1541 329 1604 si
353 1559 406 1605 ex.
423 1561 453 1626 g.
470 1539 510 1605 de
533 1559 632 1606 causa
654 1539 795 1606 eiusdem
812 1539 1002 1606 hereditatis
1016 1541 1128 1626 plures
1151 1541 1272 1607 iudices
1291 1561 1360 1608 sen-

180 1663 316 1728 tentiam
339 1662 494 1745 dicerent,
508 1668 540 1728 et
555 1663 632 1728 hinc
655 1663 739 1728 alter
761 1662 876 1728 heredi
900 1669 1025 1730 certum
1048 1684 1129 1729 onus
1148 1664 1358 1736 adiudicaret.

180 1786 265 1852 alter
289 1807 333 1852 ex
356 1785 468 1853 eodem
491 1787 584 1854 titulo
607 1787 662 1852 alii
685 1785 800 1852 heredi
823 1786 906 1852 idem
930 1807 1011 1852 onus
1034 1786 1242 1860 abiudicaret‚
1260 1794 1292 1853 et
1316 1789 1360 1853 ita

180 1932 290 1997 porro.

270 2038 305 2122 3)
329 2037 461 2103 Demnm
484 2037 693 2104 reliqueret
712 2036 839 2120 petitae
863 2056 921 2102 seu
943 2035 1061 2102 obiecti
1084 2036 1151 2101 litis
1169 2033 1250 2103 flunt
1273 2038 1361 2102 inter

180 2182 215 2228 se
239 2181 410 2229 connexae
433 2164 515 2242 lites,
529 2181 611 2246 quae
634 2163 723 2226 circa
747 2180 815 2226 rem
839 2161 1011 2246 litigiosam
1034 2162 1238 2226 exoriuntur.
1255 2161 1358 2246 Siqui-

183 2287 254 2352 dem
280 2288 313 2351 in
337 2287 555 2371 quaestionem
571 2284 784 2371 principalem
807 2285 890 2348 aliae
914 2284 986 2349 lites
1010 2283 1180 2368 aliquando
1204 2284 1358 2365 incidunt,

182 2431 267 2497 quae
298 2411 433 2498 proinde
464 2409 615 2476 dicuntur
646 2411 850 2494 quaestiones
880 2409 1073 2474 incidentes.
1101 2409 1218 2492 Utputa
1236 2409 1360 2493 agitur

180 2537 328 2621 quaestio
351 2536 492 2600 familiae
515 2532 749 2600 herciscundae
766 2553 822 2598 seu
846 2531 886 2597 de
910 2531 1098 2596 hereditatis
1121 2530 1287 2596 divisione.
1308 2531 1357 2596 Ab

182 2663 273 2726 initio
296 2667 505 2747 promovetur
520 2660 674 2743 quaestio,
687 2678 728 2722 an
753 2677 835 2723 unus
854 2678 897 2722 ex
913 2655 1180 2722 concurrentibus
1203 2656 1245 2720 ad
1268 2658 1359 2723 here

181 2786 315 2852 ditatem
332 2787 408 2851 sita
429 2785 539 2850 limine
562 2783 670 2849 iudicii
686 2780 894 2867 repellendus
910 2799 972 2864 qua
987 2777 1072 2845 fllius
1087 2781 1281 2865 illegitimus.
1299 2781 1358 2846 Est

180 2912 327 2994 quaestio
339 2909 609 2994 proclamantis,
630 2927 724 2992 quam
740 2906 883 2972 resolvet
905 2904 1003 2970 iudex
1026 2906 1079 2988 qui
1103 2903 1142 2969 de
1162 2923 1258 2968 causa
1274 2905 1359 2988 prin-

181 3033 278 3118 cipali
301 3032 413 3098 videre
436 3030 538 3097 debet.
567 3063 611 3078 -
629 3029 700 3094 Hac
724 3027 866 3092 resoluta
884 3025 1129 3110 praeiudiciali
1152 3044 1259 3106 causa,
1284 3024 1357 3105 alia,

181 3157 214 3220 in
236 3175 413 3241 progressu
436 3153 544 3220 iudicii
560 3154 683 3219 exoriri
696 3155 809 3236 potest,
831 3150 931 3215 veluti
948 3170 990 3213 an
1014 3156 1105 3215 certa
1128 3167 1182 3214 res
1198 3149 1360 3233 pertineat

184 3283 366 3350 hereditati.
392 3283 442 3346 En
465 3281 609 3364 quaestio
631 3278 784 3344 incidens
808 3276 1009 3359 accessorio,
1030 3294 1112 3359 quae
1129 3273 1265 3359 disiungi
1289 3293 1354 3338 non

181 3406 277 3472 debet
304 3427 324 3472 a
350 3423 448 3472 causa
475 3403 655 3490 principali,
680 3401 736 3466 sed
759 3397 941 3465 definienda
965 3405 1013 3464 est
1043 3398 1082 3462 ab
1107 3398 1219 3462 eodem
1243 3397 1358 3461 iudice.

182 3533 282 3599 Secus
305 3533 331 3598 si
356 3531 558 3596 scinderetur
581 3527 762 3593 huiusmodi
786 3545 956 3590 causarum
974 3525 1174 3590 continentia
1197 3528 1229 3586 et
1247 3522 1358 3586 forsan

182 3660 230 3721 tot
253 3655 373 3721 diversi
396 3653 531 3720 adeundi
549 3657 657 3718 essent
681 3650 800 3716 iudices
825 3656 902 3735 quot
925 3669 1041 3714 causae
1065 3648 1266 3712 accessoriae
1282 3648 1359 3711 inci·

181 3783 262 3847 dere
284 3787 425 3866 possent,
449 3799 532 3865 pene
555 3782 588 3844 in
612 3776 768 3843 infinitum
800 3777 1051 3862 protraheretur
1073 3772 1217 3839 definitio
1240 3792 1358 3839 causae

181 3906 428 3992 principalioris,
442 3904 548 3969 nullus
564 3903 675 3967 modus
693 3907 777 3966 esset
792 3901 953 3986 expensis
971 3919 1010 3964 ac
1026 3896 1192 3962 fraudibus
1208 3900 1241 3959 et
1257 3895 1358 3959 caril-

181 4030 354 4098 lationibus
370 4031 527 4114 cupientis
550 4030 582 4092 in
597 4029 729 4114 longum
753 4047 822 4092 rem
839 4025 1033 4111 protrahere
1056 4022 1161 4088 facilis
1176 4021 1360 4106 aperiretur

182 4158 297 4231 aditus,
329 4161 362 4222 et
391 4157 570 4223 sententiae
601 4154 801 4219 accessoriae
832 4152 917 4216 forte
950 4169 1013 4215 non
1047 4149 1264 4213 cohaererent
1286 4166 1360 4212 cum

183 4283 364 4369 principali.

272 4407 347 4474 347.
376 4407 436 4474 Vis
463 4401 673 4470 connexionis
705 4419 876 4466 causarum
907 4395 948 4461 ad
978 4394 1217 4482 prorogandam
1246 4392 1359 4460 iudicis
