3350 5117
309 330 353 397 58
834 350 919 398 rans
943 352 966 397 ι.

310 469 507 554 proferenda
529 475 587 554 est,
604 472 781 558 eademque
804 472 1006 559 publicanda,
1023 472 1222 540 adstantibus
1238 470 1393 559 partibus,
1409 492 1485 559 arg.

176 634 177 643 ,
308 612 383 678 cap.
406 595 461 671 10,
486 595 519 661 b.
544 599 566 661 t.

398 720 431 807 4)
455 719 559 794 Quum
583 721 707 789 arbiter
725 724 794 787 sive
810 722 898 788 iaris
912 724 982 787 sire
998 722 1328 807 compromissarios,
1346 740 1486 823 pronun-

304 848 392 951 ciato
359 848 560 923 tarbitrio‚
584 849 714 914 functus
741 850 784 917 sit
810 868 946 914 munere
969 869 1037 923 suo,
1062 849 1140 915 hinc
1168 848 1326 915 redditam
1357 854 1429 914 seut
1430 868 1486 913 eu-

307 972 385 1037 tiam
408 994 514 1059 neque
538 970 654 1061 exequi
678 994 747 1059 ipse
770 980 886 1060 potest,
903 961 1007 1060 neque
1030 981 1158 1041 mutare
1173 981 1207 1041 et
1229 975 1410 1059 corrigere;
1428 971 1484 1037 sed

309 1102 378 1166 eius
392 1090 542 1165 executio
558 1106 614 1165 aut
629 1101 790 1165 correctio
806 1098 947 1185 (quando
963 1100 1047 1164 haec
1062 1094 1133 1163 deri
1149 1097 1258 1185 possit)
1275 1096 1488 1181 relinquenda

308 1230 357 1291 est
343 1225 474 1291 tiudlci
499 1225 673 1299 ordinarie,
698 1226 851 1291 nimirum
874 1226 921 1291 illi
938 1227 994 1311 qui
1017 1225 1148 1290 aliunde
1171 1229 1356 1309 competens
1371 1224 1487 1290 fuisset

307 1350 341 1413 in
365 1350 527 1434 negotium
550 1351 781 1435 compromissi,
807 1371 883 1435 arg.
909 1371 983 1434 cop.
1002 1350 1034 1422 7,
1053 1350 1084 1414 b.
1109 1355 1140 1422 t,
1157 1354 1192 1414 et
1207 1350 1249 1413 ci.
1267 1351 1288 1415 l.
1304 1351 1325 1415 l.
1342 1350 1393 1421 19,
1418 1350 1440 1431 g
1459 1348 1488 1414 2

308 1477 339 1537 et
361 1470 421 1541 20,
448 1506 465 1519 -
492 1471 522 1535 b.
548 1476 568 1536 t.
591 1473 626 1555 ff.
652 1476 684 1537 et
706 1471 739 1544 5.
760 1472 841 1538 Coct.
858 1472 890 1536 h.
908 1477 928 1536 t.
946 1477 979 1538 et
1002 1472 1200 1559 Schmalzgr.
1222 1472 1254 1535 lt.
1272 1478 1292 1536 t.
1309 1472 1331 1553 ἓ
1346 1470 1382 1546 2,
1398 1492 1433 1535 ιι.
1451 1469 1484 1545 7,

308 1594 630 1665 etReiffenstuelh.
656 1604 676 1663 t.
700 1618 735 1663 ιι.
758 1596 846 1663 100.

397 1721 449 1787 30.
475 1720 525 1787 De
468 1720 807 1827 effectibust
738 1720 819 1787 editi
843 1720 1031 1787 arbitrii·
1056 1720 1237 1786 Arbitrium
1266 1739 1324 1785 seu
1354 1718 1484 1784 laudum

308 1842 392 1908 arbit
379 1848 504 1909 trorum
528 1844 625 1926 iuris,
642 1846 821 1913 sententiae
845 1865 865 1909 a
890 1845 1002 1909 Iudice
1024 1843 1190 1908 ordinario
1206 1822 1353 1957 prolatae
1374 1844 1485 1957 aequi-

307 1946 400 2053 parat
402 1988 451 2049 ur,
475 1966 515 2032 ab
539 1986 642 2053 eaque
672 1974 782 2073 partes
812 1968 965 2058 appellat
957 1987 1063 2033 ionem
1093 1941 1303 2053 interponere
1334 1949 1484 2051 possunt:

307 2072 382 2179 erp.
407 2113 433 2159 e.
457 2092 503 2163 11
529 2093 578 2159 De
601 2094 656 2177 off.
680 2092 786 2178 deleo.
811 2094 849 2157 ιἰι
874 2092 897 2157 6
920 2091 959 2177 (Ι,
987 2091 1050 2175 14).
1077 2092 1208 2155 Econt
1193 2094 1248 2155 tra
1278 2110 1299 2155 a
1324 2090 1486 2156 sententia

307 2218 503 2283 arbitrorum
528 2218 882 2313 compromissariorum
906 2239 971 2283 non
995 2218 1136 2303 appellat
1137 2236 1191 2292 ur;
1216 2236 1259 2281 ex
1283 2236 1358 2282 οαιι.
1383 2214 1486 2279 Ain

307 2306 610 2415 aestimantes,
636 2360 669 2425 q.
694 2341 725 2406 6.

304 2498 344 2567 ,ς
398 2465 435 2527 lu
459 2464 613 2529 maiorem
637 2462 769 2529 firmitat
756 2470 820 2529 tem
841 2465 1070 2550 compromissi,
1088 2462 1252 2528 inductum
1272 2468 1321 2529 est
1336 2468 1372 2528 ut
1386 2462 1486 2546 possit

309 2590 404 2654 etiam
429 2591 644 2675 compromitti
668 2610 740 2654 cum
764 2590 977 2674 appositione
988 2608 1121 2673 poenae
1143 2588 1196 2653 vel
1218 2587 1413 2668 iuramenti,
1430 2587 1483 2652 vel

306 2714 402 2781 etiam
426 2714 553 2778 insimul
565 2732 679 2797 poena
696 2720 729 2780 et
742 2715 934 2780 iuramento
950 2714 1104 2799 apposito.
1121 2714 1154 2778 Si
1178 2714 1212 2777 in
1235 2710 1375 2777 arbitros
1399 2732 1484 2776 com-

305 2838 511 2922 promittatur
534 2857 606 2901 cum
630 2838 828 2923 appositione
852 2856 985 2923 poenae,
1003 2837 1193 2923 intelligitur
1209 2835 1410 2903 disiunctine
1433 2855 1484 2900 ac-

306 2967 400 3047 cepta
426 2962 587 3047 obligatio,
612 2961 665 3027 vel
693 2963 807 3029 standi
837 2963 952 3035 laudo,
980 2939 1036 3029 vel
1064 2967 1174 3049 spreto
1204 2961 1310 3044 laudo,
1336 2962 1483 3028 tuendae

301 3104 455 3169 poeitae:
481 3086 542 3151 nisi
572 3086 772 3151 contrarium
804 3087 990 3171 exprimant
1020 3088 1326 3172 compromittentes,
1358 3084 1485 3151 adiecta

306 3207 451 3273 clausula
468 3227 485 3269 ιι
502 3213 577 3274 rato
600 3213 759 3275 manente
777 3214 881 3292 pacto
898 3230 916 3273 ι
935 3229 1050 3295 nempe
1073 3213 1146 3295 post
1159 3228 1283 3295 poenae
1298 3208 1481 3274 luitionem:

306 3350 381 3419 arp-
406 3351 480 3415 cap.
505 3333 575 3399 Per
597 3339 683 3406 tuns,
711 3334 742 3415 9,
767 3334 798 3400 h.
823 3340 906 3400 1.-
930 3336 969 3401 In
993 3336 1130 3420 negotiis
1160 3335 1347 3401 dirimendis
1370 3336 1410 3402 ab
1433 3356 1484 3401 ar·

305 3454 398 3521 bitris
424 3457 520 3531 iuris,
544 3458 609 3531 rix,
634 3464 690 3523 aut
720 3478 761 3523 ne
791 3459 848 3523 vix
875 3458 1014 3543 quidem,
1036 3464 1181 3545 praestat
1209 3455 1482 3545 compromittere,

305 3601 411 3666 poena
441 3587 497 3647 aut
527 3586 705 3649 iuramento
728 3582 873 3659 adiect03
898 3583 1066 3651 arbitrium
1090 3587 1175 3651 enim
1199 3584 1388 3665 huiusmodi,
1412 3605 1484 3651 seu·

304 3706 426 3769 tentiae
449 3710 656 3790 comparatur
678 3707 792 3773 iudicis
821 3706 977 3793 delegati;
1001 3707 1058 3773 sed
1084 3708 1148 3773 hoc
1174 3706 1244 3773 fleri
1269 3727 1363 3794 posse
1389 3726 1484 3772 cano·

305 3828 407 3893 nistae
430 3848 495 3893 non
518 3830 711 3895 excludunt:
735 3830 776 3894 cf.
800 3830 949 3916 Pirhing,
975 3835 1008 3895 et
1031 3831 1235 3905 Leureninm,
1262 3827 1481 3905 Reiffenstuel,

305 3951 604 4037 Schmalzgrueber,
622 3954 745 4029 Devoti,
763 3955 906 4040 aliosque
922 3955 1040 4041 passim
1063 3956 1247 4021 canonistas
1269 3956 1303 4018 in
1319 3954 1384 4020 suis
1399 3973 1485 4018 com-

304 4082 473 4145 mentariis
497 4084 530 4145 iu
554 4080 584 4145 lt.
611 4086 632 4146 t.

396 4203 633 4269 iuramentum
655 4222 735 4267 vero
758 4202 916 4269 adiectum
941 4205 1011 4270 sive
1034 4226 1108 4271 euru
1130 4206 1329 4291 appositione
1347 4223 1483 4289 poenae

304 4323 373 4387 sive
399 4344 464 4389 nou
487 4324 634 4409 apposita
651 4343 776 4408 poena,
793 4326 951 4411 sequitur,
967 4327 1002 4393 vi
1023 4346 1097 4402 sua,
1113 4334 1264 4393 naturam
1285 4333 1388 4401 actus,
1405 4346 1483 4393 cou-

302 4442 435 4510 firmaus
451 4464 493 4511 ex
507 4445 677 4532 Religione
694 4446 931 4532 obligationem,
945 4468 988 4514 ex
1000 4452 1215 4517 conventione
1227 4456 1346 4527 ortam;
1363 4470 1480 4536 nempe
