3350 5117
503 339 546 386 na
570 339 709 386 runrcus
732 339 997 388 accusarasrrcrs
1273 321 1340 386 369

159 477 197 526 ae
222 461 392 528 collocans
413 461 603 546 aequaliter
624 462 662 527 io
685 468 830 548 utroque
846 485 876 526 ›.
904 461 986 528 lllud
1017 461 1206 546 aequaliter
1226 461 1341 526 morali

160 586 256 650 modo
287 585 510 672 accipiendum
541 594 603 667 est,
628 592 661 651 et
690 587 842 652 voluntas
872 587 1051 653 huiusmodi
1082 589 1343 653 commorationis

161 711 336 794 aliquando
367 711 509 776 faciliter
535 713 762 797 praesumitur,
783 718 896 798 utputa
926 713 959 776 in
994 733 1034 777 eo
1062 713 1115 796 qui
1144 714 1178 776 in
1206 717 1343 796 utroque

160 833 235 898 locu
259 835 520 900 commorationis
544 837 634 919 quasi
657 835 823 920 aequalem
850 834 1007 900 bonorum
1032 839 1156 919 partem
1180 833 1308 899 habeat.

253 961 330 1026 336.
355 960 453 1036 Quasi
477 961 669 1026 domicilium
694 962 828 1026 sortitur
851 962 967 1044 aliquis
991 963 1023 1025 in
1046 962 1119 1025 loco
1142 961 1209 1042 illo,
1223 961 1256 1025 in
1279 979 1342 1044 quo

161 1085 252 1171 degit
274 1086 494 1152 commorandi
524 1089 641 1160 animo,
662 1107 726 1152 non
759 1089 793 1152 in
826 1094 1027 1174 perpetuum.
1045 1087 1101 1152 sed
1133 1108 1192 1172 per
1222 1107 1342 1152 annum

161 1213 219 1276 rel
240 1215 397 1278 maiorem
421 1215 497 1278 anni
520 1219 655 1299 partem.
682 1213 786 1280 Hodie
810 1219 902 1278 certa
919 1213 965 1295 (l)
982 1216 1142 1279 sententia
1163 1219 1212 1278 est
1227 1219 1343 1278 contra

163 1334 366 1422 Schmalzgr.
390 1336 422 1400 h.
446 1342 467 1402 t.
493 1355 523 1400 n.
551 1336 592 1402 19
616 1342 648 1402 et
670 1337 760 1406 alios.
785 1357 852 1401 non
883 1335 1033 1402 sufficere
1061 1335 1234 1401 notabilem
1266 1338 1343 1400 anni

162 1465 307 1546 partem;
332 1461 374 1526 cf.
395 1457 486 1526 lteiti'.
504 1461 534 1526 h.
560 1467 579 1526 t.
604 1481 639 1528 n.
663 1462 716 1526 22
739 1467 771 1526 et
795 1460 989 1528 d'Annibale
1012 1463 1039 1533 Ι,
1064 1483 1098 1527 o.
1120 1462 1176 1535 84,
1192 1467 1260 1529 ool.
1278 1462 1340 1526 20.

257 1587 446 1670 acquiritur
469 1589 561 1670 quasi
584 1586 778 1652 domicilium
797 1589 970 1653 voluntate
992 1593 1025 1651 et
1046 1585 1147 1669 sacto.
1161 1607 1225 1650 non
1249 1606 1344 1652 secus

162 1729 206 1774 ac
221 1710 427 1782 domicilium,
441 1715 473 1774 et
489 1711 566 1774 hinc
582 1711 737 1794 incoepta
762 1709 969 1778 habitatione
985 1731 1063 1776 curro
1078 1712 1250 1776 voluntate
1272 1729 1344 1774 eam

162 1833 375 1900 continuandi
399 1835 511 1900 saltem
536 1855 595 1920 per
618 1834 689 1900 fere
712 1835 734 1898 7
758 1855 894 1908 menses,
916 1837 1022 1900 statim
1053 1833 1232 1918 acquiritur
1254 1835 1345 1916 quasi

163 1957 372 2023 domicilium.
398 1957 507 2021 Talem
532 1956 652 2024 habent
677 1959 711 2022 in
733 1956 908 2022 academiis
931 1955 1072 2037 studiosi,
1096 1957 1129 2020 in
1151 1955 1224 2020 loco
1255 1956 1345 2040 legn-

166 2085 266 2150 tionis
291 2085 415 2170 Legati,
432 2085 464 2149 in
482 2083 664 2150 civitatibus
689 2085 916 2168 negotiatores.
932 2083 1057 2167 quando
1081 2083 1214 2167 quisque
1230 2102 1272 2146 ex
1287 2102 1345 2146 suo

164 2229 304 2274 munere
327 2209 379 2275 vel
404 2211 532 2295 negotio
556 2230 614 2295 per
637 2213 793 2275 maiorem
818 2211 895 2274 anni
919 2215 1044 2296 partem
1068 2209 1109 2273 ibi
1127 2207 1346 2273 commorandi

166 2333 312 2398 animum
336 2331 462 2397 habeat.
489 2332 571 2398 Heio
602 2333 698 2397 etiam
728 2335 886 2400 coluntur
909 2333 1088 2397 huiusmodi
1111 2351 1271 2416 apparere
1295 2331 1346 2396 de·

164 2458 221 2523 bet
244 2458 299 2522 vel
323 2478 478 2542 expressa
502 2461 706 2524 attestatione
729 2459 781 2525 vel
806 2460 913 2544 aliquo
936 2460 1032 2524 facto.

259 2583 337 2648 Cum
362 2585 451 2666 quasi
476 2582 669 2649 domicilium
687 2583 871 2669 expostulet
893 2584 1121 2649 habitationem
1145 2584 1345 2670 productam,

166 2706 293 2779 saltem,
318 2705 357 2771 ad
382 2708 534 2770 maiorem
559 2707 635 2772 anni
659 2711 793 2791 partem,
811 2711 900 2791 patet
922 2708 1082 2770 neminem
1107 2727 1201 2792 posse
1223 2705 1346 2770 duobus

169 2830 204 2894 in
227 2827 307 2893 locis
331 2829 453 2894 habere
477 2831 565 2912 quasi
590 2829 794 2895 domicilium.
821 2830 949 2894 Nullum
973 2828 1213 2912 dubiumquod
1232 2826 1346 2893 haberi

171 2955 271 3038 possit
295 2951 488 3017 domicilium
513 2953 545 3028 iu
561 2971 624 3018 uno
639 2952 721 3024 loco,
735 2972 765 3016 r.
784 2971 814 3036 g.
832 2952 866 3015 in
883 2950 973 3024 urbe,
987 2954 1020 3015 et
1042 2951 1131 3034 quasi
1152 2950 1347 3016 domicilium

170 3076 201 3139 in
230 3075 364 3161 oppido;
392 3081 426 3140 at
452 3077 619 3158 quaeritur
641 3095 682 3140 an
707 3075 777 3159 quis
800 3078 833 3140 iu
858 3074 969 3139 eadem
991 3073 1072 3140 urbe
1095 3077 1194 3160 possit
1224 3075 1347 3140 habere

167 3199 364 3266 domicilium
388 3199 421 3263 in
446 3219 508 3263 una
532 3201 695 3284 paroecia,
720 3206 753 3266 et
776 3201 865 3284 quasi
882 3199 1077 3266 domicilium
1092 3201 1126 3264 in
1142 3201 1215 3269 alia,
1232 3202 1264 3264 in
1285 3219 1348 3282 qua

169 3331 327 3398 moratur,
346 3343 397 3389 ex.
415 3345 464 3410 gr.
482 3325 607 3388 ratione
623 3323 804 3388 famulatus.
821 3323 941 3390 Bened.
955 3325 1047 3396 XIV,
1073 3325 1105 3387 in
1131 3323 1347 3390 institutioni-

170 3449 232 3516 bus
255 3451 332 3516 ecci.
358 3449 408 3515 33
430 3472 463 3515 o.
489 3450 535 3515 12
550 3456 580 3515 cl
596 3449 643 3515 88
665 3471 698 3514 n.
717 3449 759 3512 16
774 3449 830 3528 ait,
845 3451 877 3513 in
895 3450 954 3513 isto
978 3470 1054 3513 casu
1071 3451 1160 3532 quasi
1178 3448 1223 3532 (2)
1248 3448 1346 3512 domi·

260 3716 302 3786 (l)
321 3715 361 3768 Ci.
381 3715 503 3770 Litteras
523 3713 549 3768 S.
569 3715 598 3767 C.
619 3715 645 3768 S,
665 3714 753 3768 Officii
773 3715 831 3768 dici
855 3714 874 3764 7
893 3713 956 3766 Iun.
980 3713 1063 3766 1867
1085 3713 1164 3766 datus
1182 3713 1217 3766 ad
1235 3712 1348 3781 Episco-

172 3837 221 3891 pos
241 3821 362 3891 angliae
382 3827 410 3875 et
429 3821 511 3876 Foad.
531 3821 658 3876 Statuum
678 3821 797 3875 Ameria.
818 3850 831 3862 ·
852 3821 923 3874 Hinc
947 3821 1110 3889 derogatum
1127 3820 1182 3873 fuit
1201 3821 1255 3873 iuri
1274 3835 1348 3873 com·

176 3929 252 3981 muni
275 3929 305 3981 in
325 3929 444 3982 statibus
462 3927 543 3983 Foed.
565 3927 686 3982 Amaric.
706 3927 818 3982 decreto
838 3927 864 3980 S.
884 3926 971 3980 Officii
992 3927 1049 3980 dici
1069 3926 1089 3978 6
1106 3927 1177 3978 licii
1195 3927 1282 3992 1886,
1294 3941 1348 3996 quo

172 4038 309 4087 statutum
330 4035 383 4089 fuit
402 4051 448 4089 eos
467 4035 500 4089 de
520 4051 574 4088 una
594 4035 621 4088 in
641 4034 724 4088 aliam
750 4033 898 4088 dioecesim
918 4033 1105 4101 demigrantes
1123 4033 1250 4087 obtinere
1269 4034 1349 4102 quasi

174 4144 350 4198 domicilium
365 4160 422 4214 per
439 4146 523 4197 unius
542 4146 644 4198 mensis
663 4146 916 4197 commorationem.

261 4247 301 4318 (2)
323 4247 437 4301 interim
457 4247 618 4302 advertatur
637 4246 806 4301 domicilium
820 4247 864 4301 rel
878 4247 957 4318 quasi
969 4246 1140 4300 domicilium
1158 4262 1266 4314 semper
1284 4261 1349 4298 con·

178 4349 251 4404 trahi
272 4350 360 4406 relata
379 4350 413 4404 ad
431 4351 553 4422 aliquam
567 4351 723 4421 paroeciam
737 4355 766 4406 et
779 4350 844 4405 hinc
857 4350 979 4421 aliquem
991 4367 1051 4404 esse
1063 4350 1093 4403 in
1105 4349 1224 4404 dioecesi
1237 4365 1348 4418 vagum,

176 4460 199 4513 ai
219 4458 298 4513 nulla
318 4457 344 4512 in
365 4461 494 4529 paroecia
512 4460 605 4516 fixerit
618 4459 787 4514 domicilium
807 4459 952 4529 autquasi
971 4457 1155 4512 domicilium:
1169 4460 1202 4512 ci.
1216 4461 1261 4512 cit.
1280 4457 1348 4510 lost.

317 4567 376 4620 Soc.
398 4565 484 4636 nepa
1207 4565 1243 4618 24
