3350 5117
319 308 385 373 234
843 327 927 376 raas
952 327 974 374 1.

407 456 452 547 At
466 456 811 562 ffleffls
826 455 1007 544 hgtiusmndi
1018 455 1114 548 insse
1131 461 1305 548 exasfflt
1320 455 1494 539 ordinaria,

318 598 376 644 seu
398 581 528 643 invecta
549 583 625 643 sunt
647 578 680 642 in
710 578 877 644 ordinaria
904 579 1064 664 praetoris
1096 579 1210 660 edicta,
1234 579 1320 644 unde
1350 579 1494 664 quisque,

318 705 438 790 absque
461 704 592 789 speciali
616 704 700 769 illius
723 705 821 778 iussu,
847 704 1035 770 deturbatus
1065 706 1096 768 in
1129 725 1187 770 sua
1217 707 1417 791 possessione
1440 711 1496 772 aut

319 848 376 893 sua
398 826 599 912 possessione
622 827 774 911 spoliatus
799 827 991 913 impetrabat
1013 827 1126 893 iudicis
1153 828 1308 892 auxilium
1333 833 1365 894 et
1387 835 1496 893 auoto-

318 953 456 1021 ritatem.
478 951 632 1014 invocans
654 951 799 1014 remedia
829 953 1025 1036 possessoria
1056 971 1076 1016 a
1105 957 1256 1036 praetore
1280 953 1341 1016 iarn
1370 973 1496 1039 compa-

319 1079 399 1138 rata.
423 1110 467 1123 -
491 1073 621 1163 Exinde
629 1073 814 1160 interdicta
837 1073 954 1140 effecta
984 1081 1059 1140 sunt
1089 1076 1244 1164 actiones,
1263 1077 1496 1163 possessorioe

490 1158 587 1180 f...-

317 1196 358 1261 ab
381 1197 451 1262 aliis
474 1196 652 1262 actionibus
675 1197 779 1280 quoad
802 1202 950 1262 naturam
975 1218 1039 1261 non
1063 1197 1221 1278 diversae,
1237 1199 1295 1264 sed
1317 1199 1423 1264 adhuc
1438 1199 1495 1264 hu·

317 1322 451 1388 iusmodi
475 1321 618 1387 remedia
639 1321 812 1387 interdicta
842 1325 954 1386 vocari
982 1324 1096 1405 solent,
1122 1329 1156 1388 ut
1186 1323 1426 1409 distinguantur
1453 1325 1496 1390 ab

318 1444 495 1510 actionibus
518 1445 675 1529 petitoriis
699 1443 758 1529 (1).

406 1570 482 1636 203.
507 1570 591 1644 Quia
607 1570 689 1634 haec
713 1570 857 1635 remedia
881 1571 1048 1636 continent
1071 1571 1190 1636 iussum
1214 1591 1277 1655 quo
1300 1570 1494 1637 alteralteri

317 1697 435 1783 aliquid
459 1697 571 1763 facere
593 1701 649 1760 aut
673 1695 871 1763 nonfacere
902 1699 1110 1783 praecipitur,
1136 1697 1254 1762 exinde
1281 1698 1416 1762 intentio
1439 1698 1495 1762 ha-

318 1845 388 1889 rum
412 1825 573 1890 actionum
596 1828 645 1888 est
667 1825 771 1909 potius
794 1826 827 1888 in
851 1843 1024 1908 personam
1052 1843 1147 1908 quarn
1175 1824 1208 1886 in
1233 1843 1302 1888 rem
1326 1829 1493 1909 concepus

317 1945 403 2011 unde
425 1946 470 2011 ait
485 1928 640 2028 Ulpianus
663 1947 696 2009 in
712 1947 733 2010 t
749 1947 777 2026 1,
793 1947 815 2028 ἓ
832 1944 865 2018 3,
880 1947 916 2028 ff.
936 1946 983 2010 De
999 1945 1108 2010 inter:
1128 1967 1146 2008 r
1163 1945 1348 2012 Interdicis
1365 1945 1491 2019 omnia,

318 2069 392 2135 ticet
414 2068 451 2133 ia
474 2087 548 2133 reru
574 2069 757 2134 videantur
786 2073 957 2152 concepta,
981 2069 1015 2134 si
1044 2073 1156 2134 tamea
1186 2069 1264 2153 ipse
1289 2069 1491 2152 personalia

316 2195 394 2257 sual
417 2211 435 2253 ›
464 2210 521 2254 seu
545 2195 620 2256 sunt
643 2191 845 2256 accensenda
868 2191 1046 2257 actionibus
1077 2192 1310 2277 personalibus.
1336 2193 1417 2257 item
1441 2192 1495 2259 de-

317 2313 445 2379 ducitur
476 2333 518 2378 ex
548 2316 708 2379 sententia
738 2314 922 2388 Modestini‚
949 2317 980 2379 in
1009 2317 1029 2381 l.
1054 2315 1112 2390 52,
1138 2319 1160 2399 ἓ
1185 2318 1216 2390 7,
1240 2320 1276 2401 ff.
1300 2318 1350 2384 De
1373 2318 1437 2385 obl.
1462 2324 1496 2385 et

317 2446 391 2515 act,
416 2443 539 2506 aientis:
559 2460 577 2503 s
660 2440 855 2526 oblipomar
880 2459 925 2507 em
949 2441 1000 2506 his
1022 2461 1111 2526 quae
1134 2443 1241 2510 edicto
1256 2449 1423 2527 perpetuo
1439 2445 1492 2510 vel

316 2635 434 2711 admitti,
445 2635 511 2706 quis
521 2634 669 2689 interdicta
682 2634 831 2706 aliquando
844 2635 971 2690 absolute
983 2635 1117 2690 dirimunt
1130 2636 1320 2708 quaestionem
1339 2639 1413 2692 iuter
1426 2653 1493 2691 cou-

317 2730 461 2800 tendentes
479 2747 508 2798 et
527 2743 593 2814 quie
611 2743 746 2797 vocabulo
765 2743 908 2797 interdicti
925 2742 1079 2796 huiusmodi
1107 2742 1280 2814 etymologia
1303 2745 1416 2798 omnino
1437 2761 1493 2798 non

316 2849 454 2918 congruit,
473 2865 589 2919 eamque
615 2847 738 2902 excludit
763 2847 932 2902 lastinianus
957 2848 986 2901 in
1005 2848 1062 2900 suis
1081 2848 1145 2902 lost.
1164 2877 1201 2890 -
1219 2848 1314 2902 Nihilo
1333 2849 1423 2904 secius
1442 2849 1493 2903 lsi·

316 2955 376 3009 dori
395 2956 552 3025 opinionem
572 2953 698 3008 nonnulli
717 2954 851 3008 Doctores
876 2955 964 3008 secuti
989 2958 1063 3021 sunt,
1082 2959 1111 3010 et
1134 2955 1233 3010 exinde
1258 2953 1330 3024 apud
1355 2954 1494 3026 Hispanos

315 3062 495 3117 interdictum
513 3061 679 3130 exprimitur
696 3062 781 3115 verbo
802 3069 963 3115 entretento.

406 3167 445 3240 (Ι)
465 3168 493 3221 Si
512 3167 657 3220 historiam
675 3167 856 3236 inspiciamus
877 3167 946 3220 iuris
965 3167 1070 3220 romani
1090 3167 1162 3222 aliae
1182 3168 1266 3222 etiam
1279 3167 1403 3222 actiones
1422 3169 1493 3237 peti·

317 3277 405 3331 toriae
423 3275 458 3328 ab
478 3274 559 3327 initio
578 3272 768 3342 impetrandae
794 3277 876 3327 erant
899 3291 916 3327 e
941 3277 1068 3343 praetore
1088 3291 1137 3343 pro
1156 3274 1267 3343 singulo
1286 3291 1360 3342 casu,
1373 3275 1443 3330 adeo
1461 3281 1494 3329 ut

316 3386 402 3439 iudex
420 3400 474 3437 non
494 3382 661 3436 decernebat
679 3381 712 3434 de
731 3381 792 3436 iure
812 3382 885 3436 inter
904 3386 998 3452 partes
1024 3386 1211 3443 controverso,
1226 3384 1278 3436 nisi
1304 3384 1355 3452 ipsi
1375 3388 1493 3439 conten·

315 3489 413 3544 dentes
432 3492 514 3542 antea
533 3485 604 3554 apud
631 3491 787 3554 praetorem
812 3488 873 3554 (seu
892 3489 921 3541 in
940 3488 1013 3556 iure)
1038 3488 1224 3543 obtinuissent
1242 3489 1286 3542 ius
1307 3489 1491 3544 contendendi

315 3584 492 3649 iudicialiter.
512 3595 551 3646 At
569 3592 638 3647 haec
655 3593 779 3648 defensio
798 3594 939 3649 iudicialis
963 3613 1011 3649 seu
1030 3597 1100 3650 actio
1120 3612 1250 3650 concessa
1271 3597 1378 3650 civibus
1396 3613 1413 3648 a
1431 3613 1493 3650 ma·

316 3699 435 3769 gistratu
454 3715 504 3768 pro
521 3698 633 3766 singulo
646 3714 712 3751 casu
730 3714 786 3751 non
805 3703 916 3767 poterat
934 3700 1095 3755 satisfacere
1108 3700 1267 3754 necessitati
1280 3700 1423 3754 societatis
1435 3701 1491 3754 iarn

315 3802 444 3858 evolutae
462 3807 492 3857 et
510 3802 575 3856 hinc
600 3808 697 3871 postea
721 3819 771 3874 per
797 3804 888 3859 edicta
914 3811 1047 3875 perpetua
1073 3811 1248 3876 comparatae
1273 3812 1338 3860 sunt
1360 3808 1490 3862 actiones

315 3910 405 3970 Quare
424 3925 525 3963 nomen
543 3911 658 3962 aelionis
677 3909 860 3964 diversimode
881 3915 962 3964 sonet
974 3911 1001 3964 in
1016 3911 1219 3982 antiquioribus
1237 3889 1410 3966 documentis
1422 3913 1492 3966 iuris

314 4014 429 4080 romani,
449 4031 481 4066 ac
500 4013 581 4066 modo
601 4014 703 4082 passim
722 4014 901 4083 intelligitur.
914 4043 951 4056 -
964 4015 1033 4068 ltem
1052 4016 1152 4070 exinde
1165 4015 1306 4071 revelatur
1325 4018 1492 4087 primigenia

315 4122 392 4175 notio
411 4121 529 4175 actionis
547 4121 685 4175 iudicialis
704 4122 816 4176 innixae
836 4122 964 4190 publicae
987 4123 1164 4188 auctoritati;
1190 4126 1219 4178 et
1244 4127 1320 4178 recte
1338 4123 1491 4193 percipitur
1524 4143 1527 4149 ·

315 4244 411 4281 sensus
430 4246 488 4296 cup.
501 4229 530 4294 2,
550 4227 592 4281 De
611 4229 656 4298 effi
675 4228 732 4280 iud.
755 4228 784 4280 X
802 4226 832 4297 (l,
856 4227 910 4296 29),
926 4227 973 4282 ubi
993 4229 1102 4282 dicitur:
1124 4229 1270 4284 «Iudiciis
1289 4229 1411 4300 officium
1428 4233 1490 4285 ubi·

316 4349 432 4402 curisque
446 4349 502 4402 pro
514 4338 622 4388 actione
635 4335 814 4404 proponitur,
827 4334 918 4388 veluti
936 4351 999 4388 cum
1018 4335 1154 4390 restitutio
1168 4339 1197 4389 ia
1209 4339 1352 4406 inteprum
1365 4337 1492 4406 posticia·

316 4445 364 4490 tur
381 4439 434 4489 etc.
449 4454 465 4487 »
