3350 5117
512 306 554 353 nn
579 305 717 353 runicus
741 302 1008 351 sccunsrssmcrs
1285 282 1348 347 527

262 430 295 514 4)
311 430 344 493 iu
367 448 441 513 cap.
455 429 487 511 6,
503 429 553 495 De
576 427 672 495 cond.
686 427 831 510 apparit.
856 426 889 490 X
903 424 976 511 (IV,
991 424 1034 506 5),
1056 425 1109 489 ubi
1134 423 1350 489 concumbens

172 575 244 620 cum
270 574 424 639 ecquam
449 552 507 620 sub
531 553 713 620 conditione
745 552 1008 639 desponsaverat,
1032 553 1249 637 praesumitur
1272 571 1351 616 con·

173 676 324 741 ditionem
350 680 521 759 remisisse,
546 684 579 745 at
600 677 746 744 absolute
770 678 802 741 in
821 678 1058 741 matrimonium
1082 677 1292 750 consensisse
1319 680 1353 738 et

263 804 296 888 5)
319 805 352 867 in
376 805 581 869 matrimonio
601 808 836 887 praesumpto,
860 823 931 887 arg.
956 821 1030 884 cap.
1049 800 1108 881 30,
1133 799 1300 883 Despon.
1319 800 1353 864 X

173 928 246 1014 (IV,
271 929 305 1013 5)
333 928 450 1013 ubique
480 930 613 1014 vigente
645 928 730 1000 olim,
762 933 935 1011 antequam
965 927 1227 1012 promulgaretur
1258 930 1353 1011 caput

180 1056 328 1123 Tametsi
353 1092 370 1107 ·
398 1058 497 1123 Cone.
528 1056 633 1126 Trid..
661 1056 751 1133 (sess.
775 1056 834 1136 24,
860 1054 914 1120 De
936 1054 1000 1137 res.
1024 1060 1105 1119 mat.
1134 1074 1161 1119 c.
1184 1053 1215 1140 1)
1239 1052 1351 1118 nullibi

174 1182 311 1265 amplius
342 1178 545 1245 observando
569 1199 612 1243 ex
634 1180 822 1263 nuperrimo
854 1178 985 1243 decreto
1014 1178 1047 1243 S.
1080 1177 1197 1262 Congu.
1229 1176 1260 1242 S.
1289 1172 1351 1243 Off.

174 1322 204 1367 a.
221 1302 322 1383 1892,
340 1302 382 1366 16
396 1301 482 1385 febr.
498 1337 541 1349 —
558 1300 686 1366 Exinde
714 1320 850 1385 sponsus
870 1318 1068 1385 cognoscens
1091 1318 1181 1362 suam
1204 1318 1353 1384 sponsam

174 1427 217 1493 de
239 1426 368 1509 futuro,
386 1424 652 1510 praesumebatur
684 1425 801 1489 secisse
832 1404 1120 1493 affectu'maritali
1153 1435 1186 1492 et
1214 1427 1353 1491 voluisse

175 1548 374 1615 contrahere
397 1550 439 1615 de
454 1548 637 1631 praesenti.

264 1672 340 1738 523.
365 1673 456 1747 Quod
480 1674 756 1758 praesumptiones
778 1671 866 1737 iaris
889 1678 922 1737 et
945 1672 984 1737 de
1007 1674 1082 1739 inre
1106 1693 1169 1737 non
1186 1673 1354 1739 admittant

176 1794 397 1882 probationem
430 1798 635 1869 contrariam,
667 1796 712 1858 ita
742 1794 986 1881 intelligendum
1018 1803 1078 1864 est.
1096 1798 1265 1863 ,Nimirum
1289 1818 1354 1862 non

175 1924 347 1990 admittunt
370 1923 454 2008 quod
477 1926 677 1988 instauretur
699 1922 866 1989 indiciam
881 1923 921 1989 ad
938 1923 1142 1991 refutandam
1159 1945 1354 2009 consequen·

133 2116 142 2131 ,
176 2052 253 2114 tiam
277 2049 317 2115 ab
341 2051 408 2135 ipso
433 2050 504 2113 iure
527 2047 688 2113 inductam
705 2068 748 2113 ex
771 2051 871 2113 certis
893 2049 997 2122 tactis,
1022 2067 1078 2114 seu
1103 2070 1167 2113 nou
1183 2050 1354 2115 admittunt
1453 2094 1458 2101 ·

177 2174 398 2259 probationem
430 2170 556 2238 directe
587 2174 800 2250 contrariam;
833 2174 890 2237 sed
920 2193 985 2237 non
1017 2181 1149 2259 possunt
1180 2174 1354 2240 excludere

177 2299 347 2381 quominus
359 2296 522 2363 indirecte
533 2295 719 2362 destruatur
734 2298 803 2381 ipsa
818 2300 1089 2383 praesumptionis
1104 2300 1286 2384 applicatio,
1304 2300 1353 2366 de·

178 2417 386 2483 monstrando
402 2418 491 2484 facta
513 2418 565 2481 vel
585 2416 784 2483 conditiones
808 2438 872 2482 non
889 2422 1031 2483 existere
1046 2419 1161 2504 quibus
1178 2423 1226 2485 ius
1242 2418 1356 2489 fundat

177 2562 268 2607 suam
292 2542 593 2626 praesumptionem.
611 2541 660 2605 lta
677 2548 791 2607 eontra
814 2542 1072 2607 matrimonium
1091 2551 1355 2627 praesumptam

179 2673 305 2754 poterat
329 2666 541 2731 demonstrari
567 2666 739 2730 existentia
762 2665 978 2750 impedimenu‘
1006 2668 1091 2731 iuter
1114 2653 1247 2753 sponsos
1271 2669 1353 2733 diri·

179 2793 294 2856 mentis
318 2790 538 2875 quodcumque
563 2789 725 2855 vinculum
742 2789 920 2880 coniugale.
940 2788 1030 2855 Unde
1054 2790 1274 2856 concludimus
1296 2792 1356 2856 bas

179 2934 243 2978 non
256 2911 427 2977 admittere
438 2910 644 2996 probationes
656 2910 781 2977 directe
794 2911 985 2991 contrarias,
998 2910 1168 2977 admittere
1180 2932 1259 2977 vero
1271 2914 1356 2979 indi·

178 3040 297 3101 reetas.
313 3033 360 3100 cf.
374 3031 664 3117 Schmalzgrueber
688 3030 718 3095 h.
736 3037 756 3096 t.
771 3052 803 3095 n.
818 3030 868 3095 42
884 3034 917 3095 et
941 3030 1151 3099 Reidenstuel
1174 3034 1205 3097 b.
1221 3039 1241 3099 t.
1258 3055 1292 3098 n.
1306 3034 1357 3101 53

178 3166 299 3245 etseq.
325 3196 343 3209 -

271 3289 553 3371 Praesumptiones
582 3286 670 3351 inris
693 3284 823 3371 proprie
842 3284 959 3348 dictae
983 3304 1041 3349 seu
1070 3286 1158 3352 iaris
1177 3288 1314 3369 positivi
1337 3310 1357 3351 a

180 3434 242 3498 quo
266 3415 389 3477 initium
417 3419 449 3478 et
472 3419 589 3479 statum
606 3414 744 3498 capiunt.
769 3413 833 3474 vim
858 3409 979 3476 habent
999 3412 1115 3497 plenae
1139 3414 1355 3498 probationis;

181 3534 236 3598 sed
257 3535 331 3617 quia
346 3534 517 3598 admittunt
531 3533 752 3619 probationem
769 3534 977 3614 contrariam,
994 3534 1071 3599 hinc
1088 3536 1120 3599 in
1136 3535 1356 3601 adversarium

180 3660 382 3725 transferunt
416 3680 498 3725 rinus
533 3659 710 3743 repellendi
747 3660 925 3724 huiusmodi
957 3660 1177 3745 probationem
1214 3663 1358 3748 tepatem

181 3802 264 3866 quae
289 3782 328 3846 de
352 3804 396 3855 se,
410 3784 470 3846 nisi
494 3782 678 3848 destruatur
702 3783 875 3847 contrariis
898 3788 1106 3866 argumentis,
1131 3791 1180 3851 est
1195 3784 1358 3851 sufficiens

181 3905 223 3969 ad
245 3907 436 3969 sententiam
460 3904 664 3971 definitivam.
684 3906 826 3971 Proinde
851 3906 964 3990 regula
980 3925 1063 3989 quae
1086 3910 1202 3992 passim
1218 3911 1358 3975 traditur

182 4028 265 4115 apud
297 4031 489 4103 canonistas,
514 4050 643 4116 nempe:
670 4052 688 4095 ‹
713 4032 799 4097 inris
818 4032 1117 4113 praesumptiones
1138 4035 1291 4099 relevare
1315 4034 1358 4101 ab

182 4173 285 4220 ancre
303 4154 480 4237 probandi
502 4175 580 4221 enm
610 4151 647 4221 in'
671 4156 766 4223 cuins
792 4156 948 4240 fauorem
971 4156 1117 4221 mddant
1140 4180 1158 4218 »
1185 4158 1356 4245 significat,

182 4278 283 4362 ipsam
310 4278 397 4343 inms
420 4282 710 4365 praesumptionem
741 4301 812 4345 esse
836 4281 963 4365 plenam
994 4280 1225 4366 probationem,
1251 4291 1358 4351 tamen

181 4405 353 4475 obnoxiam
378 4405 622 4473 contradictioni
647 4407 834 4488 adversarii,
861 4407 913 4491 qui
938 4406 1055 4471 docere
1079 4413 1192 4492 potest,
1219 4412 1249 4473 iu
1282 4431 1358 4477 casu
