3350 5117
304 304 368 370 140
827 322 912 369 raas
934 322 956 369 1.

390 445 543 521 Quamvis
570 447 603 511 in
620 448 725 531 capite
745 447 870 513 Clerici
886 466 951 511 non
966 445 1104 511 addatur
1119 450 1236 530 quarta
1258 445 1397 513 conditio
1415 466 1433 509 a
1449 451 1482 512 et

295 591 364 655 pro
388 572 575 637 coniunctis
594 572 751 655 personis
774 594 792 633 a
819 590 975 657 expressa
1005 573 1039 636 in
1069 591 1139 657 cap.
1168 568 1252 636 Cum
1276 570 1479 644 Sacerdotis,

299 695 382 761 haec
405 699 513 759 tamen
537 696 571 758 in
595 695 656 759 illis
679 693 783 759 tribus
806 696 994 761 virtualiter
1024 697 1217 768 continetur,
1239 698 1356 782 quippe
1382 697 1481 760 etiarn

302 822 465 885 coniuncti
489 820 577 884 inter
600 818 800 885 miserabiles
823 840 980 905 personas
1002 825 1226 893 numerantur,
1241 840 1312 886 cum
1340 821 1480 886 clericus

302 942 417 1007 debeat
432 962 486 1007 eos
509 942 685 1010 defendere
703 964 721 1007 a
738 944 768 1010 si
789 945 970 1011 necessitas
988 945 1163 1011 immineat
1178 967 1210 1018 s,
1223 950 1258 1009 ut
1274 946 1385 1013 statuit
1399 963 1475 1027 cap.

303 1065 389 1134 Cam
414 1066 617 1135 Sacerdotis.

388 1194 421 1279 4)
446 1194 573 1269 Clerici,
592 1193 717 1267 deinde,
734 1200 898 1279 nequeunt
913 1214 1114 1279 quocumque
1137 1195 1169 1257 iu
1193 1193 1346 1260 tribunali
1363 1200 1480 1260 contra

303 1319 491 1392 Ecclesiam,
509 1320 543 1383 in
566 1336 629 1403 qua
652 1317 773 1383 habent
794 1316 998 1391 beneficium,
1014 1338 1075 1402 pro
1099 1317 1266 1382 extraneis
1288 1316 1479 1382 advocatum

298 1462 410 1529 agera
427 1448 459 1507 el
474 1444 501 1508 si
525 1442 556 1508 id
580 1442 710 1515 faciant,
728 1442 761 1505 in
786 1460 923 1525 poenam
946 1442 1065 1526 ingrati
1081 1441 1179 1506 animi
1195 1443 1306 1507 valent
1321 1440 1479 1506 beneficio

299 1588 356 1633 suo
380 1568 513 1653 privari,
539 1587 581 1631 ex
605 1586 678 1650 cap.
703 1564 737 1638 3,
762 1568 784 1649 S
810 1566 971 1641 Clericus,
997 1566 1051 1631 De
1072 1572 1159 1651 post.
1185 1568 1225 1631 X.
1251 1568 1385 1650 Inquarn
1404 1586 1473 1650 pro

297 1691 492 1773 extranei&
515 1694 623 1776 posset
646 1690 731 1753 enim
754 1707 818 1772 pro
843 1707 887 1769 se,
904 1709 963 1773 pro
979 1689 1229 1756 miserabilibus
1252 1690 1397 1782 personis
1420 1694 1477 1755 aut

301 1834 360 1900 pro
376 1816 527 1881 Ecclesia
552 1814 585 1878 in
609 1834 671 1899 qua
695 1814 780 1880 torte
808 1820 858 1881 est
888 1815 1061 1900 praelatus,
1079 1821 1193 1882 contra
1208 1816 1295 1881 illam
1312 1816 1479 1902 postulare

297 1958 317 2002 a
340 1957 402 2021 qua
426 1936 615 2004 beneficium
640 1937 752 2003 habet:
780 1938 822 2003 cf.
848 1938 986 2024 l’irhing
1008 1940 1056 2003 tit.
1073 1939 1123 2004 De
1143 1944 1230 2022 post.
1255 1960 1289 2003 a.
1305 1939 1348 2003 14
1370 1944 1402 2004 et
1422 1938 1476 2005 15.

385 2060 418 2146 5)
443 2060 579 2157 Qm'ois
599 2060 746 2149 (Qu
769 2060 836 2125 sire
853 2060 1028 2125 maioribus
1051 2062 1119 2126 sive
1135 2060 1320 2137 minoribus,
1338 2062 1406 2125 sive
1421 2060 1478 2125 be·

298 2182 446 2249 aeficium
471 2185 725 2251 ecclesiasticum
758 2182 900 2248 habeant
929 2186 998 2249 sive
1029 2204 1067 2249 eo
1096 2191 1247 2258 careant,
1272 2186 1406 2269 petitum
1428 2191 1478 2254 est

297 2311 450 2403 ωε
473 2309 650 2407 sanguinis,
675 2327 790 2393 nempe
809 2309 936 2393 capitis,
961 2307 1014 2373 vel
1037 2308 1247 2373 mutilationis
1266 2327 1334 2391 pro
1361 2313 1477 2375 actore

297 2434 509 2517 patrocinium
527 2452 655 2517 gerere,
673 2451 789 2515 nempe
811 2437 849 2496 ut
872 2451 946 2496 reus
969 2450 1074 2516 poena
1097 2432 1270 2515 plectatur;
1294 2437 1328 2495 et
1350 2430 1414 2496 hoc
1435 2430 1476 2495 ob

297 2558 477 2641 periculum
500 2557 775 2645 irrepularitatis.
801 2592 845 2604 -
870 2557 938 2620 Imo
962 2563 997 2622 ut
1019 2555 1158 2621 advertit
1185 2555 1290 2621 Abbas
1305 2557 1337 2621 iu
1355 2576 1430 2640 cap.
1447 2557 1475 2629 1,

295 2702 329 2747 a.
354 2683 387 2755 5,
414 2683 460 2747 tit.
487 2682 537 2747 De
555 2682 774 2765 postulando,
791 2682 890 2746 tutius
909 2686 959 2747 est
990 2687 1024 2748 ul
1054 2682 1088 2745 in
1119 2680 1237 2746 talibus
1268 2683 1372 2747 causis
1402 2701 1476 2747 sesa

295 2826 359 2871 non
383 2808 583 2872 immisceant
607 2826 711 2889 neque
734 2806 781 2870 acl
804 2824 903 2870 reum
926 2804 1172 2887 defendendum,
1187 2826 1228 2871 ne
1260 2827 1336 2871 reus
1358 2806 1399 2871 ob
1421 2826 1476 2891 pa·

295 2930 381 2994 troni
405 2930 598 3015 imperitiam
622 2928 809 3003 damnetur;
834 2930 897 2993 nisi
921 2928 1064 2993 charitas
1087 2948 1145 2993 seu
1168 2930 1343 2994 necessitas
1365 2928 1475 2994 deten-

295 3058 393 3122 sionis
417 3062 541 3142 urgeat.
567 3058 614 3122 Cs.
640 3058 753 3129 Bouix,
779 3054 832 3121 De
854 3056 926 3121 iad.
951 3062 1010 3121 etc.
1042 3056 1135 3122 Tum.
1161 3058 1247 3139 Lp.
1271 3056 1351 3122 201.

385 3180 417 3267 6)
442 3181 586 3246 Tandem
609 3181 738 3246 clericis
761 3180 908 3245 omnibus
939 3181 1034 3245 etiarn
1066 3180 1294 3247 Sacerdotibus
1318 3182 1475 3265 sineque

296 3327 337 3371 ex
364 3306 517 3372 reditibus
540 3308 766 3373 ecelesiasticis
791 3326 896 3390 neque
919 3306 1048 3371 aliunde
1075 3313 1223 3392 suppetat
1246 3306 1332 3371 unde
1351 3308 1473 3381 vivant,

294 3434 382 3499 licito
394 3438 527 3518 possunt
540 3432 729 3497 advocatum
742 3452 842 3516 agere
853 3438 920 3496 tum
937 3433 969 3495 in
981 3432 1054 3496 foro
1066 3432 1150 3497 laico
1163 3438 1230 3498 tum
1244 3433 1473 3499 ecclesiastico:

295 3575 390 3639 quam
415 3554 654 3619 conclusionem
670 3555 756 3619 inter
772 3554 835 3617 DD.
854 3573 1056 3618 communem
1071 3555 1115 3619 ita
1131 3554 1318 3639 comprobat
1334 3553 1475 3639 Pirhing

295 3684 327 3745 in
352 3681 398 3744 tit.
425 3678 483 3751 37,
509 3678 564 3744 lib.
587 3680 613 3750 I,
631 3699 664 3743 a.
688 3679 750 3742 10.·
777 3700 795 3739 «
821 3678 900 3741 Nam
924 3678 1113 3742 siclericus
1137 3680 1258 3744 rictum
1274 3678 1473 3744 etveslitum

295 3804 354 3870 sibi
379 3824 537 3887 qrraorere
561 3808 665 3888 potest
689 3802 874 3868 exercendo
897 3802 1128 3888 agriculturam
1154 3805 1242 3881 (can.
1270 3803 1423 3869 Clericus
1438 3801 1473 3876 3,

294 3930 376 3996 Dist.
396 3928 573 4016 01),mu1t0
598 3930 700 4015 magis
717 3931 748 3994 in
764 3930 821 3995 tali
838 3931 1032 3994 necessitate
1048 3929 1166 4013 polerit
1181 3947 1342 3993 exercere
1357 3948 1474 3993 munus

294 4051 568 4125 advocationis....,
594 4057 626 4117 et
648 4053 673 4117 si
699 4050 819 4116 clerico
851 4051 927 4116 licet
953 4050 1114 4116 advocare
1141 4072 1200 4135 pro
1223 4052 1418 4138 pauperibus
1441 4058 1475 4118 et

293 4174 365 4238 aliis
389 4173 625 4239 miserabilibus
648 4174 806 4259 personis,
825 4173 926 4237 multo
945 4174 1048 4258 magis
1071 4174 1134 4238 erit
1150 4176 1179 4239 ei
1202 4175 1325 4240 licitum
1342 4181 1378 4241 ut
1392 4196 1473 4261 pro-

293 4294 383 4378 priae
406 4297 589 4363 necessitati
614 4296 760 4361 consulat
761 4344 813 4359 .....
831 4296 937 4360 »Pro
953 4294 1079 4361 casibus
1094 4297 1287 4381 specialibus
1310 4317 1390 4364 vero
1406 4299 1474 4364 cle·

293 4416 353 4480 rici
377 4417 547 4503 consulant
570 4419 600 4485 S.
626 4417 740 4485 Sederu
764 4424 805 4493 et,
823 4424 859 4483 ul
878 4422 1016 4486 testatur
1040 4418 1160 4485 Bened.
1177 4420 1262 4487 XlV
1277 4421 1311 4484 in
1334 4420 1355 4485 l.
1372 4441 1475 4507 supra
