3350 5117
501 339 545 385 ou
570 338 997 386 1uo1cuseccuus1asr1cts
1031 373 1034 376 .
1273 316 1341 382 387

342 603 364 685 ἓ
387 602 421 668 3.
448 603 496 668 De
519 600 742 684 competentia
764 603 815 666 cet
839 601 945 708 datia
967 602 1020 668 cet
1045 602 1155 699 natta.

159 811 374 869 Summarium.
388 844 422 857 -
438 814 499 869 350.
519 814 603 870 ludex
622 816 664 869 cui
686 815 818 868 obiicitur
837 818 1058 885 incompetentia,
1077 815 1152 870 videt
1171 814 1205 868 de
1224 812 1278 867 hac
1294 829 1341 868 ex·

247 919 383 986 ceptione.
403 947 439 959 -
458 918 519 972 351.
539 919 657 979 Quinam
676 919 714 972 sit
732 918 815 972 iudex
835 919 869 973 de
888 918 972 972 dubia
985 919 1174 988 competentia
1186 919 1260 974 inter
1272 918 1342 973 duos

248 1027 354 1082 iudices
373 1025 470 1082 eccles.
491 1056 525 1068 -
544 1027 604 1082 352.
619 1029 662 1081 An
676 1027 790 1084 valeant
803 1037 884 1097 gesta
897 1045 913 1081 a
926 1027 1016 1082 iudice
1027 1031 1161 1098 pietative.
1174 1026 1288 1083 -353.
1302 1027 1341 1082 De

248 1132 436 1200 competentia
454 1134 562 1185 ratione
580 1135 703 1202 proetus:
724 1133 875 1185 remissive.

249 1327 325 1392 350.
352 1325 434 1400 Quia
457 1325 554 1390 iudex
576 1326 689 1411 incipit
711 1345 801 1391 suam
829 1345 988 1390 exercere
1016 1327 1264 1412 competentiam
1290 1325 1339 1390 ci·

160 1451 257 1516 tando
282 1472 372 1517 reum
396 1453 436 1517 ad
460 1473 551 1518 suum
575 1451 726 1523 tribunal.
744 1453 769 1515 si
786 1452 904 1516 citatus
920 1453 950 1517 ei
965 1451 1109 1516 subditus
1126 1471 1190 1516 non
1206 1453 1259 1533 sit,
1275 1470 1341 1515 non

161 1581 291 1641 tenetur
315 1577 455 1658 obedire,
472 1578 546 1660 quia
561 1582 662 1642 caetra
678 1575 888 1642 territorium
903 1576 957 1641 ime
973 1577 1097 1641 dicenti
1112 1577 1253 1658 impone
1267 1594 1339 1643 non

158 1707 314 1784 paretur.
338 1701 401 1768 Sed
425 1701 595 1785 aliquando
620 1706 670 1766 est
692 1699 788 1765 dubia
812 1701 1027 1784 competentia
1050 1707 1082 1765 et
1103 1706 1182 1765 tunc
1212 1701 1338 1781 citatus,

162 1824 323 1906 indubie,
348 1845 537 1910 comparere
561 1823 672 1899 debet;
698 1845 732 1890 se
756 1825 859 1910 ipsum
880 1843 959 1888 vere
975 1822 1126 1888 defendet
1140 1823 1340 1905 exceptione

160 1951 230 2034 fori
262 1951 495 2032 dedicatoria,
529 1951 619 2016 cuius
655 1951 797 2014 rationes
828 1947 1013 2032 probandae
1047 1955 1137 2024 sunt;
1169 1948 1339 2034 etquidem

161 2099 241 2145 rens
265 2078 466 2162 emeipieado
490 2079 525 2163 fit
548 2082 653 2142 octor.

253 2201 300 2266 De
323 2201 385 2266 hac
409 2201 631 2266 controversia
655 2203 829 2285 cognoscet
849 2200 917 2284 ipse
939 2197 1046 2271 iudex,
1064 2200 1154 2263 cuiue
1173 2199 1340 2284 incompe-

163 2327 264 2389 tentia
287 2323 448 2408 excipitur
472 2326 561 2389 iuxta
592 2323 670 2388 iuris
695 2323 904 2408 principium:
932 2323 1144 2388 «Praeterit
1174 2323 1266 2389 enim
1293 2329 1343 2389 eet

162 2445 361 2512 emittimure
384 2465 431 2510 on
454 2465 518 2510 etta
540 2445 584 2510 eit
605 2444 812 2510 iurisdictio:
835 2443 946 2510 ceroti
968 2449 1082 2510 cutem
1104 2450 1161 2526 eet,
1178 2464 1249 2511 noa
1264 2465 1343 2511 con·
1383 2427 1386 2432 ¹

163 2578 313 2638 temnere
336 2572 571 2638 auctoritatem
590 2569 765 2654 praetoria
778 2591 807 2642 r,
825 2590 868 2634 ex
892 2572 914 2635 t.
938 2567 977 2634 Si
999 2571 1076 2655 qnia
1098 2591 1144 2637 etc
1170 2571 1342 2657 otienoff.

165 2693 217 2760 De
239 2695 310 2759 ieet.
336 2700 368 2759 et
390 2712 435 2759 em
458 2712 533 2776 cop.
559 2694 581 2758 7
604 2693 655 2759 De
678 2692 770 2758 Prie.
797 2693 831 2758 X
853 2691 908 2777 (V,
933 2693 998 2779 33).
1025 2695 1135 2778 Neque
1158 2695 1275 2779 opponi
1290 2715 1346 2779 po·

162 2823 226 2884 test
254 2820 317 2884 otia
347 2819 510 2905 generalis
542 2820 674 2904 regula:
705 2839 805 2886 nemo
833 2820 941 2885 tndem
971 2820 1009 2884 in
1040 2839 1145 2886 coneo
1171 2820 1345 2903 propria3

165 2965 239 3009 uam
269 2943 351 3009 haec
381 2963 479 3011 causa
509 2944 621 3010 iudicis
648 2945 798 3028 proprio
828 2944 892 3010 dici
923 2964 988 3008 non
1022 2948 1136 3030 potest.
1170 2944 1345 3010 criterium

164 3071 249 3134 enim
274 3070 313 3134 ad
337 3069 587 3156 dignoscendum
612 3076 720 3136 utrum
746 3090 844 3134 causa
860 3071 994 3135 alicuius
1011 3071 1143 3154 propria
1158 3072 1201 3137 sit
1216 3089 1276 3136 nee
1292 3091 1343 3143 ne,
1445 3108 1448 3112 ι

163 3194 260 3262 datur
282 3196 315 3259 in
340 3197 360 3262 t.
385 3195 404 3258 1
426 3197 448 3277 ἓ
472 3197 515 3260 In
534 3196 683 3280 proprio
701 3196 738 3279 ff.
758 3195 900 3266 Quando
917 3193 1162 3276 appellandum
1178 3195 1230 3275 eit,
1249 3200 1346 3260 otest

167 3343 280 3390 «eom
302 3341 373 3388 etse
391 3322 575 3414 propriam
599 3341 740 3387 canaam
764 3319 861 3386 cuim
883 3321 1147 3386 emolumentum
1170 3321 1223 3386 oet
1244 3321 1347 3386 etam-

163 3466 250 3514 rmm
273 3445 321 3510 od
343 3445 502 3530 ationem,
527 3465 588 3511 auo
611 3445 759 3526 nomine,
780 3444 930 3526 pertinet
944 3467 975 3508 a.
1001 3444 1073 3508 Hoc
1097 3450 1145 3509 est
1175 3447 1345 3512 criterium

164 3566 415 3641 fundamentale
437 3587 499 3651 quo
523 3567 726 3652 dignoscitur
748 3587 789 3630 an
814 3569 884 3650 quis
908 3567 941 3630 in
964 3566 1073 3650 aliqua
1097 3587 1195 3633 causa
1217 3576 1345 3653 partem

165 3691 284 3757 habeat
306 3713 364 3758 seu
386 3713 429 3757 an
452 3693 551 3778 possit
574 3711 703 3757 causam
727 3693 907 3773 instituere,
931 3691 987 3757 vel
1010 3691 1043 3755 iu
1071 3691 1183 3757 eadem
1213 3713 1346 3778 respon·

163 3811 255 3879 dere.
279 3815 377 3898 Atqui
400 3813 523 3879 habere
549 3815 602 3879 vel
634 3815 739 3880 minus
771 3815 1018 3900 competentiam
1049 3814 1081 3878 in
1112 3815 1220 3898 aliqua
1250 3837 1348 3882 causa

166 3959 228 4006 uec
251 3939 368 4006 damno
392 3961 452 4006 nec
477 3941 589 4006 iudicis
612 3941 827 4006 emolumento
852 3941 959 4020 vertit,
984 3938 1069 4003 unde
1100 3942 1248 4023 sequitur
1270 3941 1347 4006 iudi-

164 4082 237 4128 cem
261 4061 300 4126 de
323 4061 419 4127 dubia
447 4063 515 4128 eius
543 4045 758 4148 competentia
789 4065 891 4150 ipsum
920 4051 1118 4146 cognoscere
1141 4062 1274 4130 debere.
1299 4065 1347 4130 Si·

164 4183 294 4268 quidem
318 4183 462 4250 defectus
485 4186 719 4270 competentiae
736 4203 799 4248 non
822 4182 922 4249 laedit
937 4203 1109 4267 personam
1131 4185 1254 4259 iudicis,
1273 4188 1348 4270 quia

165 4305 399 4389 competentiae
434 4303 514 4369 ordo
548 4304 781 4369 determinatur
811 4321 832 4367 a
862 4304 950 4378 iure;
975 4322 1079 4386 neque
1102 4304 1157 4368 hic
1187 4303 1346 4378 detectus,

167 4429 280 4495 iudicis
302 4431 418 4497 minuit
441 4431 677 4516 patrimonium,
694 4430 811 4516 quippe
834 4429 953 4495 iudicia
970 4430 1084 4496 eccles.
1103 4437 1177 4497 sunt
1194 4433 1346 4517 gratuita.
