3350 5117
303 297 366 362 168
823 324 907 372 ruas
932 327 970 373 1.=

300 438 514 507 constituatur
537 447 732 525 procurator
759 445 792 511 in
822 446 927 511 locum
958 452 1086 534 prioris,
1104 454 1155 517 vel
1179 454 1206 518 si
1230 453 1377 521 dominus
1404 457 1473 541 ipse

300 561 431 647 incipiat
453 584 492 629 ea
515 566 635 641 lacere,
650 588 732 652 quae
756 575 961 656 procuratori
985 574 1254 645 demandaverat:
1278 580 1320 645 ct.
1342 600 1416 665 cap.
1435 581 1475 648 si

300 704 410 769 quem.
436 688 460 754 8
481 689 532 757 Dc
549 700 727 775 procurat.
752 695 790 761 in
813 696 836 763 6
860 694 898 783 (Ι,
925 698 991 785 19).

388 812 422 897 3)
444 813 555 881 Cessat
570 825 711 904 potestas
727 826 958 906 procuratoris,
976 828 1243 895 rectractatione.
1260 831 1382 897 Tamen
1397 852 1472 918 pro-

301 940 442 1012 curator,
465 946 630 1026 postquam
654 945 838 1013 mandatum
862 950 1010 1035 suscepit
1035 953 1230 1017 renunciare
1257 974 1323 1018 non
1351 961 1472 1039 potest,

298 1059 398 1125 invito
422 1060 558 1137 donnino,
576 1070 682 1151 prouti
706 1071 805 1135 invito
820 1078 1033 1158 procuratore
1056 1074 1202 1140 dominus
1225 1096 1299 1142 eum
1314 1097 1475 1144 revocare

299 1202 364 1248 non
386 1193 501 1270 potest,
525 1199 676 1275 suscepto
700 1194 771 1259 ium
793 1198 926 1283 nepotio
942 1216 1003 1264 seu
1016 1217 1056 1264 re
1070 1218 1142 1264 non
1156 1200 1306 1284 amptius
1324 1201 1471 1288 inthra.

299 1311 442 1379 Proinde
470 1321 670 1385 renunciatio
694 1321 818 1388 admitti
849 1322 953 1403 debet,
977 1323 1148 1389 dummodo
1176 1324 1282 1391 adsint
1307 1325 1472 1413 legitimae

298 1455 416 1503 causae
440 1460 462 1505 a
485 1442 604 1515 iudice.
633 1446 730 1511 citata
757 1450 852 1513 etiarn
879 1449 1026 1515 adverae
1045 1455 1156 1533 purte,
1181 1451 1416 1517 examinandae
1439 1459 1473 1518 et

297 1560 534 1642 diiudicandao;
558 1588 632 1655 urq.
658 1589 731 1654 cap.
759 1571 918 1643 Quamvis
941 1573 967 1637 2
990 1574 1040 1639 De
1057 1582 1237 1657 procurat.
1260 1578 1298 1642 in
1321 1577 1354 1643 6.

387 1686 419 1773 4)
444 1689 555 1757 Cessat
578 1696 711 1791 cooptato
734 1698 913 1780 mandata
927 1702 960 1761 et
975 1698 1038 1761 iam
1055 1699 1217 1765 innuimus
1239 1700 1323 1784 quod
1339 1701 1472 1767 manda·

297 1810 364 1871 turn
394 1810 436 1875 ad
464 1816 628 1900 negotium
663 1817 811 1883 iudiciale
845 1819 1040 1903 absolvitur,
1071 1827 1239 1907 postquam
1269 1821 1401 1889 definita
1429 1825 1472 1891 sit

296 1930 459 2001 instantio
481 1936 660 2005 iudicialis.
679 1942 846 2027 Interponi
870 1962 949 2007 vero
972 1942 1067 2009 debet
1088 1944 1261 2030 appellatio
1284 1966 1473 2031 apr-ocura-

296 2059 378 2135 tore;
396 2061 448 2126 vel
463 2061 609 2131 dominus
632 2046 819 2153 tempestive
844 2069 1092 2136 commonendus
1117 2076 1166 2136 est
1181 2070 1221 2137 de
1238 2077 1385 2157 tempore
1400 2072 1472 2139 utili

191 2178 195 2189 '
295 2180 336 2245 ad
359 2187 605 2271 appellationem
622 2192 897 2275 interponendam,
911 2212 953 2257 ne
973 2194 1138 2258 amittatur
1153 2192 1345 2260 beneficium
1359 2196 1472 2282 appel·

296 2321 439 2394 lationis:
456 2318 512 2385 sed
527 2318 567 2384 ad
583 2320 669 2384 hanc
692 2319 948 2404 prosequendam
970 2318 1058 2385 aliud
1081 2320 1259 2403 requiritur
1274 2319 1469 2386 mandatum.

385 2448 418 2533 5)
443 2448 554 2514 Cessat
576 2451 680 2511 morte
704 2445 943 2513 constituentis.
964 2464 1002 2509 re
1025 2445 1131 2510 adhuc
1154 2447 1291 2532 integra.
1317 2448 1472 2531 Incoeptn

296 2574 380 2639 enirn
393 2573 533 2659 negotio,
546 2570 601 2635 vel
613 2570 669 2635 lite
682 2574 862 2636 contestata
876 2570 914 2635 in
923 2568 1151 2643 iudicialibus,
1165 2568 1305 2634 officium
1318 2590 1472 2656 procura·

296 2692 376 2759 toris
391 2691 486 2755 etiam
500 2692 717 2774 postmortem
729 2687 962 2760 constituentis,
980 2694 1180 2773 perseverat,
1194 2687 1241 2774 (1)
1254 2691 1274 2755 l.
1291 2689 1384 2756 inter
1395 2708 1474 2755 cau·

295 2818 388 2899 surg
410 2814 428 2878 1
449 2816 484 2899 ff.
509 2812 677 2878 Manduti.
702 2848 745 2862 —
769 2813 812 2877 At
835 2812 873 2877 in
898 2812 1003 2879 Clam.
1018 2814 1078 2877 ult.
1096 2813 1333 2897 Deproeurul.
1359 2814 1398 2899 (Ι,
1419 2812 1473 2899 10)

296 2937 451 3005 Pontifex
481 2936 644 3009 decernit,
676 2939 921 3020 procuratorem
951 2953 971 2999 a
997 2936 1142 3020 praelato
1171 2936 1225 3001 vel
1255 2942 1387 3003 rectore
1416 2938 1470 3003 vel

295 3081 496 3147 quocumque
517 3038 724 3127 beneficiario
747 3080 807 3145 pro
831 3060 979 3124 Ecclesia
1000 3060 1054 3125 vel
1076 3058 1234 3126 beneficio
1263 3063 1471 3129 constitutum

294 3205 354 3271 per
366 3189 501 3250 mortem
515 3185 736 3249 constituentis
748 3185 908 3257 revocari,
923 3184 1020 3249 etiam
1032 3204 1072 3251 rc
1082 3204 1153 3250 non
1164 3184 1315 3267 emptius
1326 3184 1473 3272 inteqra.

296 3308 391 3373 Ratio
415 3307 561 3391 estquis
583 3306 704 3371 factum
726 3309 942 3373 antecessoris
965 3327 1030 3373 non
1053 3307 1134 3394 ligat
1156 3328 1389 3391 successorem,
1405 3310 1475 3377 nini

296 3432 358 3501 hcc
388 3412 539 3516 positum
572 3432 614 3498 rit
647 3432 748 3499 umal
771 3434 949 3517 superiore
971 3440 1033 3500 aut
1058 3435 1176 3507 attera
1202 3435 1300 3501 cuius
1321 3436 1474 3517 interest,

383 3698 423 3769 (l)
443 3698 473 3753 ln
493 3699 560 3753 inst.
581 3698 675 3752 lustin.
696 3699 754 3754 Lib.
773 3700 802 3761 3,
822 3704 839 3763 ἓ
861 3700 896 3751 10
914 3696 1089 3753 declaratur:
1109 3717 1125 3749 ι
1139 3699 1292 3769 Receptum
1317 3708 1372 3763 est,
1396 3702 1423 3752 ri
1440 3718 1476 3755 cc

293 3815 402 3859 mutuo
421 3810 469 3875 qui
487 3806 535 3860 riui
550 3808 744 3889 maudaverat,
763 3818 793 3861 tu
811 3808 947 3876 iquorem
966 3824 1031 3862 eum
1049 3808 1209 3873 decessisse,
1230 3815 1365 3860 executus
1380 3810 1476 3877 fucrss
1502 3862 1505 3866 ,

292 3912 463 3980 mandatum,
480 3930 562 3983 posse
580 3923 606 3967 tc
625 3930 711 3983 apere
730 3914 856 3968 medati
872 3915 980 3968 actione
995 3930 1020 3965 a.
1042 3912 1111 3966 Item
1130 3912 1372 3968 animadversione
1388 3913 1476 3984 digua

293 4020 336 4072 est
360 4016 504 4087 dispositio
531 4035 603 4089 quae
628 4018 787 4073 continetur
806 4020 834 4071 in
853 4018 963 4088 saepius
989 4021 1033 4072 cit.
1056 4019 1120 4073 Cod.
1143 4017 1271 4088 Gregorii
1294 4018 1360 4073 xvi
1380 4020 1474 4091 quoad

292 4140 386 4177 casum
399 4124 498 4177 mortis
510 4124 674 4189 mandantis,
690 4140 720 4179 re
733 4139 788 4178 uon
802 4124 922 4194 amplius
934 4124 1060 4193 integrn3
1075 4123 1234 4179 decernitur
1246 4125 1321 4178 enim
1336 4134 1389 4179 ort.
1405 4124 1474 4179 193:

292 4232 424 4297 «Quum,
444 4232 491 4285 tite
509 4232 566 4284 ram
580 4235 720 4302 pendente
743 4232 803 4297 (seu
822 4231 879 4285 iarn
897 4232 1066 4297 contestata)
1087 4229 1224 4285 alteruter
1241 4230 1473 4285 contendentium

292 4337 462 4393 demoriatnr
474 4338 518 4393 vel
538 4343 628 4393 status
646 4339 829 4394 mutationem
852 4341 984 4409 patiatur,
1006 4338 1051 4393 lex
1071 4342 1167 4393 censet
1187 4340 1332 4393 dominum
1355 4340 1414 4392 litis
1431 4340 1475 4393 fe·

294 4448 370 4500 ctum
387 4446 472 4502 tuisse
491 4446 673 4502 constitutum
692 4452 900 4518 procuratorem
913 4465 938 4505 a.
