3350 5117
776 597 955 699 rrrunus
981 633 1025 698 11.

634 918 636 925 1
705 850 759 897 DE
795 846 1086 895 clamoren.

307 1038 523 1097 summarium.
543 1070 577 1083 -
596 1040 657 1096 403.
671 1042 801 1097 Traditur
811 1041 887 1094 notio
901 1040 1051 1094 citationis.
1061 1069 1099 1082 -
1110 1040 1171 1094 404.
1185 1040 1379 1095 Enucleantur
1392 1039 1491 1093 variae

397 1146 503 1215 species
515 1146 687 1199 citationum.
700 1171 737 1185 -
749 1144 808 1197 405.
823 1144 899 1205 Quae
909 1144 1027 1213 exprimi
1043 1143 1163 1198 debeant
1173 1145 1201 1197 in
1211 1142 1325 1199 decreto
1339 1142 1492 1197 citationis.

398 1282 432 1295 -
445 1254 505 1307 406.
525 1254 665 1315 Quomodo
686 1254 802 1306 nuncius
819 1253 853 1307 de
872 1254 1008 1307 citatione
1027 1268 1150 1322 congrue
1168 1251 1339 1307 denunciata
1356 1250 1439 1304 fidem
1452 1250 1493 1303 ta·

398 1376 461 1414 core
474 1360 581 1415 debeat.
594 1388 631 1403 -
644 1360 703 1413 407.
718 1360 867 1421 Quaeritur
876 1376 911 1412 an
922 1359 1064 1414 decretum
1075 1360 1218 1413 citationis
1228 1359 1316 1427 possit
1330 1356 1490 1412 demandari

398 1468 555 1523 executioni
569 1468 696 1521 anurrcio
708 1467 737 1521 iu
750 1465 893 1520 territorio
913 1465 1029 1520 alterius
1048 1465 1147 1519 iudicis
1162 1466 1257 1537 inquo
1271 1468 1398 1518 moratur
1412 1480 1492 1526 rens;

400 1577 428 1627 et
441 1590 475 1625 an
489 1572 571 1627 iudex
590 1572 671 1627 edere
690 1571 783 1626 valeat
802 1570 855 1624 hoc
873 1570 1024 1635 decretum,
1035 1570 1099 1623 dum
1119 1574 1200 1625 extra
1218 1587 1298 1623 suum
1317 1568 1493 1624 territorium

399 1683 535 1733 versatur.
548 1707 584 1721 -
594 1680 655 1733 408.
670 1680 709 1733 De
721 1678 867 1733 effectibus
876 1677 1027 1731 citationis.

294 1966 297 1971 .
400 1915 475 1979 403.
493 1916 545 1981 Ex
561 1915 654 1980 dictis
669 1918 732 1981 iam
749 1919 836 2001 patet
851 1916 1011 1981 citationis
1026 1912 1150 1978 indoles
1166 1932 1223 1977 seu
1240 1912 1386 1990 intentio,
1402 1929 1494 1993 quae

310 2038 454 2123 perbelle
470 2038 712 2122 exprimebatur
732 2039 801 2103 iure
825 2056 959 2102 romano
983 2036 1117 2116 rubrica
1131 2035 1173 2101 de
1192 2035 1230 2099 in
1249 2034 1303 2099 ius
1321 2032 1494 2099 vocando.

312 2196 355 2211 -
379 2161 493 2227 citatio
516 2163 611 2242 enim,
624 2164 731 2247 prouti
747 2167 795 2227 est
810 2162 915 2228 aditus
930 2160 1050 2234 iudicii,
1068 2164 1117 2226 est
1133 2160 1170 2224 in
1184 2159 1240 2225 ius
1255 2157 1386 2225 vocatio
1403 2158 1494 2223 iuris

316 2284 517 2369 ecperiertdi
539 2304 654 2351 causo.
680 2285 795 2352 (litatio
819 2303 900 2349 vero
921 2284 1019 2350 latius
1041 2284 1161 2349 assumi
1183 2287 1308 2368 potest,
1332 2287 1494 2365 quatenus

312 2408 350 2474 ia
366 2409 459 2476 omni
481 2409 599 2475 iudicii
611 2415 710 2493 porte
725 2408 905 2489 adhibetur,
921 2408 1072 2493 quoniam
1087 2407 1204 2493 singuli
1219 2405 1381 2470 iudiciarii
1397 2410 1493 2469 actus

287 2621 290 2627 Ι
313 2531 511 2617 litigantibus
535 2534 740 2607 nunciantur,
765 2538 878 2617 utputa
892 2532 1020 2616 quando
1035 2530 1182 2596 absoluta
1198 2549 1263 2623 una
1282 2527 1448 2593 audientia
1462 2529 1497 2591 iu

313 2655 411 2721 aliam
434 2656 517 2722 diem
541 2664 761 2725 convocantur
784 2629 957 2742 litigantes,
975 2657 1028 2722 vel
1052 2660 1152 2722 testes
1174 2658 1336 2720 vocantur
1359 2653 1400 2718 ad
1422 2673 1499 2717 suas

315 2778 479 2845 faciendas
495 2783 724 2848 attestationes.
743 2782 806 2845 Nos
822 2781 983 2863 loquimur
999 2797 1156 2864 expresse
1173 2777 1212 2842 de
1228 2777 1391 2849 citatione,
1409 2794 1496 2858 quae

313 2906 363 2965 est
386 2901 422 2965 in
445 2900 498 2968 ius
520 2902 649 2968 vocatio
673 2922 731 2967 seu
753 2900 863 2966 iudicii
886 2899 1065 2966 exordium.
1082 2936 1126 2949 -
1149 2898 1242 2963 Haec
1265 2900 1336 2962 iure
1359 2917 1433 2962 can.
1450 2897 1498 2961 ita

314 3029 403 3093 valet
426 3028 570 3095 definiri:
592 3035 721 3095 ‹octus
744 3028 913 3115 lepitimur
936 3048 1003 3114 quo
1027 3027 1104 3111 quis
1120 3046 1166 3092 ex
1184 3026 1348 3092 mundato
1372 3024 1500 3091 iudicis

318 3155 458 3217 uocatur
479 3150 516 3215 io
538 3151 703 3217 iudicium
725 3151 812 3217 iuris
835 3149 1042 3233 experiundi
1070 3168 1176 3215 causa
1193 3170 1224 3213 a.
1249 3148 1433 3213 Necessitas
1455 3148 1502 3212 ci-

316 3274 446 3339 tationis
469 3278 517 3339 est
540 3294 582 3339 ex
608 3276 676 3359 ipso
700 3276 772 3339 iure
800 3275 951 3349 naturali,
977 3276 1051 3358 quia
1075 3276 1211 3339 intentio
1243 3275 1364 3339 actoris
1388 3278 1438 3339 est
1463 3278 1502 3339 ut

317 3399 416 3465 iudex
438 3400 630 3465 condemnet
653 3420 744 3465 reum
760 3401 799 3465 ad
816 3400 1076 3465 satisfaciendum
1101 3400 1187 3463 illius
1204 3400 1367 3484 petitioni;
1385 3398 1442 3464 sed
1457 3400 1502 3464 ci-

317 3523 390 3588 vilis
420 3528 452 3587 et
481 3523 639 3588 naturalis
670 3524 752 3588 ratio
776 3528 865 3588 vetat
886 3523 1032 3587 damnari
1057 3522 1209 3606 aliquem,
1234 3523 1287 3605 qui
1311 3522 1439 3588 auditus
1460 3540 1503 3586 ac

318 3646 470 3713 defensus
493 3662 558 3711 000
582 3648 632 3711 sil.

408 3772 484 3836 404.
509 3771 721 3835 Nihilominus
738 3790 780 3834 ex
792 3771 862 3834 iure
878 3769 1019 3833 naturali
1036 3775 1068 3835 et
1085 3769 1223 3854 positivo
1239 3790 1304 3834 non
1321 3769 1505 3852 requiritur

317 3902 409 3966 actus
425 3896 601 3961 materialis
617 3896 784 3968 citationis,
803 3894 929 3978 quando
947 3914 1023 3959 rens
1040 3896 1169 3981 cognita
1184 3894 1324 3959 iudiciali
1341 3894 1500 3978 petitione

318 4022 447 4095 actoris,
472 4026 674 4107 spumosus,
698 4022 912 4106 praeveniens
928 4022 1123 4094 citationem,
1148 4040 1184 4086 se
1207 4016 1303 4087 offert
1327 4038 1441 4084 coram
1456 4020 1506 4083 iu-

317 4148 390 4214 dice
411 4148 515 4211 actori
538 4167 761 4233 responsurus
787 4146 828 4210 cl.
854 4146 1010 4211 Schmalz.
1037 4146 1086 4212 De
1110 4146 1165 4213 lib.
1190 4146 1255 4212 obl.
1279 4165 1314 4209 a.
1338 4144 1392 4210 15.
1419 4146 1504 4210 Nam

319 4275 368 4338 ius
398 4273 546 4338 naturale
574 4274 756 4357 expostulat
783 4272 950 4338 decretum
985 4274 1146 4338 citationis
1180 4271 1222 4338 ad
1259 4291 1353 4336 reum
1384 4273 1419 4336 in
1451 4274 1503 4337 ius

320 4397 498 4463 vocandum
521 4416 580 4482 pro
603 4418 661 4462 sua
689 4396 884 4471 defensione,
909 4418 971 4481 quo
995 4394 1121 4477 ellectu,
1146 4396 1244 4462 etiam
1266 4395 1389 4479 absque
1422 4397 1502 4459 cita-
