3350 5117
282 294 347 359 384
805 275 936 360 ranst.

280 438 528 522 competentiam
551 437 692 505 dimanat
713 436 754 501 ab
773 437 846 522 ¹ipso
869 437 1005 523 imperio
1027 436 1120 522 legis,
1143 442 1253 502 tamen
1275 435 1387 502 habita
1410 455 1472 501 ra·

280 565 368 628 tione
390 565 538 649 privatae
561 564 715 630 utilitatis.
730 563 948 640 Quamobrem
963 566 990 630 ai
1014 570 1123 650 partes
1146 566 1342 631 renunciare
1356 564 1471 630 velint

280 682 436 750 beneficio
448 691 640 772 prorogatae
657 687 890 771 competentiae
906 705 949 752 ex
964 687 1168 751 connexione
1183 705 1364 758 causarum,
1380 705 1471 751 saue

281 807 344 873 hoc
366 815 533 895 praestare
549 810 667 876 valent.
686 811 796 876 Veluti
819 811 847 876 si
871 831 947 876 reus
971 812 1183 877 reconveniat
1196 816 1340 876 actorem
1356 815 1389 876 et
1404 810 1469 876 hic

281 938 420 1019 opponat
442 935 664 1018 exceptionem
688 935 958 1020 incompetentiae
981 934 1104 1015 iudicis,
1117 939 1152 1001 et
1175 955 1252 1000 reus
1273 936 1469 1020 acquiescat

282 1060 314 1119 et
337 1059 507 1121 contentus
529 1057 579 1131 sit,
593 1061 629 1121 ut
649 1053 739 1120 finito
763 1055 880 1122 iudicio
904 1058 1137 1139 conventionis,
1153 1057 1238 1144 apud
1260 1059 1359 1123 alium
1382 1058 1471 1124 iudi-

283 1200 352 1246 cem
368 1183 566 1248 instauretur
582 1182 731 1247 iudicium
750 1183 1023 1258 reconventionis,
1040 1185 1101 1248 iste
1124 1185 1296 1249 renunciat
1311 1185 1374 1248 iuri
1389 1203 1464 1250 suo.

372 1307 505 1381 Quando
529 1328 608 1374 vero
630 1310 702 1394 quis
725 1308 804 1374 velit
820 1309 868 1374 uti
892 1309 964 1373 iure
987 1308 1046 1374 sibi
1069 1329 1090 1374 a
1113 1309 1187 1394 lege
1210 1327 1375 1382 concesso,
1394 1309 1467 1374 sci-

282 1429 360 1496 licet
381 1450 422 1495 ne
444 1449 562 1495 causae
584 1449 753 1495 connexae
768 1429 970 1503 scindantur,
988 1435 1128 1515 opponet
1151 1431 1376 1516 exceptionem
1393 1430 1467 1496 litis

279 1555 459 1638 pendeatis
481 1555 636 1622 adversus
660 1577 742 1638 eum,
759 1558 813 1640 qui
836 1576 966 1622 causam
990 1578 1063 1622 cum
1078 1557 1184 1622 altera
1199 1577 1381 1622 connexam
1396 1558 1466 1622 iam

282 1681 443 1770 pendente
466 1683 563 1748 vellet
585 1683 624 1748 ad
648 1683 746 1748 alium
771 1683 913 1749 iudicem
936 1682 1078 1748 deterre.

373 1807 455 1882 Quia
479 1810 526 1872 ius
553 1809 721 1892 positivum
754 1827 818 1870 non
842 1807 1035 1874 determinat
1065 1811 1215 1876 lanatico
1241 1810 1372 1893 quinam
1396 1810 1464 1873 sint

284 1930 317 1993 in
340 1936 492 1995 concreto
516 1951 608 1996 casus
632 1931 849 1997 continentiae
873 1951 1054 2003 causarum,
1078 1932 1155 1997 hinc
1179 1931 1291 1996 iudicis
1313 1933 1377 1997 erit
1405 1931 1465 1997 de·

284 2075 431 2137 cernere,
455 2076 514 2140 pro
545 2060 689 2128 renata,
714 2073 756 2118 an
780 2056 821 2120 sit
851 2055 941 2120 locus
971 2056 1190 2121 continentiae
1220 2077 1392 2122 causarum
1422 2059 1464 2122 ad

285 2175 433 2244 effectum
456 2179 651 2263 prorogandi
676 2180 933 2264 competentiam.
946 2215 992 2228 -
1006 2179 1095 2245 Illius
1118 2180 1231 2246 iudicis
1247 2199 1327 2246 vero
1350 2201 1464 2267 proro-

284 2306 381 2386 gatur
399 2303 620 2386 competentia,
637 2303 712 2385 quia
734 2307 831 2366 antea
854 2303 1017 2388 negotium
1039 2305 1304 2389 praeoccupavit;
1320 2324 1463 2388 namque

285 2431 317 2494 in
335 2430 439 2495 causis
456 2428 610 2494 connexis
632 2429 670 2513 fit
693 2429 785 2494 locus
806 2429 1044 2511 praeventione·
1060 2433 1093 2495 et
1107 2429 1163 2494 ille
1178 2429 1276 2494 iudex
1290 2431 1463 2514 intepram

284 2551 456 2638 capotium
472 2549 628 2634 absolvet,
649 2551 702 2634 qui
719 2552 810 2635 prior
827 2571 924 2615 unam
948 2571 990 2616 ex
1013 2553 1118 2618 causis
1134 2553 1291 2617 connexis
1307 2551 1463 2637 expedire

286 2675 400 2759 coepit.

378 2805 419 2868 nt
442 2801 639 2864 continentia
655 2819 825 2864 causarum
842 2819 885 2864 ex
900 2801 970 2884 ipsa
992 2801 1073 2865 iuris
1094 2801 1262 2866 voluntate
1277 2805 1327 2866 est
1342 2798 1463 2865 efficax

286 2927 326 2991 ad
348 2925 583 3013 prorogandam
601 2925 857 3008 competentiam.
877 2923 956 2988 Inde
971 2925 1117 3008 sequitur
1133 2927 1227 2990 etiam
1253 2925 1391 2992 iudicem
1406 2925 1462 2990 de-

286 3051 428 3136 legatum
451 3069 543 3134 posse
573 3048 685 3114 videre
708 3048 747 3113 de
779 3067 876 3114 causa
900 3068 1049 3114 connexa
1072 3069 1144 3114 cum
1169 3048 1340 3135 principali
1365 3069 1462 3134 quae·

287 3174 399 3256 stione,
423 3175 566 3258 quamvis
596 3173 635 3238 de
667 3174 722 3237 illa
752 3175 784 3236 in
810 3174 969 3258 rescripto
988 3175 1107 3237 mentio
1132 3173 1218 3239 lacta
1241 3195 1307 3240 non
1331 3175 1391 3250 sit;
1420 3176 1464 3239 ci.

287 3315 356 3381 arg.
381 3315 408 3362 c.
424 3296 477 3368 21,
502 3295 523 3377 ἓ
547 3294 585 3361 Si
607 3313 696 3374 vcro,
722 3295 771 3359 Dc
794 3295 850 3376 off.
864 3294 982 3379 detep„
1000 3293 1036 3356 X
1044 3292 1083 3377 (l,
1100 3293 1166 3378 29),
1192 3300 1225 3359 et
1249 3297 1282 3360 in
1306 3295 1369 3360 hoc
1385 3316 1466 3360 con-

286 3425 420 3489 veniunt
443 3442 553 3487 omnes
583 3421 782 3496 canonistae;
815 3420 857 3484 cl.
883 3417 1101 3494 Reiffenstuel
1126 3421 1177 3487 Dc
1197 3421 1277 3504 foro
1310 3427 1464 3505 compet,

288 3569 320 3615 n.
349 3549 420 3615 145.

376 3671 451 3734 348.
477 3670 529 3732 le
552 3667 645 3733 dictis
667 3673 780 3753 aperte
806 3672 904 3753 patet.
930 3667 1018 3732 hunc
1040 3665 1193 3732 effectum
1225 3668 1468 3754 prorogationis

287 3791 446 3876 attingere
469 3795 591 3854 tantum
616 3789 863 3872 competentiam
879 3789 1118 3854 territorioiem
1142 3794 1174 3852 et
1198 3788 1373 3852 nullimode
1390 3786 1466 3852 affi-

289 3933 365 3980 cere
381 3914 627 3997 competentiam
650 3912 896 3977 determinatam
913 3912 1038 3975 ratione
1061 3909 1178 3977 obiecti
1200 3917 1256 3974 aut
1278 3911 1420 3996 proclus,

378 4037 506 4104 Exinde
522 4040 548 4103 si
564 4037 714 4102 inchoata
730 4055 835 4116 causa,
855 4040 966 4120 utputa
982 4034 1022 4100 de
1033 4034 1145 4100 valore
1162 4035 1353 4105 testamenti.
1378 4034 1467 4119 apud

289 4164 424 4230 iudicem
448 4163 566 4228 laicum
590 4182 687 4226 causa
711 4160 830 4226 incidat
853 4161 892 4226 de
914 4161 1027 4226 valore
1051 4161 1255 4243 matrimonii,
1269 4160 1351 4225 haec
1374 4180 1395 4223 a
1418 4161 1466 4224 iu-

289 4289 361 4355 dice
382 4289 465 4353 laico
489 4286 661 4352 nullimode
686 4283 813 4350 deliniri
838 4290 951 4370 potest,
977 4285 1032 4350 sed
1064 4285 1258 4352 remittenda
1280 4292 1329 4352 est
1352 4285 1393 4350 ad
1417 4287 1468 4350 iu-

290 4411 392 4479 dicem
406 4413 496 4494 eccl.,
513 4413 602 4478 cuius
625 4414 784 4477 sententia
798 4410 1000 4496 expectanda
1023 4410 1127 4476 estad
1150 4411 1372 4476 decernendos
1389 4430 1467 4476 con·
