3350 5117
507 306 550 355 oa
574 306 712 354 ionicus
737 306 1002 353 nocuasmsmcts
1277 288 1340 352 173

157 430 303 494 miuosos
327 426 477 495 effectum
501 436 550 495 est
572 452 689 497 munus
704 431 878 516 publicum,
895 430 1120 522 demandatqm
1137 430 1341 516 magistratui

157 574 218 619 seu
241 555 298 619 alii
321 553 448 621 officiali
479 555 520 621 ad
549 556 612 622 boc
642 557 824 621 constituto.
850 591 893 603 -
919 553 1112 639 Iampridem
1135 556 1168 618 in
1192 554 1342 620 Ecclesia

156 680 342 745 huiusmodi
364 679 483 745 iudicia
506 681 710 767 agitabantur
733 681 767 745 in
790 679 930 767 Synodis
957 679 1157 745 dioecesanis
1179 684 1236 745 aut
1258 698 1339 765 pro-

156 806 351 872 vincialibus
366 814 400 873 et
415 812 512 873 testes
532 807 723 892 synodales,
741 808 767 873 si
784 826 850 871 non
867 804 983 871 aderat
998 808 1144 891 privatus
1159 812 1340 887 accusator,

157 951 203 996 ex
227 952 286 997 suo
310 952 455 1007 munere,
482 933 705 1019 delinquentes
728 934 939 1016 accusabant,
964 955 1099 1019 quorum
1120 937 1259 1000 crimina
1283 954 1343 1021 per

157 1056 367 1142 probationes
389 1077 432 1124 ex
460 1060 663 1143 inquisitione
697 1060 881 1146 desumptas
911 1060 1200 1126 ostendebant-
1225 1062 1270 1127 nt
1292 1061 1343 1125 ius

158 1201 332 1247 commune
358 1202 430 1248 cau.
459 1183 652 1249 cumulatius
677 1183 816 1250 admittit
802 1187 1219 1275 taccusationemw
1112 1205 1155 1249 ex
1186 1183 1292 1249 officio
1322 1204 1342 1248 a

588 1252 889 1287 mm·-

161 1258 546 1289 what-'¹'

158 1306 382 1373 Procuratore
406 1306 525 1371 Fiscali
549 1313 739 1391 promotam
754 1314 786 1373 et
805 1310 1051 1391 accusationem
1075 1328 1095 1373 a
1116 1309 1245 1405 privato
1270 1310 1342 1373 cive

149 1376 354 1402 uam-nunna..

158 1435 382 1505 instauratam
400 1435 567 1519 imponens
589 1434 760 1517 aliquando
784 1435 920 1520 singulis
942 1431 1089 1499 fidelibus
1112 1453 1194 1499 onus
1217 1432 1341 1498 denun-

159 1558 268 1623 ciandi
292 1556 514 1642 delinquentes
539 1564 573 1623 et
559 1558 771 1624 tsumenist
773 1558 866 1624 randi
898 1558 1042 1624 oriminis
1073 1558 1290 1643 probationes,
1306 1563 1343 1622 ut

157 1681 306 1767 legitima
332 1680 488 1747 iudicialis
511 1681 724 1766 persecutio
717 1702 749 1746 m
774 1683 964 1747 criminosos
985 1678 1120 1746 flat-
1143 1682 1205 1747 Ast
1234 1679 1339 1770 hodie,

158 1827 204 1872 ex
234 1808 374 1890 receptis
398 1805 549 1879 moribus,
573 1812 625 1871 ac
627 1827 656 1870 10
681 1824 759 1871 vere
792 1805 950 1871 iudicialis
981 1805 1064 1871 solet
1049 1805 1233 1899 trelinqui
1257 1804 1341 1868 Pro·

566 1880 830 1907 mmmm·

156 1929 473 2029 §illabilifiiifflll
481 1927 522 1993 de
551 1949 614 2013 quo
645 1949 700 1994 sei
702 1948 828 1994 monem
857 1929 1022 1994 habett
977 1930 1030 1993 cit.
1056 1934 1119 1993 art
1143 1930 1223 1994 Inst
1247 1926 1340 1994 SC

158 2052 229 2118 ΕΕ.
255 2058 289 2115 et
311 2051 381 2115 RR.
408 2049 492 2115 Vide
515 2069 596 2133 quae
620 2050 828 2117 disseruimus
852 2050 910 2116 sub
933 2072 964 2115 n.
993 2050 1043 2123 11,
1070 2070 1100 2135 p.
1125 2050 1169 2116 35
1194 2047 1250 2135 (l).

157 2279 327 2333 documenta
351 2278 416 2331 vide
441 2278 564 2331 allataa
583 2277 683 2333 Bened.
704 2276 769 2332 XIV
789 2276 806 2330 l.
827 2294 850 2330 c.
870 2276 1066 2337 —Quomodo
1090 2276 1174 2331 etiam
1200 2276 1342 2330 incurias

158 2385 319 2441 saeculares
338 2386 451 2439 inducta
470 2387 507 2439 ait
519 2387 658 2456 inquisitio
678 2405 741 2440 cum
755 2396 945 2457 prosequente
957 2385 1001 2439 vel
1018 2394 1211 2455 promovente,
1225 2383 1341 2437 tradidit

159 2496 303 2561 Durautis,
316 2494 438 2565 Spectet,
454 2496 500 2548 lib.
515 2494 570 2560 III,
589 2497 639 2549 I'it.
655 2496 696 2549 De
714 2496 845 2565 inquisit,
859 2498 876 2557 ἓ
898 2494 967 2547 Viso.
980 2521 1017 2535 -
1035 2494 1189 2559 Praecipue
1207 2494 1236 2545 in
1249 2490 1341 2546 Gallia

158 2602 206 2657 bic
226 2618 286 2655 mos
305 2602 362 2657 late
382 2600 499 2657 inolevit
518 2608 546 2657 et
565 2602 638 2671 apud
657 2601 808 2655 tribunalia
822 2598 954 2655 ¹constitui
974 2605 1125 2669 coeperunt
1137 2600 1188 2652 sub
1207 2613 1278 2653 saec.
1291 2597 1340 2651 de-

159 2712 234 2765 cimo
247 2711 333 2764 tertio
346 2709 548 2763 Procuratores
567 2708 651 2777 Rapit
666 2708 745 2778 (gens
758 2709 792 2761 du
813 2707 864 2768 roi,
874 2724 1037 2776 procureura
1056 2707 1092 2759 du
1111 2706 1173 2773 roi).
1187 2703 1341 2759 -Exinde

159 2818 270 2873 Eruditi
290 2816 381 2871 solent
400 2816 560 2871 hodiernam
580 2816 785 2871 ordinationem
808 2816 1023 2868 Procuratorum
1046 2812 1194 2867 Fiscalium
1215 2813 1342 2881 repetere

159 2923 194 2975 ab
215 2920 353 2973 institutis
372 2919 602 2973 procuratoribus
622 2919 708 2988 regiis
727 2918 754 2971 in
776 2917 876 2972 Gallia.
892 2917 951 2978 Qua
964 2918 993 2971 in
1005 2916 1146 2971 sententia
1164 2913 1218 2967 hoc
1231 2912 1342 2968 videtur

159 3022 343 3091 probandum,
362 3038 460 3090 nempe
478 3022 642 3075 hodiernam
659 3023 777 3075 Iormam
791 3019 950 3086 Fiscalium,
967 3020 1127 3088 adoptatam
1147 3017 1249 3087 passim
1267 3014 1341 3085 apud

158 3127 252 3181 curias
276 3126 448 3193 saeculares,
473 3132 502 3181 et
527 3128 612 3183 etiam
637 3127 709 3197 apud
735 3126 939 3181 ecclesiasticas
965 3143 982 3179 a
1007 3124 1119 3179 saeculo
1143 3125 1339 3189 decimosexto,

158 3234 312 3303 plurimum
340 3236 495 3303 exprimere
522 3234 603 3288 hosca
630 3234 762 3288 officiales
791 3235 819 3287 in
845 3233 938 3287 Gallia
964 3233 1148 3298 constitutos;
1177 3238 1206 3285 at
1231 3232 1341 3285 videtur

159 3340 274 3393 omnino
294 3356 347 3391 nou
360 3338 562 3393 admiIteuduni
581 3337 653 3409 quod
672 3343 822 3407 conceptus
842 3338 923 3392 Proc.
938 3336 1010 3391 aar.
1031 3341 1174 3405 repetatur
1194 3337 1286 3405 potius
1303 3337 1340 3388 ab

159 3445 215 3499 isto
234 3444 344 3499 Galliae
358 3461 443 3509 more,
455 3462 538 3515 quam
559 3446 593 3498 ab
613 3445 750 3499 institutis
764 3445 832 3497 iuris
846 3444 980 3497 canonici.
996 3472 1029 3483 -
1044 3441 1183 3496 Videlicet
1196 3442 1342 3512 inquisitio

160 3568 197 3605 aa
215 3548 306 3620 officio
327 3552 431 3614 curiae,
451 3550 478 3603 ni
501 3566 545 3603 me
570 3550 644 3603 fallit
669 3550 772 3619 opinio,
791 3549 937 3603 retinenda
955 3556 998 3602 est
1018 3549 1058 3602 uti
1082 3546 1292 3601 fundamentum
1311 3546 1341 3597 in

159 3653 280 3708 historia
306 3653 384 3706 Proc.
407 3652 477 3705 Piso.
499 3682 535 3694 -
557 3652 588 3706 lu
606 3652 658 3707 hoc
682 3654 853 3723 propositum
872 3655 907 3707 ct.
926 3654 1082 3719 Boncenue,
1107 3651 1227 3706 The'orie
1250 3652 1286 3706 de
1312 3651 1341 3704 la

156 3780 239 3833 proc:
264 3764 325 3827 eia,
350 3762 503 3815 Introdnot.
530 3764 607 3833 chop.
629 3761 742 3814 XVIII.
767 3791 800 3803 -
830 3760 934 3826 Dalloz,
962 3760 1128 3831 Rripertoire
1150 3776 1175 3812 v.
1194 3760 1341 3812 Minister-e

156 3870 264 3937 pmblic.
289 3896 325 3909 -
353 3867 483 3931 Bonnier,
509 3869 550 3923 De
577 3868 788 3940 t'orpanr'sation
810 3869 967 3939 jndicioire
994 3869 1072 3936 chop.
1092 3865 1149 3929 III,
1167 3884 1194 3917 n.
1219 3864 1280 3916 151.
1306 3891 1341 3904 -

160 3974 276 4039 Perille,
298 3976 391 4029 Storie
410 3976 459 4029 del
478 3976 578 4031 Diritto
598 3974 719 4030 Italiano
733 3975 922 4045 (procedure),
940 3974 995 4028 vol.
1014 3974 1060 4028 VI.

250 4083 291 4149 (l)
310 4082 402 4143 Quare
422 4084 450 4136 iu
470 4084 554 4137 curiis
573 4084 640 4138 eccl.
661 4084 829 4137 Procurator
854 4098 909 4136 nou
929 4082 1022 4145 habet,
1043 4081 1084 4134 uti
1104 4079 1175 4135 solet
1199 4080 1261 4145 dici,
1283 4097 1343 4133 nio·

158 4192 306 4263 napolium
325 4190 519 4258 accusationis,
539 4190 612 4261 quod
630 4190 766 4244 statuitur
785 4190 887 4260 passim
906 4190 935 4243 in
956 4188 1192 4258 Legislationibus
1211 4186 1342 4241 civilibus

159 4300 381 4371 exprimentibus
400 4298 478 4369 leges
491 4298 612 4353 Gallicas
631 4316 702 4371 quae
721 4318 738 4353 a
757 4297 949 4369 promovendis
968 4297 1077 4352 iudiciis
1095 4294 1286 4350 criminalibus
1303 4296 1342 4349 ci-

158 4425 206 4464 ves
219 4406 374 4463 excludunt
386 4410 415 4461 et
429 4410 537 4460 tantum
554 4406 705 4461 admittunt
718 4405 910 4460 Procuratoris
923 4405 992 4459 Fisc.
1007 4405 1179 4458 instantiam.
1192 4403 1223 4457 In
1237 4401 1341 4485 Anglia
