3350 5117
738 589 919 656 TITULUS
943 589 1001 654 IV.

623 787 666 832 DE
690 785 854 834 arranem
879 787 1117 836 waleramnus.

647 909 697 950 nuc
711 907 804 950 terena
817 909 853 951 tn.
867 908 899 960 n,
908 908 944 962 m,
955 909 1004 952 ran.
1016 909 1053 962 n,
1067 910 1098 953 m

279 1083 495 1141 summarium.
509 1113 543 1127 -
559 1085 619 1140 668.
641 1086 671 1140 ln
692 1085 800 1139 iudiciis
819 1085 917 1140 eccles.
937 1102 1075 1156 expensae
1092 1090 1243 1140 occurrunt
1264 1101 1314 1155 pro
1332 1085 1461 1141 mercede

368 1190 545 1256 cancellario,
564 1192 716 1260 apparitori
736 1165 920 1262 rependenda,
939 1209 988 1262 pro
1007 1190 1150 1246 alimentis
1168 1196 1197 1246 et
1216 1191 1316 1246 itinere
1335 1190 1461 1258 testium,

367 1314 419 1352 nec
429 1315 483 1352 non
498 1299 693 1353 advocatorum
708 1307 736 1354 et
750 1307 960 1369 procuratorum
975 1299 1131 1353 honorario.
1144 1327 1181 1340 -
1193 1297 1254 1352 669.
1268 1297 1400 1359 Quaestio
1412 1313 1459 1352 ex·

367 1421 514 1474 pensarum
534 1411 577 1459 est
595 1422 679 1460 carrea
698 1409 830 1474 incidens,
849 1424 921 1478 quae
940 1406 1090 1461 resolvitur
1108 1405 1136 1457 in
1156 1404 1300 1458 definitiva
1317 1405 1459 1458 sententia

366 1508 411 1563 vel
422 1509 452 1562 in
464 1509 520 1563 alia
530 1510 715 1580 subsequente
729 1510 860 1564 iudicium
872 1511 956 1579 princ.
969 1539 1002 1551 —
1012 1509 1072 1564 670.
1083 1507 1308 1563 Determinautur
1321 1507 1461 1576 principia

366 1615 466 1685 quibus
485 1614 629 1684 expeditur
641 1615 769 1685 quaestio
782 1632 966 1684 expensarum
980 1619 1039 1669 tum
1056 1615 1084 1667 iu
1098 1614 1188 1683 prima
1205 1613 1342 1667 instantia
1355 1617 1414 1666 tum
1428 1614 1457 1666 iu

366 1722 452 1792 gradu
477 1721 683 1792 appellationis.
703 1751 736 1764 -
761 1723 822 1776 671.
843 1723 983 1777 Statuitur
1007 1741 1145 1793 quaenam
1165 1736 1303 1790 expensae
1321 1720 1378 1775 sint
1402 1721 1458 1773 sol·

366 1829 480 1883 rendae.
507 1857 543 1870 -
572 1831 634 1884 672.
663 1831 744 1900 Apud
771 1833 863 1884 curias
892 1830 983 1885 arlant
1013 1831 1110 1888 adesse
1141 1834 1343 1891 determinatae
1372 1841 1459 1890 taxae

365 1953 415 2007 pro
434 1939 570 2006 expensis,
589 1939 610 1992 si
633 1954 686 1990 non
706 1937 806 2003 adsint,
818 1937 852 1991 fit
870 1939 1029 1992 aestimatio
1047 1956 1137 2010 aequo
1154 1942 1273 1996 arbitrio
1291 1941 1399 1995 iudicis.
1418 1969 1460 1983 -

364 2041 425 2096 673.
440 2043 467 2096 Si
481 2043 509 2096 in
522 2043 659 2098 alterutro
673 2043 846 2112 litigantium
860 2045 944 2097 dolas
953 2044 1081 2113 adfuerit,
1092 2045 1204 2100 dolosus
1213 2045 1360 2100 damnatur·
1369 2045 1456 2100 etiam

365 2152 394 2205 in
413 2151 526 2216 damam
544 2155 574 2206 et
592 2151 646 2205 duo
671 2157 735 2206 sunt
761 2153 883 2221 potiores
906 2151 963 2206 doli
988 2169 1082 2206 casus:
1104 2153 1129 2224 l)
1149 2170 1230 2208 casus
1249 2156 1455 2218 cardamatem

365 2258 394 2328 2)
413 2274 493 2312 casus
508 2259 577 2329 plus
591 2260 741 2329 petitionis.
756 2288 789 2300 -
803 2259 864 2314 674.
882 2261 924 2314 De
939 2260 1008 2330 plus
1023 2262 1211 2329 petitionibus.
1231 2289 1265 2303 -
1283 2261 1348 2314 675.
1362 2259 1454 2321 Quae·

364 2367 419 2420 stio
437 2382 620 2435 expansarum
641 2365 790 2436 aliquando
810 2366 929 2420 vertitur
947 2366 1021 2420 inter
1039 2384 1127 2419 unam
1152 2385 1188 2420 em
1213 2367 1401 2436 tittyann'bus,
1425 2372 1454 2422 et

365 2475 451 2528 alium
463 2474 583 2528 tertium.
597 2473 674 2526 Tunc
688 2489 825 2542 expensae
839 2473 1022 2526 aestimantur
1034 2474 1114 2526 iuxta
1126 2473 1284 2526 communia
1296 2472 1366 2526 iuris
1379 2474 1455 2542 prin·

364 2581 444 2650 cipia.
458 2609 491 2621 ·-
504 2580 565 2633 676.
585 2581 614 2634 lu
635 2597 769 2649 expensas
787 2597 852 2634 vere
865 2581 1012 2633 iudiciales
1026 2580 1108 2634 iudex
1121 2581 1206 2635 etiam
1226 2598 1262 2634 ex
1281 2581 1369 2652 officio
1389 2595 1455 2634 oon·

363 2688 489 2752 demnat;
509 2687 626 2742 alterius
645 2687 756 2756 generis
774 2705 911 2757 expensas
929 2691 1018 2742 solum
1043 2689 1077 2742 ad
1096 2691 1255 2745 instantiam
1278 2689 1356 2744 illius
1374 2689 1455 2744 cuius

364 2796 490 2850 interest.

364 3006 439 3071 668.
464 3006 618 3081 Quamvis
634 3008 682 3071 ius
699 3007 887 3071 canonicum
912 3008 1054 3093 gratuita
1077 3007 1206 3072 iusserit
1229 3027 1300 3072 esse
1324 3006 1451 3077 iudicia.

275 3133 382 3192 tamen
398 3147 560 3212 expensae
575 3133 752 3194 occurrunt
767 3131 801 3194 in
817 3129 941 3194 iudiciis
956 3127 1115 3214 agitandis
1134 3137 1201 3194 tum
1217 3128 1257 3193 ob
1274 3129 1455 3193 honoraria

273 3252 438 3316 advocatis
462 3256 494 3315 et
516 3251 779 3336 procuratoribus
802 3251 910 3316 debita
932 3257 966 3316 et
988 3253 1159 3316 nonnullas
1174 3259 1269 3316 taxas
1288 3252 1451 3318 caucella·

273 3377 330 3442 riis
354 3383 387 3445 et
408 3378 479 3442 aliis
503 3379 613 3442 curiae
643 3379 797 3442 ministris
829 3377 998 3442 solvendas
1029 3378 1063 3440 in
1085 3377 1299 3466 'expediendis
1325 3377 1453 3443 actibus

273 3495 482 3582 iudicialibus
507 3512 573 3566 turn
598 3499 637 3565 ob
661 3507 804 3585 sumptus
835 3500 1063 3565 alimentorum
1094 3507 1127 3566 et
1158 3501 1283 3565 itineris
1310 3502 1449 3572 testium,

272 3629 414 3713 partium
430 3627 685 3712 collitigantiunr,
699 3627 878 3711 peritorum
894 3631 956 3689 etc.
982 3625 1131 3689 Iamrcro
1155 3627 1301 3708 quisnam
1324 3645 1367 3689 ex
1388 3625 1451 3691 liti·

272 3750 419 3836 gantibus
442 3750 501 3814 has
525 3769 685 3834 expensas
708 3751 867 3812 sustinere
891 3746 1006 3812 debet?
1031 3749 1126 3814 Patet
1148 3748 1234 3812 hano
1257 3767 1327 3812 esse
1351 3767 1451 3832 quae·

271 3875 406 3939 stionern
429 3873 632 3938 incidentem
655 3874 687 3936 in
713 3891 943 3956 quamcumque
967 3873 1149 3937 instantiam
1174 3871 1386 3937 iudicialem„

360 3999 434 4062 669.
461 3999 544 4063 Huic
568 3999 743 4082 quaestioni
770 3999 866 4063 iudex
890 4001 922 4062 in
947 4001 1106 4065 sententia
1128 3997 1296 4066 definitiva
1319 4019 1451 4086 respon·

270 4125 349 4190 dere
373 4123 476 4205 debet,
493 4121 672 4188 rlecemens
696 4126 727 4188 in
752 4125 864 4189 eadem
885 4127 1015 4209 quinam
1039 4146 1080 4190 ex
1102 4125 1302 4211 litigantibus
1322 4129 1354 4188 et
1373 4143 1448 4208 qua·

270 4269 345 4314 nam
367 4269 518 4314 mensura
542 4248 668 4313 solvere
691 4269 851 4334 expensas
874 4250 998 4314 debeat.
1015 4249 1141 4316 Verum
1158 4251 1184 4315 si
1200 4251 1282 4316 haec
1301 4249 1450 4316 incidens

270 4373 414 4455 quaestio
438 4371 577 4436 nondum
595 4373 636 4438 sit
651 4369 849 4436 sufficienter
867 4373 1024 4436 instructa
1046 4371 1172 4456 qnando
1189 4373 1251 4436 iam
1268 4379 1317 4439 est
1331 4380 1449 4458 parata
