3350 5117
308 339 374 406 298
831 359 917 407 rins
940 362 962 409 1.

308 477 436 555 ditione,
461 483 582 547 actoris
615 482 768 549 instantia
802 490 1021 552 summovetur
1050 507 1111 574 per
1140 488 1365 574 exceptionem
1395 488 1489 574 qnod

306 609 416 706 metus
438 604 617 690 consult).

395 730 492 796 Actio
509 735 542 798 et
557 732 710 814 ecceplio
725 753 791 798 non
806 734 912 800 solum
928 733 1048 800 dantur
1063 741 1179 802 contra
1194 756 1266 802 eum
1290 736 1344 820 qui
1367 741 1488 802 metum

306 854 449 935 incussit,
473 854 530 920 sed
553 856 650 921 etiam
673 862 788 923 contra
811 859 953 924 heredes
979 865 1036 924 aut
1057 863 1172 926 tertios
1195 881 1406 946 possessores,
1426 881 1488 946 pro

306 1001 345 1046 eo
368 981 452 1065 quod
474 981 516 1047 ad
539 1003 595 1048 eos
617 984 776 1068 pervenit,
789 1005 830 1049 ne
846 984 955 1050 aliena
978 986 1104 1050 iactura
1127 986 1259 1053 ditiores
1282 987 1438 1068 evadent3
1455 993 1490 1052 et

305 1107 418 1174 heredi
446 1107 564 1173 dantur
591 1109 773 1192 ceterisque
799 1109 1039 1176 successoribus
1066 1112 1107 1175 ad
1138 1131 1207 1178 rem
1230 1111 1488 1197 persequendam

305 1238 393 1298 metu
409 1239 570 1298 extortam
586 1255 606 1298 a
622 1255 679 1300 suo
695 1241 838 1312 auctore,
855 1256 912 1300 seu
936 1236 976 1301 ad
1000 1239 1215 1322 respectivum
1239 1245 1345 1304 actum
1368 1238 1421 1302 vel
1438 1257 1488 1302 re

305 1357 513 1422 scindendum
530 1359 581 1423 vel
598 1361 720 1424 nullum
746 1358 992 1438 declarandum,
1017 1360 1059 1426 cs.
1073 1362 1094 1427 l.
1116 1363 1136 1428 l.
1149 1362 1236 1446 145
1254 1361 1280 1428 3
1294 1368 1327 1428 et
1342 1362 1394 1436 16,
1411 1362 1433 1444 5
1448 1363 1485 1434 2,

303 1481 339 1563 ff.
365 1480 395 1544 t.
414 1485 446 1555 l,
471 1485 504 1546 et
526 1482 598 1546 iure
621 1502 692 1546 can.
717 1481 760 1547 cf.
785 1482 958 1569 inleprnni
983 1483 1014 1548 li.
1040 1489 1060 1548 l.
1086 1489 1119 1550 et
1141 1504 1169 1550 c.
1185 1504 1212 1550 c.
1233 1486 1277 1551 15
1300 1491 1331 1551 et
1353 1485 1412 1560 28,
1434 1485 1488 1550 De

304 1603 458 1677 turcian,
482 1605 517 1668 X
537 1603 593 1688 (ΙΙ,
618 1604 685 1688 24),
709 1603 823 1688 quibus
846 1606 1008 1671 evincitur
1031 1611 1122 1672 actus
1145 1607 1285 1674 rescindi
1307 1607 1348 1673 ad
1363 1610 1485 1674 instan-

305 1729 383 1793 tiam
406 1729 491 1794 illius
514 1733 606 1795 cuius
629 1731 774 1796 interest.

395 1855 486 1936 Haec
509 1855 740 1929 animadverto,
765 1857 841 1940 quia
872 1877 937 1922 non
968 1857 1085 1922 desunt
1109 1857 1262 1922 Doctores
1285 1855 1485 1924 affirmantes

303 1986 396 2046 actus
418 1983 537 2065 positos
561 1980 618 2046 sub
641 1981 697 2046 tali
721 1989 809 2048 metu
832 1983 925 2068 gravi
942 2003 1008 2047 non
1024 1983 1165 2049 rescindi
1189 1981 1318 2065 debere,
1335 1983 1391 2049 sed
1415 1986 1485 2070 ipso

303 2105 374 2169 iure
390 2105 499 2170 irritos
512 2126 592 2186 esse,
606 2112 638 2171 et
648 2105 726 2171 hinc
741 2107 795 2192 agi
810 2108 937 2172 actione
949 2107 1113 2172 nullitatis.
1127 2105 1176 2174 Cf.
1191 2106 1484 2192 Schmedzgrueber

304 2230 335 2294 n.
360 2235 382 2295 l.
398 2250 432 2294 n.
457 2230 493 2294 11
515 2249 564 2314 sq.
582 2233 625 2295 At
647 2231 743 2316 longe
766 2231 878 2296 verius
903 2235 952 2296 est
974 2232 1023 2296 ius
1047 2233 1218 2316 positivum
1241 2233 1301 2298 hos
1323 2238 1414 2298 actus
1428 2255 1481 2298 re·

304 2353 462 2434 scindere,
487 2355 562 2437 quia
586 2387 604 2402 -
628 2358 756 2418 melum
778 2354 1005 2438 comprobare
1025 2361 1145 2423 contra
1163 2356 1268 2424 bonos
1289 2377 1402 2425 mores
1424 2363 1483 2438 est,

304 2493 347 2538 ex
368 2491 440 2560 rep.
466 2472 567 2548 Iuris,
589 2475 626 2556 ff.
649 2473 720 2538 116.

391 2599 467 2664 265.
494 2600 636 2664 Proinde
664 2618 820 2683 expresse
849 2605 1003 2666 notantur
1027 2605 1127 2684 actus,
1149 2622 1238 2686 quos,
1253 2603 1320 2688 ipso
1346 2603 1425 2678 iure,
1441 2605 1485 2667 ir-

303 2723 385 2787 ritos
409 2743 480 2788 esse
503 2724 613 2788 statuit
633 2723 690 2788 lex
712 2725 868 2809 positiva;
889 2725 1000 2809 quales
1031 2731 1107 2792 sunt
1136 2731 1380 2800 testamentum,
1402 2746 1482 2810 pro·

300 2845 403 2928 sessio
430 2846 601 2931 relipioso,
633 2866 676 2911 ex
709 2865 785 2929 cop.
809 2849 826 2910 1
852 2847 882 2911 lt.
908 2854 928 2913 t.
953 2849 987 2912 X
992 2868 1006 2932 ;
1037 2848 1205 2916 concessio
1228 2849 1481 2924 iurisdictionis,

302 2969 466 3037 absolutio
490 2991 512 3036 a
535 2972 696 3046 censuris,
721 2991 765 3036 ex
788 2991 863 3054 cap,
890 2973 990 3039 unico
1014 2972 1045 3038 h.
1071 2978 1092 3037 l.
1116 2972 1154 3038 in
1178 2973 1201 3037 6
1207 2992 1222 3056 ;
1245 2978 1276 3038 el
1294 2973 1482 3055 promissio

301 3096 354 3160 vel
377 3093 515 3160 traditio
530 3113 649 3160 rernm
665 3095 855 3168 ecclesiast..
881 3096 1013 3162 etiamsi
1036 3094 1226 3162 accessisset
1248 3095 1483 3162 iuramentum

302 3222 436 3287 denen
457 3219 649 3303 repetendis
671 3220 773 3288 rebus
795 3222 974 3296 Ecclesiae,
992 3242 1035 3288 ex
1058 3243 1133 3306 cop.
1154 3223 1189 3300 2,
1207 3223 1256 3288 De
1279 3222 1433 3296 iuretur,
1450 3224 1486 3288 X

302 3342 359 3428 (11,
382 3343 449 3427 24).
877 3333 882 3340 ’

391 3467 438 3531 De
460 3469 663 3533 matrimonio
698 3469 763 3534 DD.
792 3470 965 3555 disputant,
989 3489 1032 3535 an
1058 3471 1181 3536 nullum
1209 3471 1251 3535 sit
1284 3471 1355 3536 iure
1385 3475 1482 3536 natu·

301 3605 360 3650 rae
382 3607 424 3652 an
447 3589 519 3652 iure
543 3589 697 3674 positivo;
720 3592 756 3653 at
781 3590 865 3655 haec
888 3591 1034 3674 quaestio
1055 3589 1259 3656 amandanda
1281 3597 1332 3657 est
1352 3591 1394 3656 ad
1409 3610 1483 3678 pro·

300 3714 406 3800 prium
429 3720 602 3781 tractatum
617 3714 673 3802 (2).
686 3716 830 3799 Denique
846 3723 921 3782 sunt
936 3717 991 3783 alii
1012 3727 1103 3786 actus
1117 3718 1293 3784 nullimode
1307 3721 1371 3786 iuri
1386 3723 1482 3806 posit.

391 3946 430 4018 (l)
449 3946 489 4002 Cf.
515 3947 548 4002 cl.
573 3947 707 4018 Ruggeri,
728 3951 769 4004 Dc
788 3950 920 4020 olli9.,§
947 3951 974 4016 9,
994 3968 1053 4022 cop.
1073 3951 1113 4006 11.
1133 3951 1236 4008 Verum
1261 3950 1332 4006 haec
1355 3951 1483 4007 denomi-

300 4050 379 4104 natio
397 4079 412 4091 ·
431 4053 505 4120 qaod
521 4061 612 4106 metus
630 4069 716 4106 causa
733 4080 747 4094 -
767 4052 914 4122 desumpta
932 4071 949 4106 a
968 4052 1078 4124 legibus
1090 4055 1213 4109 romanis
1232 4058 1267 4110 et·
1281 4055 1384 4126 passim
1403 4073 1483 4110 usur-

300 4158 368 4222 pata
385 4153 457 4221 apud
475 4156 642 4220 canonistas,
659 4171 713 4209 non
731 4155 890 4210 necessario
915 4155 1079 4210 observatur
1104 4158 1133 4210 in
1152 4159 1213 4211 foro
1231 4157 1330 4213 eccles.
1349 4159 1429 4214 iuxta
1446 4177 1483 4215 ea

299 4273 372 4328 quae
397 4257 451 4310 iam
475 4258 653 4326 advertimus,
678 4260 726 4314 sed
750 4277 924 4331 quacumque
950 4263 1040 4316 forma
1066 4267 1237 4332 proponatur
1260 4265 1335 4318 actio
1360 4263 1416 4318 doli
1436 4264 1482 4319 rel

299 4365 399 4426 metus,
417 4362 570 4417 attenditur
589 4380 645 4418 noa
663 4365 819 4433 proprietas
838 4367 995 4430 verborum,
1014 4365 1062 4420 sed
1080 4369 1238 4422 substantia
1258 4386 1359 4424 rerum.

389 4469 429 4540 (2)
449 4472 580 4524 Attamen
599 4488 716 4526 innuere
735 4475 867 4540 praestat,
886 4489 921 4527 ex
939 4473 1031 4529 indole
1050 4479 1141 4529 metus
1157 4476 1213 4530 iam
1231 4477 1372 4547 explicata
1384 4478 1480 4547 fluere,
