3350 5117
289 266 356 330 472
825 277 909 323 enas
933 276 954 321 1.

289 427 361 472 cum
386 423 449 469 uon
474 403 589 474 valeat,
608 404 766 469 confessio
790 422 855 467 non
879 403 1015 485 amplius
1030 399 1208 464 baberetur
1223 398 1394 466 iudicialis
1409 396 1466 462 sed

288 534 580 617 entraindiciali85
610 533 740 615 eiusque
771 528 865 593 valor
894 525 935 591 ab
966 524 1160 589 extrinsecis
1190 521 1350 587 adiunctis
1381 524 1467 586 esset

288 660 518 737 desumendus;
542 660 585 727 cf.
609 678 683 741 cop.
708 658 736 739 1,
760 657 806 722 tit.
831 654 882 721 De
905 671 1015 719 accam.
1039 651 1078 717 in
1101 652 1125 716 6
1147 648 1202 734 (V,
1229 649 1271 737 ll.

377 787 452 852 449.
478 786 618 851 Facilior
641 788 691 850 est
713 782 921 869 impugnatio,
937 777 963 843 si
983 798 1003 843 a
1025 777 1174 864 personis
1188 772 1245 840 fiat
1259 792 1342 859 quae
1365 776 1399 838 in
1422 775 1468 839 iu·

289 906 372 972 dicio
406 911 506 993 agunt
539 926 599 991 per
629 906 727 971 alium
758 924 816 969 seu
844 921 904 989 per
934 906 1200 987 procuratorem,
1223 902 1382 970 tutorem,
1407 916 1466 961 cu-

192 1084 193 1089 .
290 1040 450 1114 retorem,
474 1039 507 1099 et
536 1034 582 1098 ita
614 1051 723 1117 porro.
761 1030 839 1095 Nam
875 1029 993 1093 horum
1030 1027 1190 1099 confessio
1229 1026 1269 1091 ob
1303 1023 1466 1090 defectum

290 1156 431 1221 mandati
463 1158 612 1243 specialis
641 1154 680 1219 ad
711 1155 946 1220 confessionem
977 1152 1194 1225 emittendam,
1218 1154 1349 1217 omnino
1376 1148 1467 1215 nulla

289 1280 485 1346 declaranda
516 1286 574 1345 est.
605 1280 638 1345 Si
670 1279 845 1351 habebant,
877 1277 1037 1343 confessio
1067 1276 1164 1352 valet,
1185 1275 1287 1341 donec
1320 1273 1468 1340 dominus

290 1407 479 1491 principalis
500 1406 552 1470 vel
577 1406 644 1491 ipse
660 1410 854 1490 procurator
869 1402 1068 1470 demonstret
1082 1404 1175 1469 istam
1190 1420 1261 1467 esse
1276 1402 1391 1467 falsam
1414 1400 1468 1465 vel

291 1530 393 1616 ipsum
406 1530 545 1595 mandati
556 1530 675 1595 limites
687 1531 876 1596 excessisse.
885 1565 929 1578 -
941 1528 1053 1604 Quoad
1066 1536 1295 1615 procuratores
1307 1528 1467 1591 minorum

292 1656 325 1717 et
336 1672 558 1738 personarum,
572 1672 654 1739 quae
666 1656 737 1719 iure
750 1654 911 1718 minorum
924 1658 1067 1725 utuntur,
1081 1658 1213 1739 praeter
1224 1651 1399 1717 subsidium
1412 1649 1468 1714 im·

292 1780 495 1865 pugnationis
510 1798 568 1845 seu
583 1780 786 1845 refutationis
801 1779 909 1845 factae
924 1779 1144 1850 confessionis,
1161 1798 1204 1843 ex
1220 1797 1294 1860 cap.
1312 1776 1337 1842 3
1352 1777 1383 1841 h.
1402 1782 1423 1841 t.
1437 1776 1472 1840 Χ

292 1905 347 1992 (ΙΙ,
374 1904 428 1990 18)
452 1911 580 1991 praesto
605 1911 653 1969 est
675 1902 866 1970 beneficium
888 1903 1109 1970 restitutionis
1135 1903 1172 1967 in
1194 1902 1376 1987 inteprum.

382 2030 457 2095 450.
483 2030 721 2115 Responsiones
744 2027 900 2113 praebent
924 2026 1042 2092 indicia
1064 2046 1122 2092 seu
1144 2027 1283 2092 hominis
1305 2042 1470 2110 praesum-

293 2156 427 2238 ptiones,
441 2153 566 2236 quando
590 2172 632 2219 ex
655 2153 750 2219 factis
773 2152 920 2217 admissis
943 2157 1075 2237 possunt
1097 2152 1161 2216 alia
1184 2150 1395 2236 probabiliter
1418 2150 1469 2216 de·

293 2276 376 2342 duci.
395 2277 518 2342 Indicia
532 2278 703 2361 aliquando
723 2284 798 2344 sunt
814 2280 858 2343 ita
874 2278 1109 2350 concludentis,
1123 2282 1159 2342 ut
1180 2277 1373 2342 adamussim
1396 2298 1471 2342 con-

293 2401 418 2466 tineant
436 2402 636 2484 implicitum
652 2403 896 2467 confessionem.
915 2403 1007 2471 Alius
1023 2423 1116 2468 casus
1132 2402 1271 2468 habetor
1285 2402 1470 2486 implicitae

293 2545 350 2589 seu
373 2525 491 2589 tacitae
507 2525 726 2598 confessionis,
740 2528 767 2591 si
791 2526 879 2592 facta
893 2527 1103 2611 proferantur
1125 2528 1158 2590 in
1183 2525 1299 2591 iudicio
1323 2545 1388 2590 non
1411 2546 1472 2612 per

294 2653 519 2737 responsiones
542 2652 597 2718 sed
615 2674 673 2737 per
690 2653 933 2738 productionem
949 2654 1184 2737 scripturarum
1201 2653 1253 2717 vel
1276 2655 1470 2717 iustrumen-

294 2780 411 2839 torum.
438 2776 502 2839 lsta
525 2774 726 2856 documenta,
740 2795 822 2859 quae
846 2777 1065 2861 quaestionem
1083 2779 1256 2863 respiciant
1278 2783 1312 2842 et
1334 2797 1355 2841 a
1377 2781 1471 2863 parte

294 2899 450 2985 producte
474 2901 546 2974 sint,
571 2900 711 2967 validum
736 2902 894 2987 praebent
916 2902 1145 2968 adminiculum
1175 2903 1382 2989 probationis
1408 2902 1471 2969 Sed

295 3043 370 3108 pars
392 3023 564 3108 proferens
595 3026 767 3110 scriptura,
795 3031 829 3092 ut
859 3026 918 3091 sibi
950 3032 1073 3100 caveat,
1098 3028 1180 3091 solet
1212 3046 1383 3092 reservare
1411 3046 1469 3091 seu

295 3147 384 3230 quasi
408 3168 473 3212 non
497 3148 653 3233 producta
676 3150 797 3215 habere
822 3169 1043 3235 quaecumque
1065 3151 1189 3217 directe
1212 3172 1276 3217 uon
1301 3150 1473 3218 efforment

295 3268 454 3335 obiectum
486 3273 700 3339 instrumenti.
732 3274 765 3341 Si
796 3294 875 3339 vero
914 3276 1125 3359 proferantur
1156 3296 1176 3341 a
1206 3276 1473 3362 procuratoribus

295 3392 520 3479 intelliguntur
551 3395 688 3460 admissa
711 3414 750 3461 ea
772 3401 906 3471 tantum,
928 3398 969 3461 ad
992 3416 1074 3482 quae
1097 3399 1282 3466 habuerunt
1313 3400 1470 3465 directum

296 3522 497 3598 mandatum;
523 3523 667 3607 quamvis
691 3543 733 3588 ex
757 3524 883 3607 prolato
906 3525 1120 3590 instrumento
1136 3534 1250 3612 sponte
1273 3547 1331 3593 sua
1354 3527 1475 3611 aliquo

296 3648 358 3711 ties
380 3646 487 3730 eliqua
511 3644 648 3731 profluat
670 3650 881 3729 asseveratio.

386 3773 461 3838 451.
487 3740 652 3857 Confessio
675 3776 804 3839 omnino
836 3778 1003 3840 contraria
1032 3778 1202 3842 intentioni
1233 3777 1416 3844 adversarii
1441 3782 1474 3842 et

297 3893 415 3959 exinde
447 3894 633 3961 favorabilis
664 3894 830 3962 confitenti
855 3898 937 3963 nihil
960 3899 1056 3980 valet,
1072 3899 1129 3964 sed
1152 3899 1281 3965 ‘factum
1313 3905 1472 3965 assertum

297 4020 428 4105 probari
451 4022 554 4087 debet.
572 4022 654 4098 Quid
672 4024 750 4089 iuris
774 4024 800 4089 si
825 4025 984 4091 confessio
1009 4027 1124 4110 partim
1148 4026 1338 4091 adversario
1354 4027 1473 4108 faveat,
1569 4039 1574 4064 ·

298 4148 413 4230 partim
430 4146 615 4216 confitenti?
639 4149 740 4214 Debet
754 4120 867 4223 scindi,
883 4170 941 4214 seu
959 4150 1093 4215 retineri
1109 4154 1232 4215 tantum
1249 4170 1309 4235 pro
1326 4168 1365 4214 ea
1379 4155 1474 4236 parte

298 4292 361 4357 qua
391 4275 481 4340 favet
510 4274 744 4360 interroganti?
768 4276 828 4341 Est
857 4276 996 4341 celebris
1027 4254 1297 4360 quaestinuuam
1328 4279 1476 4345 nonnulli

298 4400 464 4466 resolvunt
488 4400 691 4464 admittentes
716 4402 939 4465 rescissionem
955 4405 1021 4466 tum
1045 4403 1083 4467 in
1106 4402 1259 4470 civilibus
1274 4409 1342 4469 tum
1359 4404 1397 4471 in
1413 4407 1480 4472 cri·
