3350 5117
344 391 411 458 288

341 531 382 595 ol>
403 531 542 616 aliquem
574 533 745 606 detectum,
767 554 811 598 ex
832 535 996 618 aequitate
1025 539 1170 621 praestat
1191 535 1244 600 vel
1276 539 1446 622 corrigere
1468 537 1522 601 rel

341 656 538 729 rescindere.
562 659 639 743 ipsis
667 658 796 744 dempto
828 678 1031 744 quocumque
1060 653 1141 727 iuris
1167 657 1301 734 effectu,
1327 682 1400 728 enm
1431 663 1524 728 cuins

341 781 476 848 interest
497 783 531 846 in
554 785 724 868 pristinum
746 788 864 848 statum
888 783 1095 850 restituendo.
1118 784 1243 851 Verum
1266 791 1363 852 octus
1385 787 1523 851 assumi·
1654 843 1655 874 ,

340 927 412 972 mus
426 909 521 972 etiarn
538 909 693 994 negative
710 929 772 995 pro
788 903 1032 984 omissionibus;
1049 910 1109 975 has
1128 911 1214 975 enim
1239 911 1345 977 solent
1368 911 1523 996 consequi

340 1033 469 1101 iuridici
490 1031 634 1100 effectus.

431 1157 571 1222 Humani
590 1163 691 1230 actus.
708 1159 827 1244 quippe
850 1179 871 1222 a
893 1158 1061 1224 uoluntate
1084 1161 1208 1224 initium
1238 1165 1417 1233 assumunt,
1441 1161 1524 1224 ritio

340 1281 499 1354 laborant.
522 1284 550 1349 si
573 1283 688 1369 plenus
710 1282 792 1349 desit
822 1303 1001 1349 consensus
1025 1304 1082 1349 seu
1105 1283 1209 1350 libera
1231 1284 1361 1370 penitus
1383 1304 1450 1348 non
1482 1284 1525 1348 sit

342 1403 457 1470 electio
486 1405 669 1485 voluntatis,
693 1405 803 1470 elicita
833 1425 906 1470 cum
935 1406 1032 1490 plena
1061 1403 1177 1471 obiecti
1208 1407 1402 1492 cognitione.
1435 1405 1525 1471 Hinc

341 1527 468 1596 obstant
489 1533 599 1594 metus
624 1533 658 1594 et
686 1547 796 1610 error,
821 1533 855 1594 et
880 1537 982 1593 ‘error
1005 1530 1037 1593 in
1061 1529 1183 1613 primis,
1209 1529 1277 1593 sive
1300 1529 1473 1613 proveniat
1504 1546 1525 1590 a

342 1671 439 1717 causa
456 1652 604 1733 naturali,
621 1657 732 1736 utputa
747 1672 790 1716 ex
807 1652 938 1718 defectu
952 1653 1080 1732 aetatis,
1098 1653 1166 1717 sire
1182 1671 1226 1718 ex
1241 1651 1315 1717 dolo
1331 1652 1383 1716 vel
1405 1651 1525 1716 fraude

341 1777 476 1842 alterins
497 1777 550 1860 qui
574 1775 691 1842 obiecti
714 1779 932 1843 necessariam
965 1776 1184 1862 cognitionem
1206 1776 1361 1862 impediat
1382 1777 1436 1841 rel
1459 1775 1524 1840 lal·

341 1923 410 1969 sam
432 1909 588 1988 suggerat
609 1905 765 1969 notitiam.

430 2023 526 2089 Modo
548 2043 679 2110 agemus
696 2024 735 2088 de
759 2025 838 2092 dolo
855 2029 886 2089 et
902 2029 1003 2104 metu,
1017 2029 1052 2089 ut
1067 2025 1266 2110 explicemus
1290 2023 1435 2090 remedia
1449 2044 1525 2108 pro-

340 2150 408 2216 dita
429 2149 470 2214 ad
493 2149 746 2216 subveniendum
766 2152 815 2222 iis,
831 2153 885 2234 qni
910 2150 1017 2217 dolum
1041 2160 1097 2217 aut
1120 2157 1238 2216 metum
1262 2151 1347 2236 passi
1372 2154 1456 2215 sunt.
1473 2151 1524 2216 De

341 2291 456 2338 errore
478 2273 664 2358 singillatim
687 2272 768 2337 nihil
792 2271 961 2338 dicendum
986 2279 1043 2340 est.
1060 2307 1104 2321 —
1122 2274 1202 2338 Nam
1225 2277 1359 2358 agentes
1383 2271 1424 2338 de
1445 2272 1523 2337 dolo

341 2395 642 2480 comprehendimus
658 2415 806 2460 errorem
822 2395 896 2461 dolo
916 2401 1081 2462 causatum
1098 2402 1130 2461 et
1145 2395 1264 2462 exinde
1279 2395 1368 2459 hunc
1391 2413 1523 2479 compa-

341 2518 483 2584 rabimus
506 2539 580 2584 cum
603 2539 728 2590 errore.
745 2519 797 2602 qui
822 2539 843 2582 a
867 2519 939 2583 dolo
963 2539 1026 2584 non
1052 2519 1276 2605 provenit-
1300 2517 1419 2583 Postea
1440 2537 1524 2582 vero

342 2645 566 2731 exponendum
589 2647 652 2709 erit
675 2638 853 2709 remedium
878 2644 1189 2725 extraordinarium,
1206 2643 1357 2708 nimirum
1381 2643 1419 2706 in
1441 2641 1525 2708 iate-

340 2787 444 2850 prum
470 2767 645 2846 restitutio,
668 2786 751 2850 quae
781 2746 832 2834 est
854 2768 938 2832 actio
961 2767 1159 2833 rescissoria
1182 2770 1368 2853 competens
1388 2766 1437 2836 iis,
1454 2765 1522 2850 qui,

341 2909 385 2956 ex
408 2892 536 2957 deiectu
559 2892 672 2956 aetatis
694 2891 812 2956 velex
837 2892 944 2975 aliquo
969 2891 1032 2956 alio
1048 2890 1187 2963 delectu,
1204 2911 1269 2955 non
1289 2891 1387 2977 plena
1411 2888 1525 2954 fruun-

340 3021 396 3080 tur
418 3015 601 3100 cognitione
624 3013 739 3078 obiecti
762 3034 893 3079 suorum
917 3020 1055 3079 actuum.
1081 3014 1224 3079 Proinde
1246 3015 1341 3080 etiam
1365 3015 1429 3080 hoc
1444 3012 1523 3079 sub·

342 3136 454 3201 sidium
478 3158 498 3201 a
520 3138 593 3223 lege
609 3137 769 3222 proditum
793 3143 842 3203 est
857 3137 897 3202 ad
921 3139 1132 3222 corrigendos
1148 3157 1288 3218 errores,
1306 3139 1340 3202 in
1361 3157 1439 3221 quos
1454 3137 1520 3202 labi

341 3269 396 3329 aut
418 3263 532 3328 adduci
562 3265 667 3330 solent
698 3271 807 3330 certae
830 3279 1000 3350 personae,
1021 3265 1122 3330 veluti
1154 3265 1305 3337 minores,
1338 3265 1390 3328 rel
1422 3265 1522 3330 etlam

340 3388 488 3467 maiores,
508 3387 635 3471 quando
665 3387 773 3472 aliqua
801 3389 946 3473 legitima
977 3409 1075 3454 causa
1105 3387 1323 3474 impediuntur
1347 3388 1520 3471 quominus

342 3514 438 3599 pleno
460 3512 631 3578 advertant
654 3516 687 3577 in
710 3534 785 3578 suos
806 3518 907 3579 actus.

431 3635 585 3720 Apposita
602 3635 744 3701 remedia
767 3634 990 3700 decernuntur
1014 3637 1186 3721 praecipue
1212 3636 1243 3699 in
1268 3608 1315 3700 tit.
1340 3635 1398 3706 to,
1424 3636 1453 3706 Ι,
1477 3635 1520 3704 X.

342 3761 393 3828 De
419 3762 470 3827 his
497 3781 584 3847 quae
607 3764 641 3827 ei
662 3768 812 3828 metusve
834 3781 940 3828 causo
959 3763 1067 3848 fiuut5
1092 3763 1137 3827 tit.
1162 3761 1214 3843 14,
1236 3761 1284 3842 ΙΙ,
1305 3761 1346 3836 X,
1364 3759 1415 3828 De
1442 3759 1522 3828 doto

341 3887 374 3949 et
395 3885 617 3957 coutumacia,
642 3890 675 3949 et
699 3885 745 3949 tit.
770 3884 821 3958 41,
848 3886 875 3960 Ι,
900 3885 941 3958 Χ,
968 3884 1018 3950 De
1040 3883 1077 3949 in
1099 3884 1270 3970 integrum
1299 3881 1520 3948 restitutione.

431 4009 506 4076 255.
531 4009 637 4082 Dolus,
667 4013 757 4076 iuxta
786 4008 1006 4076 definitionem
1034 4007 1139 4074 datam
1169 4029 1190 4074 a
1219 4007 1255 4076 C.
1286 4007 1380 4074 Gallo
1411 4007 1520 4091 Aquil.

342 4131 426 4218 apud
450 4133 514 4198 Cic.
540 4132 589 4198 De
612 4133 668 4216 off.
693 4129 760 4206 ΙΙΙ,
785 4132 844 4205 14,
872 4131 1031 4199 «obtinet
1062 4150 1139 4198 cum
1162 4130 1259 4196 aliud
1282 4131 1400 4218 agitur
1423 4131 1521 4196 atiud

342 4255 525 4320 simulatur
539 4275 571 4318 ›.
595 4252 658 4318 Hic
680 4273 745 4318 non
770 4256 956 4338 quaerimus
980 4255 1012 4318 in
1037 4271 1158 4339 genere
1182 4251 1222 4317 de
1245 4251 1327 4326 dolo,
1348 4251 1403 4335 qui
1426 4251 1460 4314 in
1484 4269 1523 4314 re

342 4380 500 4446 criminali
524 4385 574 4476 est
596 4379 692 4465 plena
715 4381 813 4444 animi
845 4379 1034 4445 deliberatio
1058 4377 1177 4462 aliquid
1208 4377 1324 4464 agendi
1349 4375 1401 4440 rel
1426 4376 1521 4439 omit-

341 4503 440 4585 tendi,
463 4503 519 4569 sed
542 4504 596 4569 hic
618 4505 742 4590 agimus
766 4503 805 4568 de
829 4523 868 4567 ea
897 4503 1098 4568 simulatione
1121 4507 1177 4569 ant
1200 4500 1453 4568 dissimulatione
1476 4499 1520 4564 di·
