3350 5117
554 403 597 449 DE
621 400 760 448 lUDICllS
786 399 1052 446 Eccuusmsrlcls

667 700 848 767 TITULUS
879 701 939 765 Vl.

607 918 657 964 DE
690 916 1000 965 cONFEssloNE.

641 1040 691 1081 lluc
702 1036 743 1080 rel.
754 1038 790 1081 tlt.
804 1038 836 1087 18,
847 1036 885 1079 lib.
899 1036 962 1079 ll-X.

215 1214 433 1271 summarium.
445 1246 478 1257 -
490 1217 551 1271 440.
562 1216 703 1278 Quomodo
713 1216 850 1270 confessio
859 1216 896 1268 sit
906 1215 1012 1284 species
1023 1213 1201 1284 probationis.
1212 1244 1246 1255 -
1254 1214 1316 1289 441.
1327 1214 1393 1268 Tra·

305 1321 381 1374 ditur
405 1322 585 1377 confessionis
611 1322 751 1375 iudicialis
776 1320 1155 1380 1161161116-44206616
1180 1320 1209 1373 16
1228 1312 1393 1376 collectione

305 1429 388 1499 Greg.
403 1430 442 1484 111
464 1428 561 1484 titulus
576 1432 616 1485 De
631 1430 765 1499 confessis
782 1433 969 1499 praeponatur
982 1428 1066 1482 titulo
1079 1429 1121 1484 De
1129 1407 1394 1498 probationibus.-

306 1535 367 1590 443.
382 1536 434 1590 Sed
452 1536 590 1590 confessio
609 1540 671 1605 post
688 1534 769 1589 litem
787 1538 973 1588 contestatam
986 1540 1152 1604 provocatur
1170 1536 1205 1589 ab
1224 1550 1258 1589 eo
1277 1536 1325 1606 qui
1343 1536 1394 1589 ali-

304 1641 377 1713 quod
390 1642 493 1695 lactum
508 1642 626 1710 probare
639 1641 734 1705 dobet3
754 1640 826 1711 quod
840 1640 947 1693 lactum
965 1640 989 1693 si
1008 1639 1182 1695 adversarius
1194 1642 1325 1707 fateatur,
1339 1641 1394 1694 iam

306 1746 470 1817 probatione
489 1746 609 1815 amplius
628 1762 682 1799 1166
702 1745 817 1814 indiget.
832 1743 976 1798 Confessio
989 1752 1159 1813 provocatur
1177 1762 1227 1815 per
1244 1748 1395 1815 positiones

306 1856 355 1904 aut
374 1867 423 1921 per
435 1852 675 1921 interrogationes.
688 1878 726 1891 -
737 1850 798 1903 444.
812 1850 930 1911 Quinam
945 1852 1032 1920 possit
1044 1848 1095 1904 hes
1109 1868 1262 1921 proponere
1281 1854 1310 1906 et
1327 1869 1396 1923 quo-

307 1956 388 2010 modo
407 1957 484 2009 116111.
504 1984 538 1997 -·
557 1956 617 2010 445.
638 1955 779 2017 Quomodo
799 1973 863 2025 pars
882 1956 1057 2025 interrogata
1074 1957 1260 2027 positionibus
1282 1961 1395 2011 66116-

307 2066 540 2133 terropationibus
559 2064 721 2117 satisfaciat.
734 2092 770 2105 -
783 2063 844 2116 446.
860 2064 899 2117 De
912 2062 1008 2117 valore
1024 2064 1212 2117 consessionis.
1228 2092 1262 2105 -
1275 2064 1336 2117 447.
1351 2068 1395 2117 An

306 2169 444 2224 consessio
462 2168 557 2224 valeat
577 2170 710 2224 revocari.
724 2199 757 2211 -
771 2168 831 2222 448.
847 2168 909 2222 Non
928 2172 1021 2239 potest
1040 2170 1164 2224 revocari
1184 2173 1331 2238 praetextu
1350 2170 1396 2221 de-

307 2281 396 2333 lectus
417 2294 560 2347 processus
578 2278 726 2344 iudicialis,
739 2279 805 2350 quia
823 2278 962 2332 consessio
981 2278 1167 2347 praesumitur
1186 2278 1331 2333 continere
1349 2295 1396 2331 rc·

229 2370 232 2377 ⁴
306 2384 504 2439 validatiouem
517 2389 641 2438 actorum
657 2384 837 2451 iudicialium,
849 2401 920 2455 quae
932 2384 1073 2453 pertinent
1085 2371 1119 2437 'ad
1133 2385 1236 2437 bouum
1247 2383 1394 2453 privatum.

305 2518 342 2531 -
355 2488 415 2543 449.
430 2490 526 2543 Potest
545 2488 656 2542 facilius
675 2488 831 2557 impugnari
847 2487 983 2541 confessio
996 2487 1070 2541 edita
1083 2505 1132 2557 per
1144 2492 1347 2557 procuratores.
1359 2516 1396 2529 -

307 2597 368 2652 450.
388 2597 546 2668 Aliquando
564 2598 620 2651 1166
639 2597 813 2667 frequentius
832 2596 970 2651 consessio
988 2600 1031 2651 eat
1054 2597 1197 2665 implicita.
1216 2624 1253 2636 -
1271 2596 1332 2649 451.
1351 2597 1396 2649 116

243 2772 245 2777 ,
307 2704 443 2757 confessio
472 2702 559 2772 possit
587 2702 683 2755 scindi.
707 2731 744 2744 -
769 2702 830 2757 452.
857 2702 896 2755 06
924 2701 1095 2755 confessione
1124 2702 1398 2756 66661611161611-

306 2808 367 2861 453.
389 2808 427 2862 06
446 2809 562 2862 consess.
582 2809 721 2862 extraiud.
742 2808 949 2861 sacramentali.

307 3007 382 3071 440.
409 3005 614 3071 Probatiouis
641 3008 765 3092 species
789 3012 821 3071 et
845 3006 993 3090 equidem
1021 3008 1127 3091 potior
1150 3012 1199 3071 est
1222 3006 1393 3072 confessio

217 3130 343 3195 Verum
367 3129 512 3209 nonnulli
536 3132 703 3195 autumant
718 3130 955 3194 confessionem
970 3128 1212 3213 probationibus
1236 3149 1301 3194 non
1324 3149 1397 3195 esse

217 3256 462 3337 accensendam,
486 3256 641 3339 siquidem
665 3256 888 3322 adversarium
912 3255 1037 3319 relevet
1059 3254 1100 3319 ab
1123 3275 1223 3319 onere
1240 3255 1396 3341 probandi

217 3383 303 3468 quod
319 3384 352 3448 16
369 3382 571 3447 confessione
587 3385 646 3447 est.
671 3383 714 3445 At
737 3400 779 3445 66
803 3378 859 3446 fiat
874 3379 1105 3463 aequivocatio,
1123 3400 1177 3445 res
1193 3380 1396 3445 distinctione

218 3510 421 3598 expedienda
445 3514 503 3576 est.
527 3544 572 3557 --
595 3506 756 3593 Siquidem
773 3507 940 3591 confessio
964 3526 1021 3572 seu
1044 3509 1241 3572 asseveratio
1260 3506 1397 3572 alicuius

188 3699 190 3703 ,
218 3636 297 3702 facti
321 3654 385 3699 non
409 3639 458 3699 eet
481 3634 567 3701 16161
590 3633 795 3720 probationes
811 3633 996 3705 referenda,
1014 3637 1180 3717 quatenus,
1205 3634 1238 3697 16
1262 3652 1395 3718 genere,

218 3762 273 3845 qui
290 3762 407 3825 asserit
422 3760 550 3843 aliquod
568 3758 698 3831 iactum,
717 3759 801 3825 idem
824 3759 966 3846 probare
981 3758 1085 3825 debet.
1102 3758 1163 3835 Qui
1179 3775 1260 3824 vero
1274 3759 1396 3825 factum

218 3884 336 3949 usserit
366 3883 426 3948 sibi
458 3883 666 3958 contrarium,
691 3881 880 3947 adversario
911 3881 1102 3963 lavorabile,
1119 3883 1239 3947 dicitur
1270 3882 1398 3965 confes·

217 4006 350 4073 etonem
375 4005 490 4080 edere;
514 4005 789 4071 6116661661616
821 4004 1025 4087 consessum,
1049 4004 1170 4089 absque
1192 4006 1255 4069 alia
1278 4004 1396 4089 proba-

217 4132 315 4212 tione,
333 4132 492 4195 retinetur
514 4148 643 4195 verum.
668 4128 877 4215 Quapropter.
898 4131 952 4212 qui
975 4135 1219 4195 controversam
1237 4148 1304 4193 1616
1321 4149 1397 4214 pro·

218 4254 298 4320 bare
322 4254 427 4337 debet,
445 4276 515 4321 6661
540 4257 653 4341 primis
676 4256 790 4320 nititur
812 4254 854 4319 eb
877 4274 935 4319 ore
959 4254 1138 4319 adversarii
1161 4254 1294 4319 haurire
1317 4254 1396 4319 facti

218 4380 390 4443 veritatem
414 4397 474 4462 per
497 4378 768 4463 interrogationes
792 4376 837 4441 1111
861 4377 1055 4463 propositas;
1079 4381 1113 4441 et
1128 4376 1191 4442 hoc
1206 4396 1303 4443 sensu
1318 4396 1397 4441 saue

214 4497 365 4580 propria
381 4496 544 4579 consessio
559 4502 607 4562 ert
618 4496 748 4580 optima
755 4496 925 4581 probatio,
939 4499 984 4563 611
996 4497 1239 4585 fertvulgatum
1256 4498 1395 4564 axioma.

363 4619 422 4675 Soc.
443 4620 528 4690 Lapa.
1218 4622 1253 4677 30
