<?xml version="1.0" encoding="UTF-8"?>
<!DOCTYPE html PUBLIC "-//W3C//DTD XHTML 1.0 Transitional//EN"
    "http://www.w3.org/TR/xhtml1/DTD/xhtml1-transitional.dtd">
<html xmlns="http://www.w3.org/1999/xhtml" xml:lang="en" lang="en">
 <head>
  <title>
</title>
<meta http-equiv="Content-Type" content="text/html;charset=utf-8" />
  <meta name='ocr-system' content='tesseract 3.04.00' />
  <meta name='ocr-capabilities' content='ocr_page ocr_carea ocr_par ocr_line ocrx_word'/>
</head>
<body>
  <div class='ocr_page' id='page_1' title='image "./praelectionesin01legagoog_0132.png"; bbox 0 0 3350 5117; ppageno 0'>
   <div class='ocr_carea' id='block_1_1' title="bbox 325 263 975 331">
    <p class='ocr_par' dir='ltr' id='par_1_1' title="bbox 325 263 975 331">
     <span class='ocr_line' id='line_1_1' title="bbox 325 263 975 331; baseline 0.002 -4"><span class='ocrx_word' id='word_1_1' title='bbox 325 263 388 328; x_wconf 86' lang='lat'>130</span> <span class='ocrx_word' id='word_1_2' title='bbox 846 283 929 331; x_wconf 75' lang='lat' dir='ltr'>rans</span> <span class='ocrx_word' id='word_1_3' title='bbox 953 284 975 329; x_wconf 90' lang='lat'>1.</span> 
     </span>
    </p>
   </div>
   <div class='ocr_carea' id='block_1_2' title="bbox 414 404 1500 501">
    <p class='ocr_par' dir='ltr' id='par_1_2' title="bbox 414 404 1500 501">
     <span class='ocr_line' id='line_1_2' title="bbox 414 404 1500 501; baseline 0.006 -33"><span class='ocrx_word' id='word_1_4' title='bbox 414 404 486 469; x_wconf 86' lang='lat'>101.</span> <span class='ocrx_word' id='word_1_5' title='bbox 501 404 899 501; x_wconf 61' lang='lat' dir='ltr'>AQnaifflfflmani</span> <span class='ocrx_word' id='word_1_6' title='bbox 917 405 1041 491; x_wconf 60' lang='lat' dir='ltr'>eps-&gt;Qu</span> <span class='ocrx_word' id='word_1_7' title='bbox 1056 405 1233 499; x_wconf 36' lang='lat' dir='ltr'>adnue-“catus</span> <span class='ocrx_word' id='word_1_8' title='bbox 1248 407 1389 491; x_wconf 66' lang='lat' dir='ltr'>ponebat</span> <span class='ocrx_word' id='word_1_9' title='bbox 1401 408 1500 475; x_wconf 87' lang='lat' dir='ltr'>etiam</span> 
     </span>
    </p>
   </div>
   <div class='ocr_carea' id='block_1_3' title="bbox 321 530 1501 742">
    <p class='ocr_par' dir='ltr' id='par_1_3' title="bbox 321 530 1501 742">
     <span class='ocr_line' id='line_1_3' title="bbox 321 530 1501 623; baseline 0.004 -29"><span class='ocrx_word' id='word_1_10' title='bbox 321 534 412 597; x_wconf 88' lang='lat' dir='ltr'>actus</span> <span class='ocrx_word' id='word_1_11' title='bbox 436 530 610 623; x_wconf 64' lang='lat' dir='ltr'>iudiciaigs,</span> <span class='ocrx_word' id='word_1_12' title='bbox 635 530 692 619; x_wconf 57' lang='lat' dir='ltr'>Sffl</span> <span class='ocrx_word' id='word_1_13' title='bbox 714 550 778 595; x_wconf 92' lang='lat' dir='ltr'>non</span> <span class='ocrx_word' id='word_1_14' title='bbox 802 533 934 617; x_wconf 67' lang='lat' dir='ltr'>pioppie</span> <span class='ocrx_word' id='word_1_15' title='bbox 958 538 1258 619; x_wconf 59' lang='lat' dir='ltr'>Q,</span> <span class='ocrx_word' id='word_1_16' title='bbox 1275 536 1351 617; x_wconf 90' lang='lat' dir='ltr'>quia</span> <span class='ocrx_word' id='word_1_17' title='bbox 1373 536 1441 621; x_wconf 92' lang='lat' dir='ltr'>ipse</span> <span class='ocrx_word' id='word_1_18' title='bbox 1464 536 1501 600; x_wconf 92' lang='lat' dir='ltr'>in</span> 
     </span>
     <span class='ocr_line' id='line_1_4' title="bbox 322 654 1501 742; baseline 0.006 -25"><span class='ocrx_word' id='word_1_19' title='bbox 322 654 437 719; x_wconf 91' lang='lat' dir='ltr'>iudicio</span> <span class='ocrx_word' id='word_1_20' title='bbox 450 662 573 742; x_wconf 88' lang='lat' dir='ltr'>partem</span> <span class='ocrx_word' id='word_1_21' title='bbox 591 654 802 720; x_wconf 80' lang='lat' dir='ltr'>comitabatur</span> <span class='ocrx_word' id='word_1_22' title='bbox 817 674 920 738; x_wconf 91' lang='lat' dir='ltr'>eaque</span> <span class='ocrx_word' id='word_1_23' title='bbox 934 660 1107 740; x_wconf 79' lang='lat' dir='ltr'>praesente</span> <span class='ocrx_word' id='word_1_24' title='bbox 1123 662 1156 720; x_wconf 88' lang='lat' dir='ltr'>et</span> <span class='ocrx_word' id='word_1_25' title='bbox 1171 656 1371 723; x_wconf 79' lang='lat' dir='ltr'>adsentiente</span> <span class='ocrx_word' id='word_1_26' title='bbox 1391 664 1501 724; x_wconf 89' lang='lat' dir='ltr'>certos</span> 
     </span>
    </p>
   </div>
   <div class='ocr_carea' id='block_1_4' title="bbox 321 778 1500 1483">
    <p class='ocr_par' dir='ltr' id='par_1_4' title="bbox 321 778 1500 1483">
     <span class='ocr_line' id='line_1_5' title="bbox 321 778 1496 866; baseline 0.002 -23"><span class='ocrx_word' id='word_1_27' title='bbox 321 778 473 864; x_wconf 81' lang='lat' dir='ltr'>expiebat</span> <span class='ocrx_word' id='word_1_28' title='bbox 485 778 593 843; x_wconf 90' lang='lat' dir='ltr'>iudicii</span> <span class='ocrx_word' id='word_1_29' title='bbox 609 784 707 844; x_wconf 89' lang='lat' dir='ltr'>actus.</span> <span class='ocrx_word' id='word_1_30' title='bbox 723 779 951 844; x_wconf 90' lang='lat' dir='ltr'>Procuratoris</span> <span class='ocrx_word' id='word_1_31' title='bbox 966 800 1046 843; x_wconf 88' lang='lat' dir='ltr'>vero</span> <span class='ocrx_word' id='word_1_32' title='bbox 1062 786 1111 844; x_wconf 89' lang='lat' dir='ltr'>est</span> <span class='ocrx_word' id='word_1_33' title='bbox 1127 780 1309 845; x_wconf 87' lang='lat' dir='ltr'>mandantis</span> <span class='ocrx_word' id='word_1_34' title='bbox 1324 801 1496 866; x_wconf 90' lang='lat' dir='ltr'>personam</span> 
     </span>
     <span class='ocr_line' id='line_1_6' title="bbox 321 902 1500 988; baseline 0.004 -22"><span class='ocrx_word' id='word_1_35' title='bbox 321 910 570 987; x_wconf 88' lang='lat' dir='ltr'>repraesentare</span> <span class='ocrx_word' id='word_1_36' title='bbox 594 922 651 968; x_wconf 88' lang='lat' dir='ltr'>seu</span> <span class='ocrx_word' id='word_1_37' title='bbox 666 902 870 969; x_wconf 89' lang='lat' dir='ltr'>substituere.</span> <span class='ocrx_word' id='word_1_38' title='bbox 885 940 931 950; x_wconf 87' lang='lat'>-</span> <span class='ocrx_word' id='word_1_39' title='bbox 947 902 1108 987; x_wconf 86' lang='lat' dir='ltr'>Siquidem</span> <span class='ocrx_word' id='word_1_40' title='bbox 1133 924 1173 968; x_wconf 90' lang='lat' dir='ltr'>ea</span> <span class='ocrx_word' id='word_1_41' title='bbox 1195 906 1376 988; x_wconf 77' lang='lat' dir='ltr'>antiquiore</span> <span class='ocrx_word' id='word_1_42' title='bbox 1390 911 1500 971; x_wconf 89' lang='lat' dir='ltr'>aetate</span> 
     </span>
     <span class='ocr_line' id='line_1_7' title="bbox 321 1028 1499 1117; baseline 0.004 -26"><span class='ocrx_word' id='word_1_43' title='bbox 321 1046 387 1092; x_wconf 92' lang='lat' dir='ltr'>non</span> <span class='ocrx_word' id='word_1_44' title='bbox 409 1035 537 1113; x_wconf 88' lang='lat' dir='ltr'>poterat</span> <span class='ocrx_word' id='word_1_45' title='bbox 559 1028 640 1093; x_wconf 90' lang='lat' dir='ltr'>alius</span> <span class='ocrx_word' id='word_1_46' title='bbox 664 1049 722 1113; x_wconf 92' lang='lat' dir='ltr'>pro</span> <span class='ocrx_word' id='word_1_47' title='bbox 746 1030 809 1093; x_wconf 88' lang='lat' dir='ltr'>alio</span> <span class='ocrx_word' id='word_1_48' title='bbox 833 1049 1004 1113; x_wconf 90' lang='lat' dir='ltr'>personam</span> <span class='ocrx_word' id='word_1_49' title='bbox 1028 1049 1146 1115; x_wconf 86' lang='lat' dir='ltr'>gerere</span> <span class='ocrx_word' id='word_1_50' title='bbox 1161 1032 1194 1095; x_wconf 90' lang='lat' dir='ltr'>in</span> <span class='ocrx_word' id='word_1_51' title='bbox 1211 1030 1337 1104; x_wconf 82' lang='lat' dir='ltr'>iudicio.</span> <span class='ocrx_word' id='word_1_52' title='bbox 1353 1052 1412 1097; x_wconf 91' lang='lat' dir='ltr'>seu</span> <span class='ocrx_word' id='word_1_53' title='bbox 1426 1052 1499 1117; x_wconf 86' lang='lat' dir='ltr'>pro</span> 
     </span>
     <span class='ocr_line' id='line_1_8' title="bbox 321 1149 1498 1237; baseline 0.007 -24"><span class='ocrx_word' id='word_1_54' title='bbox 321 1154 491 1214; x_wconf 83' lang='lat' dir='ltr'>curatores</span> <span class='ocrx_word' id='word_1_55' title='bbox 514 1149 555 1214; x_wconf 91' lang='lat' dir='ltr'>ad</span> <span class='ocrx_word' id='word_1_56' title='bbox 577 1150 650 1215; x_wconf 88' lang='lat' dir='ltr'>lites</span> <span class='ocrx_word' id='word_1_57' title='bbox 673 1170 738 1213; x_wconf 90' lang='lat' dir='ltr'>non</span> <span class='ocrx_word' id='word_1_58' title='bbox 761 1149 1020 1231; x_wconf 87' lang='lat' dir='ltr'>admittebantur,</span> <span class='ocrx_word' id='word_1_59' title='bbox 1045 1172 1088 1215; x_wconf 83' lang='lat' dir='ltr'>ex</span> <span class='ocrx_word' id='word_1_60' title='bbox 1111 1169 1150 1216; x_wconf 87' lang='lat' dir='ltr'>eo</span> <span class='ocrx_word' id='word_1_61' title='bbox 1168 1153 1326 1237; x_wconf 86' lang='lat' dir='ltr'>principio</span> <span class='ocrx_word' id='word_1_62' title='bbox 1348 1172 1366 1215; x_wconf 83' lang='lat'>‹</span> <span class='ocrx_word' id='word_1_63' title='bbox 1387 1152 1498 1221; x_wconf 85' lang='lat' dir='ltr'>Nemo</span> 
     </span>
     <span class='ocr_line' id='line_1_9' title="bbox 322 1272 1496 1360; baseline 0.002 -25"><span class='ocrx_word' id='word_1_64' title='bbox 322 1272 433 1338; x_wconf 84' lang='lat' dir='ltr'>utteuo</span> <span class='ocrx_word' id='word_1_65' title='bbox 449 1274 586 1339; x_wconf 73' lang='lat' dir='ltr'>nornine</span> <span class='ocrx_word' id='word_1_66' title='bbox 603 1274 677 1359; x_wconf 79' lang='lat' dir='ltr'>iope·</span> <span class='ocrx_word' id='word_1_67' title='bbox 689 1292 792 1360; x_wconf 77' lang='lat' dir='ltr'>opere</span> <span class='ocrx_word' id='word_1_68' title='bbox 810 1278 922 1357; x_wconf 84' lang='lat' dir='ltr'>potest</span> <span class='ocrx_word' id='word_1_69' title='bbox 938 1295 968 1348; x_wconf 67' lang='lat' dir='ltr'>a,</span> <span class='ocrx_word' id='word_1_70' title='bbox 982 1295 1052 1360; x_wconf 86' lang='lat' dir='ltr'>arg.</span> <span class='ocrx_word' id='word_1_71' title='bbox 1078 1275 1115 1338; x_wconf 87' lang='lat' dir='ltr'>L.</span> <span class='ocrx_word' id='word_1_72' title='bbox 1138 1274 1208 1340; x_wconf 79' lang='lat'>123</span> <span class='ocrx_word' id='word_1_73' title='bbox 1226 1294 1283 1357; x_wconf 82' lang='lat' dir='ltr'>pr.</span> <span class='ocrx_word' id='word_1_74' title='bbox 1306 1278 1342 1359; x_wconf 82' lang='lat' dir='ltr'>ff.</span> <span class='ocrx_word' id='word_1_75' title='bbox 1360 1275 1410 1341; x_wconf 84' lang='lat' dir='ltr'>De</span> <span class='ocrx_word' id='word_1_76' title='bbox 1424 1294 1496 1360; x_wconf 83' lang='lat' dir='ltr'>rep.</span> 
     </span>
     <span class='ocr_line' id='line_1_10' title="bbox 321 1394 1500 1483; baseline 0.002 -25"><span class='ocrx_word' id='word_1_77' title='bbox 321 1394 387 1459; x_wconf 79' lang='lat' dir='ltr'>tur.</span> <span class='ocrx_word' id='word_1_78' title='bbox 414 1396 531 1460; x_wconf 90' lang='lat' dir='ltr'>Postea</span> <span class='ocrx_word' id='word_1_79' title='bbox 555 1395 737 1463; x_wconf 89' lang='lat' dir='ltr'>introducto</span> <span class='ocrx_word' id='word_1_80' title='bbox 760 1417 913 1483; x_wconf 85' lang='lat' dir='ltr'>processu</span> <span class='ocrx_word' id='word_1_81' title='bbox 926 1418 992 1482; x_wconf 85' lang='lat' dir='ltr'>per</span> <span class='ocrx_word' id='word_1_82' title='bbox 1005 1398 1187 1480; x_wconf 67' lang='lat' dir='ltr'>formamus,</span> <span class='ocrx_word' id='word_1_83' title='bbox 1204 1418 1261 1463; x_wconf 90' lang='lat' dir='ltr'>seu</span> <span class='ocrx_word' id='word_1_84' title='bbox 1277 1398 1421 1463; x_wconf 88' lang='lat' dir='ltr'>emollita</span> <span class='ocrx_word' id='word_1_85' title='bbox 1436 1399 1500 1481; x_wconf 89' lang='lat' dir='ltr'>pri·</span> 
     </span>
    </p>
   </div>
   <div class='ocr_carea' id='block_1_5' title="bbox 322 1518 1501 1619">
    <p class='ocr_par' dir='ltr' id='par_1_5' title="bbox 322 1518 1501 1619">
     <span class='ocr_line' id='line_1_11' title="bbox 322 1518 1501 1619; baseline 0.003 -39"><span class='ocrx_word' id='word_1_86' title='bbox 322 1519 462 1603; x_wconf 86' lang='lat' dir='ltr'>migenia</span> <span class='ocrx_word' id='word_1_87' title='bbox 481 1518 637 1583; x_wconf 84' lang='lat' dir='ltr'>iudicialis</span> <span class='ocrx_word' id='word_1_88' title='bbox 652 1539 823 1605; x_wconf 87' lang='lat' dir='ltr'>processus</span> <span class='ocrx_word' id='word_1_89' title='bbox 847 1522 1030 1605; x_wconf 83' lang='lat' dir='ltr'>asperitate,</span> <span class='ocrx_word' id='word_1_90' title='bbox 1048 1541 1109 1605; x_wconf 89' lang='lat' dir='ltr'>per</span> <span class='ocrx_word' id='word_1_91' title='bbox 1133 1521 1214 1619; x_wconf 71' lang='lat' dir='ltr'>aiios</span> <span class='ocrx_word' id='word_1_92' title='bbox 1237 1524 1270 1585; x_wconf 91' lang='lat' dir='ltr'>in</span> <span class='ocrx_word' id='word_1_93' title='bbox 1292 1520 1410 1585; x_wconf 91' lang='lat' dir='ltr'>iudicio</span> <span class='ocrx_word' id='word_1_94' title='bbox 1426 1540 1501 1585; x_wconf 92' lang='lat' dir='ltr'>con·</span> 
     </span>
    </p>
   </div>
   <div class='ocr_carea' id='block_1_6' title="bbox 321 1643 1500 1982">
    <p class='ocr_par' dir='ltr' id='par_1_6' title="bbox 321 1643 1500 1982">
     <span class='ocr_line' id='line_1_12' title="bbox 321 1643 1500 1730; baseline 0.003 -23"><span class='ocrx_word' id='word_1_95' title='bbox 321 1643 456 1710; x_wconf 88' lang='lat' dir='ltr'>tendere</span> <span class='ocrx_word' id='word_1_96' title='bbox 471 1646 662 1730; x_wconf 87' lang='lat' dir='ltr'>permissum</span> <span class='ocrx_word' id='word_1_97' title='bbox 678 1645 747 1715; x_wconf 78' lang='lat' dir='ltr'>suit.</span> <span class='ocrx_word' id='word_1_98' title='bbox 765 1664 803 1709; x_wconf 91' lang='lat' dir='ltr'>eo</span> <span class='ocrx_word' id='word_1_99' title='bbox 825 1650 936 1709; x_wconf 88' lang='lat' dir='ltr'>tamen</span> <span class='ocrx_word' id='word_1_100' title='bbox 951 1652 1045 1730; x_wconf 90' lang='lat' dir='ltr'>pacto</span> <span class='ocrx_word' id='word_1_101' title='bbox 1069 1651 1103 1710; x_wconf 89' lang='lat' dir='ltr'>ut</span> <span class='ocrx_word' id='word_1_102' title='bbox 1126 1648 1159 1709; x_wconf 91' lang='lat' dir='ltr'>in</span> <span class='ocrx_word' id='word_1_103' title='bbox 1176 1647 1364 1710; x_wconf 90' lang='lat' dir='ltr'>constitutos</span> <span class='ocrx_word' id='word_1_104' title='bbox 1380 1665 1500 1729; x_wconf 91' lang='lat' dir='ltr'>procu·</span> 
     </span>
     <span class='ocr_line' id='line_1_13' title="bbox 321 1768 1498 1857; baseline 0.003 -24"><span class='ocrx_word' id='word_1_105' title='bbox 321 1773 448 1835; x_wconf 87' lang='lat' dir='ltr'>ratores</span> <span class='ocrx_word' id='word_1_106' title='bbox 472 1768 565 1837; x_wconf 88' lang='lat' dir='ltr'>tieret</span> <span class='ocrx_word' id='word_1_107' title='bbox 588 1773 690 1837; x_wconf 89' lang='lat' dir='ltr'>cessio</span> <span class='ocrx_word' id='word_1_108' title='bbox 705 1770 769 1836; x_wconf 91' lang='lat' dir='ltr'>litis</span> <span class='ocrx_word' id='word_1_109' title='bbox 784 1791 842 1836; x_wconf 89' lang='lat' dir='ltr'>seu</span> <span class='ocrx_word' id='word_1_110' title='bbox 857 1774 1033 1844; x_wconf 90' lang='lat' dir='ltr'>actionum,</span> <span class='ocrx_word' id='word_1_111' title='bbox 1047 1773 1101 1857; x_wconf 93' lang='lat' dir='ltr'>qui</span> <span class='ocrx_word' id='word_1_112' title='bbox 1118 1772 1253 1857; x_wconf 91' lang='lat' dir='ltr'>proinde</span> <span class='ocrx_word' id='word_1_113' title='bbox 1269 1773 1361 1856; x_wconf 89' lang='lat' dir='ltr'>quasi</span> <span class='ocrx_word' id='word_1_114' title='bbox 1377 1774 1410 1836; x_wconf 93' lang='lat' dir='ltr'>in</span> <span class='ocrx_word' id='word_1_115' title='bbox 1428 1793 1498 1837; x_wconf 90' lang='lat' dir='ltr'>rem</span> 
     </span>
     <span class='ocr_line' id='line_1_14' title="bbox 321 1896 1497 1982; baseline 0.003 -21"><span class='ocrx_word' id='word_1_116' title='bbox 321 1916 411 1961; x_wconf 88' lang='lat' dir='ltr'>suam</span> <span class='ocrx_word' id='word_1_117' title='bbox 427 1902 572 1981; x_wconf 87' lang='lat' dir='ltr'>agerent.</span> <span class='ocrx_word' id='word_1_118' title='bbox 590 1896 717 1962; x_wconf 80' lang='lat' dir='ltr'>Exinde</span> <span class='ocrx_word' id='word_1_119' title='bbox 732 1898 934 1982; x_wconf 86' lang='lat' dir='ltr'>recognitum</span> <span class='ocrx_word' id='word_1_120' title='bbox 957 1898 1019 1963; x_wconf 90' lang='lat' dir='ltr'>fuit</span> <span class='ocrx_word' id='word_1_121' title='bbox 1040 1898 1074 1961; x_wconf 92' lang='lat' dir='ltr'>in</span> <span class='ocrx_word' id='word_1_122' title='bbox 1099 1899 1365 1982; x_wconf 83' lang='lat' dir='ltr'>procuratoribus</span> <span class='ocrx_word' id='word_1_123' title='bbox 1387 1901 1497 1966; x_wconf 83' lang='lat' dir='ltr'>domi·</span> 
     </span>
    </p>
   </div>
   <div class='ocr_carea' id='block_1_7' title="bbox 260 2139 1502 4453">
    <p class='ocr_par' dir='ltr' id='par_1_7' title="bbox 260 2139 1502 4453">
     <span class='ocr_line' id='line_1_15' title="bbox 320 2139 1495 2215; baseline 0.009 -24"><span class='ocrx_word' id='word_1_124' title='bbox 320 2139 393 2193; x_wconf 89' lang='lat' dir='ltr'>dere.</span> <span class='ocrx_word' id='word_1_125' title='bbox 408 2169 440 2181; x_wconf 93' lang='lat'><em>-</em></span> <span class='ocrx_word' id='word_1_126' title='bbox 454 2140 566 2194; x_wconf 84' lang='lat' dir='ltr'>Oratius</span> <span class='ocrx_word' id='word_1_127' title='bbox 584 2142 682 2211; x_wconf 81' lang='lat' dir='ltr'>(Epist.</span> <span class='ocrx_word' id='word_1_128' title='bbox 697 2142 765 2209; x_wconf 90' lang='lat'><em>11-1)</em></span> <span class='ocrx_word' id='word_1_129' title='bbox 785 2142 919 2197; x_wconf 84' lang='lat' dir='ltr'>advertit:</span> <span class='ocrx_word' id='word_1_130' title='bbox 936 2145 1071 2198; x_wconf 79' lang='lat' dir='ltr'>«Itomae</span> <span class='ocrx_word' id='word_1_131' title='bbox 1084 2145 1169 2199; x_wconf 80' lang='lat' dir='ltr'>dulce</span> <span class='ocrx_word' id='word_1_132' title='bbox 1184 2146 1232 2197; x_wconf 78' lang='lat' dir='ltr'>dtu</span> <span class='ocrx_word' id='word_1_133' title='bbox 1244 2146 1299 2215; x_wconf 80' lang='lat' dir='ltr'>suit</span> <span class='ocrx_word' id='word_1_134' title='bbox 1319 2156 1346 2199; x_wconf 84' lang='lat' dir='ltr'>ct</span> <span class='ocrx_word' id='word_1_135' title='bbox 1361 2148 1495 2211; x_wconf 79' lang='lat' dir='ltr'>solemne,</span> 
     </span>
     <span class='ocr_line' id='line_1_16' title="bbox 319 2248 1497 2321; baseline 0.005 -21"><span class='ocrx_word' id='word_1_136' title='bbox 319 2248 434 2301; x_wconf 80' lang='lat' dir='ltr'>recluso</span> <span class='ocrx_word' id='word_1_137' title='bbox 446 2276 482 2289; x_wconf 89' lang='lat'>-</span> <span class='ocrx_word' id='word_1_138' title='bbox 494 2250 578 2303; x_wconf 69' lang='lat' dir='ltr'>diune</span> <span class='ocrx_word' id='word_1_139' title='bbox 597 2251 686 2316; x_wconf 64' lang='grc' dir='ltr'><em>ἀονηο,</em></span> <span class='ocrx_word' id='word_1_140' title='bbox 700 2252 829 2319; x_wconf 68' lang='grc' dir='ltr'>υἰῃὶἱανε,</span> <span class='ocrx_word' id='word_1_141' title='bbox 843 2251 939 2303; x_wconf 82' lang='lat' dir='ltr'>clienti</span> <span class='ocrx_word' id='word_1_142' title='bbox 948 2268 1081 2319; x_wconf 81' lang='lat' dir='ltr'>promere</span> <span class='ocrx_word' id='word_1_143' title='bbox 1100 2252 1165 2305; x_wconf 84' lang='lat' dir='ltr'>iuro</span> <span class='ocrx_word' id='word_1_144' title='bbox 1178 2269 1202 2303; x_wconf 81' lang='lat'>›.</span> <span class='ocrx_word' id='word_1_145' title='bbox 1224 2251 1327 2306; x_wconf 85' lang='lat' dir='ltr'>Deinde</span> <span class='ocrx_word' id='word_1_146' title='bbox 1349 2269 1434 2321; x_wconf 84' lang='lat' dir='ltr'>quum</span> <span class='ocrx_word' id='word_1_147' title='bbox 1452 2252 1497 2306; x_wconf 90' lang='lat' dir='ltr'>ius</span> 
     </span>
     <span class='ocr_line' id='line_1_17' title="bbox 320 2358 1498 2431; baseline 0.004 -20"><span class='ocrx_word' id='word_1_148' title='bbox 320 2358 403 2413; x_wconf 80' lang='lat' dir='ltr'>civile</span> <span class='ocrx_word' id='word_1_149' title='bbox 422 2364 451 2413; x_wconf 92' lang='lat' dir='ltr'>et</span> <span class='ocrx_word' id='word_1_150' title='bbox 469 2358 571 2412; x_wconf 91' lang='lat' dir='ltr'>iudicia</span> <span class='ocrx_word' id='word_1_151' title='bbox 590 2360 679 2428; x_wconf 82' lang='lat' dir='ltr'>magis</span> <span class='ocrx_word' id='word_1_152' title='bbox 697 2360 809 2414; x_wconf 85' lang='lat' dir='ltr'>evoluta</span> <span class='ocrx_word' id='word_1_153' title='bbox 828 2360 893 2425; x_wconf 80' lang='lat' dir='ltr'>siut,</span> <span class='ocrx_word' id='word_1_154' title='bbox 912 2360 963 2429; x_wconf 91' lang='lat' dir='ltr'>ipsi</span> <span class='ocrx_word' id='word_1_155' title='bbox 981 2363 1097 2430; x_wconf 81' lang='lat' dir='ltr'>patroni</span> <span class='ocrx_word' id='word_1_156' title='bbox 1111 2362 1326 2431; x_wconf 67' lang='lat' dir='ltr'>proeliantibus</span> <span class='ocrx_word' id='word_1_157' title='bbox 1343 2362 1412 2415; x_wconf 83' lang='lat' dir='ltr'>facti</span> <span class='ocrx_word' id='word_1_158' title='bbox 1432 2367 1498 2416; x_wconf 82' lang='lat' dir='ltr'>sunt</span> 
     </span>
     <span class='ocr_line' id='line_1_18' title="bbox 320 2444 1497 2535; baseline 0.003 -19"><span class='ocrx_word' id='word_1_159' title='bbox 320 2473 447 2517; x_wconf 82' lang='lat' dir='ltr'>oratores</span> <span class='ocrx_word' id='word_1_160' title='bbox 465 2481 514 2517; x_wconf 83' lang='lat' dir='ltr'>sua</span> <span class='ocrx_word' id='word_1_161' title='bbox 530 2468 718 2535; x_wconf 80' lang='lat' dir='ltr'>peroratione,</span> <span class='ocrx_word' id='word_1_162' title='bbox 738 2444 800 2519; x_wconf 85' lang='lat' dir='ltr'>iura</span> <span class='ocrx_word' id='word_1_163' title='bbox 818 2465 952 2519; x_wconf 88' lang='lat' dir='ltr'>clientum</span> <span class='ocrx_word' id='word_1_164' title='bbox 972 2466 1000 2517; x_wconf 90' lang='lat' dir='ltr'>in</span> <span class='ocrx_word' id='word_1_165' title='bbox 1020 2465 1121 2518; x_wconf 90' lang='lat' dir='ltr'>iudicio</span> <span class='ocrx_word' id='word_1_166' title='bbox 1134 2465 1320 2519; x_wconf 78' lang='lat' dir='ltr'>defendentes</span> <span class='ocrx_word' id='word_1_167' title='bbox 1334 2466 1497 2521; x_wconf 86' lang='lat' dir='ltr'>-interim</span> 
     </span>
     <span class='ocr_line' id='line_1_19' title="bbox 319 2569 1496 2641; baseline 0.002 -20"><span class='ocrx_word' id='word_1_168' title='bbox 319 2586 419 2622; x_wconf 81' lang='lat' dir='ltr'>munus</span> <span class='ocrx_word' id='word_1_169' title='bbox 441 2570 640 2634; x_wconf 69' lang='lat' dir='ltr'>iurisconsulti,</span> <span class='ocrx_word' id='word_1_170' title='bbox 660 2570 707 2641; x_wconf 88' lang='lat' dir='ltr'>qui</span> <span class='ocrx_word' id='word_1_171' title='bbox 726 2569 834 2623; x_wconf 83' lang='lat' dir='ltr'>alienus</span> <span class='ocrx_word' id='word_1_172' title='bbox 854 2588 871 2622; x_wconf 90' lang='lat' dir='ltr'>a</span> <span class='ocrx_word' id='word_1_173' title='bbox 889 2570 1006 2639; x_wconf 87' lang='lat' dir='ltr'>strepitu</span> <span class='ocrx_word' id='word_1_174' title='bbox 1032 2571 1135 2623; x_wconf 82' lang='lat' dir='ltr'>sorensi</span> <span class='ocrx_word' id='word_1_175' title='bbox 1155 2570 1228 2623; x_wconf 92' lang='lat' dir='ltr'>domi</span> <span class='ocrx_word' id='word_1_176' title='bbox 1254 2572 1316 2623; x_wconf 89' lang='lat' dir='ltr'>iura</span> <span class='ocrx_word' id='word_1_177' title='bbox 1342 2570 1496 2639; x_wconf 86' lang='lat' dir='ltr'>promebat,</span> 
     </span>
     <span class='ocr_line' id='line_1_20' title="bbox 320 2674 1497 2747; baseline 0.001 -19"><span class='ocrx_word' id='word_1_178' title='bbox 320 2691 422 2744; x_wconf 81' lang='lat' dir='ltr'>magno</span> <span class='ocrx_word' id='word_1_179' title='bbox 440 2676 468 2727; x_wconf 92' lang='lat' dir='ltr'>in</span> <span class='ocrx_word' id='word_1_180' title='bbox 487 2674 592 2730; x_wconf 88' lang='lat' dir='ltr'>honore</span> <span class='ocrx_word' id='word_1_181' title='bbox 610 2674 774 2744; x_wconf 84' lang='lat' dir='ltr'>habebatur,</span> <span class='ocrx_word' id='word_1_182' title='bbox 784 2692 870 2747; x_wconf 87' lang='lat' dir='ltr'>quum</span> <span class='ocrx_word' id='word_1_183' title='bbox 883 2677 967 2745; x_wconf 68' lang='lat' dir='ltr'>operti</span> <span class='ocrx_word' id='word_1_184' title='bbox 981 2676 1201 2745; x_wconf 88' lang='lat' dir='ltr'>iurisperitorum</span> <span class='ocrx_word' id='word_1_185' title='bbox 1215 2679 1259 2728; x_wconf 85' lang='lat' dir='ltr'>ius</span> <span class='ocrx_word' id='word_1_186' title='bbox 1272 2676 1356 2729; x_wconf 81' lang='lat' dir='ltr'>ciuile</span> <span class='ocrx_word' id='word_1_187' title='bbox 1374 2677 1497 2745; x_wconf 82' lang='lat' dir='ltr'>quotidie</span> 
     </span>
     <span class='ocr_line' id='line_1_21' title="bbox 319 2783 1496 2857; baseline 0.003 -24"><span class='ocrx_word' id='word_1_188' title='bbox 319 2783 348 2835; x_wconf 82' lang='lat' dir='ltr'>in</span> <span class='ocrx_word' id='word_1_189' title='bbox 372 2784 475 2837; x_wconf 81' lang='lat' dir='ltr'>metius</span> <span class='ocrx_word' id='word_1_190' title='bbox 495 2786 720 2853; x_wconf 80' lang='lat' dir='ltr'>producebatur3</span> <span class='ocrx_word' id='word_1_191' title='bbox 740 2783 781 2838; x_wconf 88' lang='lat' dir='ltr'>uti</span> <span class='ocrx_word' id='word_1_192' title='bbox 807 2788 928 2837; x_wconf 84' lang='lat' dir='ltr'>testatur</span> <span class='ocrx_word' id='word_1_193' title='bbox 951 2783 997 2837; x_wconf 81' lang='lat' dir='ltr'>lex</span> <span class='ocrx_word' id='word_1_194' title='bbox 1015 2786 1071 2848; x_wconf 65' lang='lat'>25</span> <span class='ocrx_word' id='word_1_195' title='bbox 1093 2785 1128 2836; x_wconf 88' lang='grc'>13</span> <span class='ocrx_word' id='word_1_196' title='bbox 1148 2786 1189 2837; x_wconf 88' lang='lat' dir='ltr'>Dc</span> <span class='ocrx_word' id='word_1_197' title='bbox 1214 2785 1285 2857; x_wconf 73' lang='lat' dir='ltr'>erip.</span> <span class='ocrx_word' id='word_1_198' title='bbox 1304 2786 1383 2837; x_wconf 74' lang='lat' dir='ltr'>iuria.</span> <span class='ocrx_word' id='word_1_199' title='bbox 1404 2785 1496 2837; x_wconf 82' lang='lat' dir='ltr'>-At</span> 
     </span>
     <span class='ocr_line' id='line_1_22' title="bbox 319 2885 1498 2959; baseline -0.001 -18"><span class='ocrx_word' id='word_1_200' title='bbox 319 2885 405 2941; x_wconf 88' lang='lat' dir='ltr'>etiam</span> <span class='ocrx_word' id='word_1_201' title='bbox 424 2888 513 2957; x_wconf 82' lang='lat' dir='ltr'>magis</span> <span class='ocrx_word' id='word_1_202' title='bbox 531 2888 746 2955; x_wconf 87' lang='lat' dir='ltr'>implicabantur</span> <span class='ocrx_word' id='word_1_203' title='bbox 764 2888 897 2959; x_wconf 80' lang='lat' dir='ltr'>ambages</span> <span class='ocrx_word' id='word_1_204' title='bbox 915 2886 1068 2951; x_wconf 66' lang='lat' dir='ltr'>iudiciales</span> <span class='ocrx_word' id='word_1_205' title='bbox 1080 2888 1227 2957; x_wconf 88' lang='lat' dir='ltr'>praecipue</span> <span class='ocrx_word' id='word_1_206' title='bbox 1247 2887 1276 2941; x_wconf 92' lang='lat' dir='ltr'>in</span> <span class='ocrx_word' id='word_1_207' title='bbox 1295 2888 1387 2941; x_wconf 79' lang='lat' dir='ltr'>causis</span> <span class='ocrx_word' id='word_1_208' title='bbox 1404 2888 1498 2941; x_wconf 90' lang='lat' dir='ltr'>crimi-</span> 
     </span>
     <span class='ocr_line' id='line_1_23' title="bbox 319 2992 1497 3063; baseline 0.002 -18"><span class='ocrx_word' id='word_1_209' title='bbox 319 2992 438 3059; x_wconf 86' lang='lat' dir='ltr'>nalibus,</span> <span class='ocrx_word' id='word_1_210' title='bbox 452 2992 523 3047; x_wconf 91' lang='lat' dir='ltr'>uode</span> <span class='ocrx_word' id='word_1_211' title='bbox 542 2998 635 3063; x_wconf 86' lang='lat' dir='ltr'>partes</span> <span class='ocrx_word' id='word_1_212' title='bbox 647 2994 776 3048; x_wconf 87' lang='lat' dir='ltr'>solebant</span> <span class='ocrx_word' id='word_1_213' title='bbox 787 2996 926 3049; x_wconf 85' lang='lat' dir='ltr'>aduncare</span> <span class='ocrx_word' id='word_1_214' title='bbox 939 2994 966 3045; x_wconf 92' lang='lat' dir='ltr'>in</span> <span class='ocrx_word' id='word_1_215' title='bbox 980 2993 1168 3047; x_wconf 82' lang='lat' dir='ltr'>defensionem</span> <span class='ocrx_word' id='word_1_216' title='bbox 1182 2998 1211 3047; x_wconf 89' lang='lat' dir='ltr'>et</span> <span class='ocrx_word' id='word_1_217' title='bbox 1224 2994 1370 3059; x_wconf 84' lang='lat' dir='ltr'>auxilium,</span> <span class='ocrx_word' id='word_1_218' title='bbox 1384 2994 1497 3059; x_wconf 88' lang='lat' dir='ltr'>amicos,</span> 
     </span>
     <span class='ocr_line' id='line_1_24' title="bbox 321 3099 1498 3170; baseline 0.001 -19"><span class='ocrx_word' id='word_1_219' title='bbox 321 3102 459 3166; x_wconf 86' lang='lat' dir='ltr'>parentes,</span> <span class='ocrx_word' id='word_1_220' title='bbox 477 3099 581 3165; x_wconf 72' lang='lat' dir='ltr'>affines</span> <span class='ocrx_word' id='word_1_221' title='bbox 601 3099 783 3169; x_wconf 83' lang='lat' dir='ltr'>iurisperitus,</span> <span class='ocrx_word' id='word_1_222' title='bbox 793 3100 839 3170; x_wconf 92' lang='lat' dir='ltr'>qui</span> <span class='ocrx_word' id='word_1_223' title='bbox 859 3100 910 3152; x_wconf 85' lang='lat' dir='ltr'>sibi</span> <span class='ocrx_word' id='word_1_224' title='bbox 931 3116 1016 3169; x_wconf 90' lang='lat' dir='ltr'>opera</span> <span class='ocrx_word' id='word_1_225' title='bbox 1041 3105 1070 3154; x_wconf 89' lang='lat' dir='ltr'>et</span> <span class='ocrx_word' id='word_1_226' title='bbox 1096 3099 1213 3154; x_wconf 89' lang='lat' dir='ltr'>consitio</span> <span class='ocrx_word' id='word_1_227' title='bbox 1238 3099 1368 3154; x_wconf 81' lang='lat' dir='ltr'>adessent</span> <span class='ocrx_word' id='word_1_228' title='bbox 1389 3099 1498 3153; x_wconf 82' lang='lat' dir='ltr'>inlitis</span> 
     </span>
     <span class='ocr_line' id='line_1_25' title="bbox 319 3205 1496 3277; baseline 0.002 -18"><span class='ocrx_word' id='word_1_229' title='bbox 319 3206 483 3273; x_wconf 82' lang='lat' dir='ltr'>agitatione.</span> <span class='ocrx_word' id='word_1_230' title='bbox 503 3205 568 3259; x_wconf 86' lang='lat' dir='ltr'>Inde</span> <span class='ocrx_word' id='word_1_231' title='bbox 586 3208 714 3260; x_wconf 84' lang='lat' dir='ltr'>aduocati</span> <span class='ocrx_word' id='word_1_232' title='bbox 734 3224 831 3261; x_wconf 88' lang='lat' dir='ltr'>nomen</span> <span class='ocrx_word' id='word_1_233' title='bbox 852 3206 925 3276; x_wconf 89' lang='lat' dir='ltr'>quod</span> <span class='ocrx_word' id='word_1_234' title='bbox 949 3212 1033 3261; x_wconf 89' lang='lat' dir='ltr'>antea</span> <span class='ocrx_word' id='word_1_235' title='bbox 1058 3208 1124 3277; x_wconf 90' lang='lat' dir='ltr'>ipsis</span> <span class='ocrx_word' id='word_1_236' title='bbox 1149 3208 1267 3261; x_wconf 84' lang='lat' dir='ltr'>testibus</span> <span class='ocrx_word' id='word_1_237' title='bbox 1291 3206 1377 3261; x_wconf 88' lang='lat' dir='ltr'>tribui</span> <span class='ocrx_word' id='word_1_238' title='bbox 1396 3206 1496 3273; x_wconf 80' lang='lat' dir='ltr'>soluit3</span> 
     </span>
     <span class='ocr_line' id='line_1_26' title="bbox 320 3312 1498 3385; baseline 0.005 -21"><span class='ocrx_word' id='word_1_239' title='bbox 320 3312 354 3364; x_wconf 83' lang='lat' dir='ltr'>of.</span> <span class='ocrx_word' id='word_1_240' title='bbox 374 3312 504 3366; x_wconf 88' lang='lat' dir='ltr'>Plautum</span> <span class='ocrx_word' id='word_1_241' title='bbox 525 3314 679 3383; x_wconf 83' lang='lat' dir='ltr'>(Poenulus</span> <span class='ocrx_word' id='word_1_242' title='bbox 694 3314 749 3380; x_wconf 92' lang='grc' dir='ltr'><em>ΙΙΙ,</em></span> <span class='ocrx_word' id='word_1_243' title='bbox 765 3316 786 3379; x_wconf 88' lang='lat'>1,</span> <span class='ocrx_word' id='word_1_244' title='bbox 798 3315 826 3380; x_wconf 84' lang='lat'>3,</span> <span class='ocrx_word' id='word_1_245' title='bbox 840 3315 882 3365; x_wconf 75' lang='lat'>22</span> <span class='ocrx_word' id='word_1_246' title='bbox 900 3314 972 3381; x_wconf 76' lang='lat' dir='ltr'>eea),</span> <span class='ocrx_word' id='word_1_247' title='bbox 990 3315 1117 3385; x_wconf 90' lang='lat' dir='ltr'>quodque</span> <span class='ocrx_word' id='word_1_248' title='bbox 1137 3318 1233 3383; x_wconf 88' lang='lat' dir='ltr'>postea</span> <span class='ocrx_word' id='word_1_249' title='bbox 1251 3315 1395 3385; x_wconf 85' lang='lat' dir='ltr'>proprium</span> <span class='ocrx_word' id='word_1_250' title='bbox 1407 3316 1498 3370; x_wconf 86' lang='lat' dir='ltr'>evasit</span> 
     </span>
     <span class='ocr_line' id='line_1_27' title="bbox 320 3400 1498 3491; baseline 0.003 -21"><span class='ocrx_word' id='word_1_251' title='bbox 320 3432 416 3470; x_wconf 91' lang='lat' dir='ltr'>eorum</span> <span class='ocrx_word' id='word_1_252' title='bbox 439 3419 486 3488; x_wconf 91' lang='lat' dir='ltr'>qui</span> <span class='ocrx_word' id='word_1_253' title='bbox 512 3435 657 3472; x_wconf 86' lang='lat' dir='ltr'>causarum</span> <span class='ocrx_word' id='word_1_254' title='bbox 683 3419 868 3487; x_wconf 89' lang='lat' dir='ltr'>patrocinium</span> <span class='ocrx_word' id='word_1_255' title='bbox 893 3418 1056 3488; x_wconf 88' lang='lat' dir='ltr'>suscipiunt,</span> <span class='ocrx_word' id='word_1_256' title='bbox 1076 3420 1116 3472; x_wconf 91' lang='lat' dir='ltr'>uti</span> <span class='ocrx_word' id='word_1_257' title='bbox 1137 3400 1275 3488; x_wconf 83' lang='lat' dir='ltr'>Ulpianus</span> <span class='ocrx_word' id='word_1_258' title='bbox 1294 3420 1324 3489; x_wconf 88' lang='grc' dir='ltr'>(Ι.</span> <span class='ocrx_word' id='word_1_259' title='bbox 1346 3420 1385 3486; x_wconf 84' lang='lat'>11,</span> <span class='ocrx_word' id='word_1_260' title='bbox 1404 3423 1434 3491; x_wconf 75' lang='lat' dir='ltr'>ff.</span> <span class='ocrx_word' id='word_1_261' title='bbox 1454 3422 1498 3475; x_wconf 83' lang='lat' dir='ltr'>De</span> 
     </span>
     <span class='ocr_line' id='line_1_28' title="bbox 320 3522 1497 3594; baseline 0.004 -20"><span class='ocrx_word' id='word_1_262' title='bbox 320 3522 464 3575; x_wconf 77' lang='lat' dir='ltr'>extraord.</span> <span class='ocrx_word' id='word_1_263' title='bbox 484 3522 594 3592; x_wconf 71' lang='lat' dir='ltr'>capitit.)</span> <span class='ocrx_word' id='word_1_264' title='bbox 614 3522 665 3576; x_wconf 87' lang='lat' dir='ltr'>hos</span> <span class='ocrx_word' id='word_1_265' title='bbox 683 3522 779 3577; x_wconf 82' lang='lat' dir='ltr'>definit</span> <span class='ocrx_word' id='word_1_266' title='bbox 797 3538 922 3576; x_wconf 70' lang='lat' dir='ltr'>«omaus</span> <span class='ocrx_word' id='word_1_267' title='bbox 940 3526 1051 3575; x_wconf 83' lang='lat' dir='ltr'>omuino</span> <span class='ocrx_word' id='word_1_268' title='bbox 1070 3525 1118 3592; x_wconf 84' lang='lat' dir='ltr'>qui</span> <span class='ocrx_word' id='word_1_269' title='bbox 1136 3527 1227 3577; x_wconf 70' lang='lat' dir='ltr'>cerasis</span> <span class='ocrx_word' id='word_1_270' title='bbox 1245 3524 1364 3594; x_wconf 68' lang='lat' dir='ltr'>«pendis</span> <span class='ocrx_word' id='word_1_271' title='bbox 1388 3540 1497 3594; x_wconf 78' lang='lat' dir='ltr'>quoque</span> 
     </span>
     <span class='ocr_line' id='line_1_29' title="bbox 319 3632 1499 3703; baseline 0.005 -21"><span class='ocrx_word' id='word_1_272' title='bbox 319 3632 410 3685; x_wconf 85' lang='lat' dir='ltr'>studio</span> <span class='ocrx_word' id='word_1_273' title='bbox 424 3642 578 3701; x_wconf 83' lang='lat' dir='ltr'>operantur</span> <span class='ocrx_word' id='word_1_274' title='bbox 592 3651 616 3685; x_wconf 70' lang='lat' dir='ltr'>a.</span> <span class='ocrx_word' id='word_1_275' title='bbox 636 3632 819 3693; x_wconf 85' lang='lat' dir='ltr'>Quamobrem</span> <span class='ocrx_word' id='word_1_276' title='bbox 839 3632 967 3685; x_wconf 81' lang='lat' dir='ltr'>advocati</span> <span class='ocrx_word' id='word_1_277' title='bbox 987 3632 1107 3685; x_wconf 86' lang='lat' dir='ltr'>officium</span> <span class='ocrx_word' id='word_1_278' title='bbox 1126 3633 1217 3686; x_wconf 88' lang='lat' dir='ltr'>evasit</span> <span class='ocrx_word' id='word_1_279' title='bbox 1230 3635 1381 3703; x_wconf 81' lang='lat' dir='ltr'>publicum</span> <span class='ocrx_word' id='word_1_280' title='bbox 1399 3638 1429 3689; x_wconf 91' lang='lat' dir='ltr'>et</span> <span class='ocrx_word' id='word_1_281' title='bbox 1447 3636 1499 3689; x_wconf 91' lang='lat' dir='ltr'>im·</span> 
     </span>
     <span class='ocr_line' id='line_1_30' title="bbox 320 3738 1497 3810; baseline 0.001 -19"><span class='ocrx_word' id='word_1_282' title='bbox 320 3738 402 3807; x_wconf 90' lang='lat' dir='ltr'>pendi</span> <span class='ocrx_word' id='word_1_283' title='bbox 422 3738 514 3808; x_wconf 87' lang='lat' dir='ltr'>coepit</span> <span class='ocrx_word' id='word_1_284' title='bbox 532 3739 626 3810; x_wconf 90' lang='lat' dir='ltr'>aliquo</span> <span class='ocrx_word' id='word_1_285' title='bbox 645 3738 797 3793; x_wconf 85' lang='lat' dir='ltr'>constituto</span> <span class='ocrx_word' id='word_1_286' title='bbox 816 3739 961 3808; x_wconf 86' lang='lat' dir='ltr'>stipendio.</span> <span class='ocrx_word' id='word_1_287' title='bbox 975 3768 1009 3779; x_wconf 96' lang='lat'><em>-</em></span> <span class='ocrx_word' id='word_1_288' title='bbox 1022 3741 1114 3793; x_wconf 77' lang='lat' dir='ltr'>Antea</span> <span class='ocrx_word' id='word_1_289' title='bbox 1133 3739 1207 3793; x_wconf 90' lang='lat' dir='ltr'>enim</span> <span class='ocrx_word' id='word_1_290' title='bbox 1229 3739 1349 3807; x_wconf 87' lang='lat' dir='ltr'>patroni,</span> <span class='ocrx_word' id='word_1_291' title='bbox 1362 3744 1497 3804; x_wconf 85' lang='lat' dir='ltr'>oratores,</span> 
     </span>
     <span class='ocr_line' id='line_1_31' title="bbox 269 3845 1497 3916; baseline 0.002 -19"><span class='ocrx_word' id='word_1_292' title='bbox 269 3874 271 3886; x_wconf 66' lang='grc' dir='ltr'>ι</span> <span class='ocrx_word' id='word_1_293' title='bbox 317 3846 346 3897; x_wconf 82' lang='lat' dir='ltr'>ai</span> <span class='ocrx_word' id='word_1_294' title='bbox 360 3856 535 3915; x_wconf 79' lang='lat' dir='ltr'>potronatus,</span> <span class='ocrx_word' id='word_1_295' title='bbox 553 3846 670 3901; x_wconf 85' lang='lat' dir='ltr'>clientas</span> <span class='ocrx_word' id='word_1_296' title='bbox 689 3846 718 3900; x_wconf 93' lang='lat' dir='ltr'>in</span> <span class='ocrx_word' id='word_1_297' title='bbox 737 3845 838 3900; x_wconf 93' lang='lat' dir='ltr'>iudicio</span> <span class='ocrx_word' id='word_1_298' title='bbox 857 3847 1017 3911; x_wconf 85' lang='lat' dir='ltr'>tuebantur,</span> <span class='ocrx_word' id='word_1_299' title='bbox 1037 3846 1104 3916; x_wconf 89' lang='lat' dir='ltr'>quio</span> <span class='ocrx_word' id='word_1_300' title='bbox 1124 3846 1211 3899; x_wconf 88' lang='lat' dir='ltr'>utiam</span> <span class='ocrx_word' id='word_1_301' title='bbox 1223 3846 1338 3915; x_wconf 78' lang='lat' dir='ltr'>exigere</span> <span class='ocrx_word' id='word_1_302' title='bbox 1357 3852 1407 3900; x_wconf 89' lang='lat' dir='ltr'>aut</span> <span class='ocrx_word' id='word_1_303' title='bbox 1426 3846 1497 3911; x_wconf 67' lang='lat' dir='ltr'>reci,</span> 
     </span>
     <span class='ocr_line' id='line_1_32' title="bbox 260 3952 1499 4022; baseline 0.002 -17"><span class='ocrx_word' id='word_1_304' title='bbox 260 4016 263 4021; x_wconf 86' lang='lat'><em>.</em></span> <span class='ocrx_word' id='word_1_305' title='bbox 320 3967 385 4019; x_wconf 89' lang='lat' dir='ltr'>pere</span> <span class='ocrx_word' id='word_1_306' title='bbox 404 3958 517 4021; x_wconf 84' lang='lat' dir='ltr'>possent</span> <span class='ocrx_word' id='word_1_307' title='bbox 529 3954 691 4007; x_wconf 90' lang='lat' dir='ltr'>mercedem.</span> <span class='ocrx_word' id='word_1_308' title='bbox 710 3982 745 3994; x_wconf 96' lang='lat'><em>-</em></span> <span class='ocrx_word' id='word_1_309' title='bbox 764 3954 802 4006; x_wconf 81' lang='lat' dir='ltr'>At</span> <span class='ocrx_word' id='word_1_310' title='bbox 820 3952 947 4007; x_wconf 88' lang='lat' dir='ltr'>advocati</span> <span class='ocrx_word' id='word_1_311' title='bbox 966 3969 1073 4014; x_wconf 85' lang='lat' dir='ltr'>munus,</span> <span class='ocrx_word' id='word_1_312' title='bbox 1093 3957 1221 4007; x_wconf 82' lang='lat' dir='ltr'>evectum</span> <span class='ocrx_word' id='word_1_313' title='bbox 1241 3952 1275 4006; x_wconf 87' lang='lat' dir='ltr'>ad</span> <span class='ocrx_word' id='word_1_314' title='bbox 1295 3952 1437 4022; x_wconf 90' lang='lat' dir='ltr'>publicum</span> <span class='ocrx_word' id='word_1_315' title='bbox 1457 3954 1499 4007; x_wconf 87' lang='lat' dir='ltr'>of·</span> 
     </span>
     <span class='ocr_line' id='line_1_33' title="bbox 318 4058 1498 4133; baseline 0.003 -23"><span class='ocrx_word' id='word_1_316' title='bbox 318 4058 412 4111; x_wconf 86' lang='lat' dir='ltr'>tioium</span> <span class='ocrx_word' id='word_1_317' title='bbox 425 4060 563 4129; x_wconf 85' lang='lat' dir='ltr'>corrumpi</span> <span class='ocrx_word' id='word_1_318' title='bbox 577 4060 682 4129; x_wconf 79' lang='lat' dir='ltr'>eoepit3</span> <span class='ocrx_word' id='word_1_319' title='bbox 695 4077 781 4133; x_wconf 90' lang='lat' dir='ltr'>quare</span> <span class='ocrx_word' id='word_1_320' title='bbox 800 4060 895 4130; x_wconf 86' lang='lat' dir='ltr'>plures</span> <span class='ocrx_word' id='word_1_321' title='bbox 907 4060 984 4129; x_wconf 80' lang='lat' dir='ltr'>leges</span> <span class='ocrx_word' id='word_1_322' title='bbox 996 4060 1145 4114; x_wconf 87' lang='lat' dir='ltr'>advocatos</span> <span class='ocrx_word' id='word_1_323' title='bbox 1160 4066 1359 4125; x_wconf 80' lang='lat' dir='ltr'>coercuerunt3</span> <span class='ocrx_word' id='word_1_324' title='bbox 1372 4064 1403 4116; x_wconf 90' lang='lat' dir='ltr'>et</span> <span class='ocrx_word' id='word_1_325' title='bbox 1415 4060 1498 4131; x_wconf 86' lang='lat' dir='ltr'>plura</span> 
     </span>
     <span class='ocr_line' id='line_1_34' title="bbox 317 4164 1496 4237; baseline 0.002 -21"><span class='ocrx_word' id='word_1_326' title='bbox 317 4169 451 4233; x_wconf 87' lang='lat' dir='ltr'>usurpata</span> <span class='ocrx_word' id='word_1_327' title='bbox 468 4172 532 4219; x_wconf 86' lang='lat' dir='ltr'>suut</span> <span class='ocrx_word' id='word_1_328' title='bbox 551 4166 671 4227; x_wconf 74' lang='lat' dir='ltr'>nomina.</span> <span class='ocrx_word' id='word_1_329' title='bbox 689 4166 790 4237; x_wconf 85' lang='lat' dir='ltr'>quibus</span> <span class='ocrx_word' id='word_1_330' title='bbox 811 4166 925 4221; x_wconf 82' lang='lat' dir='ltr'>uiliores</span> <span class='ocrx_word' id='word_1_331' title='bbox 948 4166 978 4220; x_wconf 90' lang='lat' dir='ltr'>in</span> <span class='ocrx_word' id='word_1_332' title='bbox 1003 4164 1055 4219; x_wconf 87' lang='lat' dir='ltr'>hoc</span> <span class='ocrx_word' id='word_1_333' title='bbox 1079 4166 1171 4221; x_wconf 88' lang='lat' dir='ltr'>officio</span> <span class='ocrx_word' id='word_1_334' title='bbox 1194 4167 1443 4236; x_wconf 84' lang='lat' dir='ltr'>distinguerentur:</span> <span class='ocrx_word' id='word_1_335' title='bbox 1464 4166 1496 4219; x_wconf 90' lang='lat' dir='ltr'>in</span> 
     </span>
     <span class='ocr_line' id='line_1_35' title="bbox 316 4272 1498 4345; baseline 0.004 -23"><span class='ocrx_word' id='word_1_336' title='bbox 316 4272 502 4327; x_wconf 85' lang='lat' dir='ltr'>monumentis</span> <span class='ocrx_word' id='word_1_337' title='bbox 520 4272 588 4325; x_wconf 87' lang='lat' dir='ltr'>iuris</span> <span class='ocrx_word' id='word_1_338' title='bbox 613 4288 680 4326; x_wconf 90' lang='lat' dir='ltr'>rom.</span> <span class='ocrx_word' id='word_1_339' title='bbox 700 4272 918 4341; x_wconf 82' lang='lat' dir='ltr'>distinguuntur,</span> <span class='ocrx_word' id='word_1_340' title='bbox 938 4272 1085 4344; x_wconf 76' lang='lat' dir='ltr'>tepoteius,</span> <span class='ocrx_word' id='word_1_341' title='bbox 1104 4274 1271 4341; x_wconf 80' lang='lat' dir='ltr'>causidicus,</span> <span class='ocrx_word' id='word_1_342' title='bbox 1291 4273 1498 4345; x_wconf 69' lang='lat' dir='ltr'>serpentarius,</span> 
     </span>
     <span class='ocr_line' id='line_1_36' title="bbox 321 4380 1502 4453; baseline 0.003 -22"><span class='ocrx_word' id='word_1_343' title='bbox 321 4380 450 4447; x_wconf 73' lang='lat' dir='ltr'>utentior,</span> <span class='ocrx_word' id='word_1_344' title='bbox 467 4390 600 4446; x_wconf 80' lang='lat' dir='ltr'>moi-aior,</span> <span class='ocrx_word' id='word_1_345' title='bbox 615 4384 819 4453; x_wconf 80' lang='lat' dir='ltr'>propmaticus,</span> <span class='ocrx_word' id='word_1_346' title='bbox 837 4380 885 4452; x_wconf 84' lang='lat' dir='ltr'>qui</span> <span class='ocrx_word' id='word_1_347' title='bbox 905 4384 954 4435; x_wconf 87' lang='lat' dir='ltr'>aut</span> <span class='ocrx_word' id='word_1_348' title='bbox 971 4381 1112 4450; x_wconf 88' lang='lat' dir='ltr'>imperitia</span> <span class='ocrx_word' id='word_1_349' title='bbox 1123 4386 1173 4435; x_wconf 88' lang='lat' dir='ltr'>aut</span> <span class='ocrx_word' id='word_1_350' title='bbox 1186 4381 1295 4436; x_wconf 82' lang='lat' dir='ltr'>malitia</span> <span class='ocrx_word' id='word_1_351' title='bbox 1308 4381 1436 4436; x_wconf 82' lang='lat' dir='ltr'>aduocati</span> <span class='ocrx_word' id='word_1_352' title='bbox 1450 4396 1502 4435; x_wconf 87' lang='lat' dir='ltr'>no·</span> 
     </span>
    </p>
   </div>
   <div class='ocr_carea' id='block_1_8' title="bbox 0 0 1680 5117">
    <p class='ocr_par' dir='ltr' id='par_1_8' title="bbox 0 0 1680 5117">
     <span class='ocr_line' id='line_1_37' title="bbox 0 0 1680 5117; baseline 0 1"><span class='ocrx_word' id='word_1_353' title='bbox 0 0 1680 5117; x_wconf 95' lang='lat' dir='ltr'> </span> 
     </span>
    </p>
   </div>
  </div>
 </body>
</html>
