3350 5117
341 279 407 346 364
865 301 950 348 raas
974 301 996 346 1.

342 436 458 504 nempe
482 421 573 502 quasi
595 437 672 486 reos
695 424 884 488 convenae
911 420 959 486 of.
985 416 1091 493 nem„
1115 419 1163 484 aa.
1186 419 1222 493 a,
1248 418 1304 485 au.
1323 418 1371 500 u,
1387 439 1422 484 a.
1436 416 1516 483 276.
1640 380 1642 415 ³

343 543 424 608 Nam
448 543 545 610 iudex
569 544 725 611 secularis
739 544 853 631 vigilat
867 564 909 610 ne
924 544 989 609 fori
1010 545 1086 610 laici
1101 545 1268 610 violentur
1283 545 1373 621 iura;
1390 543 1518 628 quisque

339 668 424 734 alius
446 689 526 734 vero
550 672 709 736 interesse
732 669 856 736 habens
883 674 978 736 caute
999 669 1146 744 attendit,
1172 691 1213 735 ne
1237 690 1298 756 per
1320 669 1430 736 dolum
1453 669 1517 734 evi·
1640 684 1641 771 p

340 793 429 856 tetur
452 791 549 858 iudex
572 793 683 866 laicus,
697 813 780 858 neve
804 793 922 858 exinde
946 813 1005 858 sua
1027 795 1100 858 iura
1123 792 1353 858 detrimentum
1381 793 1517 879 capiant.
1640 792 1641 851 ξ

339 915 455 981 Glossa
478 918 510 980 in
535 917 565 982 h.
591 937 666 1002 cap.
691 918 739 984 ad
762 938 792 984 o.
820 938 837 981 ‹
863 917 1070 984 interesse».

430 1037 505 1103 332.
523 1039 693 1104 Violantes
716 1039 913 1105 clericorum
936 1038 1000 1104 lori
1023 1039 1229 1126 privilegium
1253 1059 1297 1104 ex
1323 1037 1434 1105 Const.
1455 1036 1518 1120 Ap.

340 1161 439 1230 Sedis
461 1165 683 1250 percelluntur
698 1167 1031 1232 excommunicatione
1052 1167 1143 1232 latae
1163 1171 1247 1234 sent.
1263 1165 1404 1249 spectati
1418 1164 1518 1232 modo

340 1291 461 1375 Papae
483 1297 668 1374 reseruata,
681 1311 763 1376 quae
784 1312 819 1356 a.
846 1291 870 1357 7
891 1292 937 1356 ita
959 1297 1116 1377 concepta
1138 1296 1204 1357 est:
1232 1311 1251 1356 ‹
1275 1295 1431 1378 canentes
1452 1291 1519 1356 siae

338 1415 465 1482 directe
487 1417 557 1483 sive
579 1415 743 1484 indirecte
765 1415 895 1482 iudices
917 1415 1022 1482 laicos
1049 1415 1097 1482 ad
1120 1416 1327 1482 trahendam
1349 1415 1398 1482 od
1418 1435 1517 1482 suam

339 1540 490 1608 tribunal
519 1561 690 1625 personas
716 1540 957 1608 ecclesiasticas
985 1546 1125 1623 praeter
1154 1541 1339 1608 canonicas
1368 1539 1515 1624 disposi-
1641 1548 1642 1579 ³

339 1665 445 1731 tiones
462 1685 493 1730 u.
519 1666 581 1732 Hic
604 1665 760 1732 articulus
789 1665 997 1752 depromptus
1021 1666 1083 1732 init
1105 1667 1161 1751 ag
1179 1667 1221 1733 15
1237 1668 1352 1733 Bullae
1371 1667 1511 1741 Comae,

340 1789 397 1855 sed
419 1791 585 1855 immutata
616 1794 665 1856 est
695 1791 762 1856 eius
786 1792 930 1856 intentio.
957 1791 1037 1855 Nam
1068 1792 1242 1876 antiquitus
1273 1791 1395 1857 iudices
1417 1792 1515 1856 laicos

337 1935 514 1998 eorumque
538 1915 741 1982 subalternos
772 1916 1001 2002 pertrahentes
1024 1917 1162 1983 clericos
1185 1917 1225 1983 ad
1256 1939 1349 1986 suum
1372 1918 1512 1984 tribunal

339 2039 421 2104 haec
444 2042 733 2107 excommunicatio
755 2021 895 2115 tenebat,
920 2042 1016 2108 hodie
1039 2061 1114 2117 non,
1139 2062 1184 2109 ex
1206 2043 1270 2110 ha‘o
1297 2043 1514 2111 declaratione

338 2158 370 2224 S.
396 2161 433 2225 U.
451 2162 476 2225 Ι.
494 2161 549 2228 die
570 2162 589 2225 1
609 2161 696 2244 febr.
720 2163 823 2229 1871:
842 2183 860 2226 e
878 2163 1196 2231 Emeommaaieatio
1212 2184 1269 2232 eos
1291 2185 1362 2232 aon
1381 2165 1513 2251 attinuit
1642 2198 1643 2261 t

338 2285 400 2368 qai
421 2284 636 2352 subordinari
658 2291 745 2362 sant,
759 2288 892 2354 edamsi
914 2287 1043 2354 iudices
1063 2287 1204 2372 fuerint,
1228 2289 1289 2356 sed
1311 2290 1348 2354 in
1364 2307 1421 2356 eos
1445 2296 1512 2354 ton·

337 2412 410 2472 tum
434 2409 505 2474 tata
527 2415 576 2476 est
598 2409 657 2496 qai
672 2429 695 2476 a
709 2412 844 2477 nemine
866 2411 973 2478 eoacti
988 2413 1041 2478 vel
1064 2412 1151 2479 tatia
1166 2417 1275 2499 opaea
1295 2412 1451 2479 octatius
1469 2413 1513 2478 od

337 2533 511 2618 spondam
535 2535 740 2618 compellant
756 2555 784 2600 a.
799 2532 977 2620 Supererat
998 2535 1129 2602 dubium
1144 2557 1187 2600 an
1203 2538 1414 2602 incurrerent
1428 2543 1512 2604 octo·

337 2673 401 2726 res,
426 2655 563 2722 clericos
580 2659 715 2724 citantes
738 2658 778 2723 ad
802 2658 945 2724 tribuual
967 2659 1096 2725 laicum.
1110 2658 1235 2725 Verum
1252 2661 1327 2745 quia
1350 2666 1384 2726 et
1406 2661 1458 2727 isti
1473 2659 1512 2726 ad

338 2779 400 2846 hoc
423 2781 495 2848 lere
525 2783 749 2865 impelluntur
772 2783 811 2850 ab
840 2783 1006 2850 hodiernis
1028 2783 1154 2870 legibus
1183 2805 1266 2869 quae
1301 2785 1423 2851 nullam
1451 2787 1512 2850 vim
1643 2808 1644 2839 1

338 2913 574 2993 recognoscunt
589 2909 767 2981 sententiis,
781 2909 814 2972 in
830 2908 921 2973 hisee
936 2909 1050 2982 causis.
1067 2928 1088 2973 a
1103 2906 1259 2976 iudicibus
1274 2909 1391 2976 areles.
1408 2909 1508 2980 oditis,
1643 2968 1644 2971 ,

336 3028 367 3095 S.
394 3031 431 3096 U.
448 3031 518 3114 Inq.
543 3031 689 3097 consulta
712 3031 894 3117 respondit:
913 3051 1010 3099 «που
1032 3037 1164 3098 actores
1178 3031 1367 3107 incarrere,
1392 3033 1449 3100 die
1463 3031 1512 3099 23

336 3153 490 3223 ianuarii
513 3176 604 3224 anno
629 3156 719 3224 1886
735 3177 765 3234 ›;
790 3163 823 3223 et
845 3156 950 3224 addit:
977 3178 995 3221 a
1019 3163 1152 3240 rapat·
1171 3153 1333 3244 Copentes
1348 3195 1365 3207 ·
1382 3177 1454 3226 non
1470 3157 1514 3242 ef·

334 3281 436 3365 ficere
458 3279 525 3344 nisi
548 3280 756 3365 lepislatores
786 3286 816 3346 et
840 3281 927 3346 atius
951 3280 1167 3346 auctoritates
1190 3287 1344 3367 eopentes
1375 3281 1446 3347 sire
1467 3280 1514 3347 di·

335 3404 424 3465 recte
447 3399 516 3464 siue
537 3399 702 3467 indirecte
715 3401 844 3467 iudices
861 3401 964 3468 laicos
979 3400 1027 3466 ad
1050 3400 1256 3466 trahendam
1278 3403 1326 3468 ad
1339 3421 1442 3468 saum
1457 3401 1512 3468 tri·

335 3524 441 3592 banal
449 3544 619 3610 personas
634 3525 876 3593 ecclesiasticus
885 3529 1028 3608 praeter
1039 3524 1222 3591 canonicas
1233 3524 1469 3608 dispositiones
1482 3547 1511 3590 ›.

425 3644 501 3711 333.
527 3646 737 3731 Privilegium
769 3647 842 3719 hoc,
863 3646 1010 3729 quamvis
1037 3644 1226 3729 mortale,
1240 3664 1305 3710 non
1332 3651 1437 3732 potest
1460 3665 1512 3711 re·

336 3772 485 3836 nunciari
507 3791 528 3836 a
550 3771 681 3852 clerico,
698 3772 773 3854 quia
797 3769 906 3837 datum
930 3775 979 3834 est
1001 3768 1136 3855 singulis
1159 3769 1288 3835 clericis
1307 3789 1374 3835 non
1396 3771 1511 3836 iutuitu

335 3917 494 3982 personae
516 3897 572 3963 sed
596 3897 717 3963 ordinis
734 3897 914 3973 clericalis;
940 3901 972 3962 et
995 3897 1129 3980 quisque
1145 3897 1208 3961 iuri
1224 3915 1282 3961 suo
1296 3896 1434 3981 privato,
1446 3913 1510 3960 non

335 4025 398 4089 iuri
422 4029 532 4089 coetus
554 4045 611 4089 seu
635 4025 697 4090 iuri
721 4023 850 4110 publico
874 4023 1069 4089 renunciare
1085 4021 1182 4088 valet.
1207 4025 1276 4088 lmo
1291 4023 1368 4106 quia
1390 4023 1452 4088 hoc
1467 4023 1511 4086 in·

335 4149 449 4214 nititur
464 4149 523 4233 ipsi
540 4147 684 4233 dignitati
710 4147 832 4213 ordinis
850 4147 1013 4212 clericalis
1035 4144 1144 4210 divina
1167 4145 1370 4214 ordinatione
1393 4147 1509 4212 consti·

332 4274 404 4348 tuti,
428 4275 535 4359 prouti
559 4273 802 4360 explicavimus,
827 4271 954 4358 quando
977 4273 1045 4358 ipse
1069 4271 1222 4337 Pontifex
1246 4272 1421 4358 Supremas
1439 4291 1508 4358 gra·

332 4395 471 4462 vissimis
487 4395 645 4461 decausis
669 4395 843 4482 suspendat
858 4393 1037 4460 huiusmodi
1062 4395 1142 4459 iuris
1165 4395 1369 4468 exercitium.
1383 4394 1508 4462 videtur
