3350 5117
546 350 589 398 nn
614 352 754 399 runicus
779 351 1043 399 noonnsmsrrcrs
1316 335 1383 401 555

205 474 417 560 competebat,
443 479 478 539 ut
507 475 624 547 taliter,
649 474 682 539 in
714 493 778 539 una
802 494 942 559 persona
965 476 1163 543 consolidato
1186 478 1272 541 omni
1300 478 1382 558 inre,

202 599 243 664 lis
267 599 452 664 necessario
477 596 672 665 succidatur.
689 600 823 664 Interim
847 619 936 673 vero,
961 600 1157 665 decurrente
1175 620 1286 666 mense
1301 602 1381 672 utili,

202 724 300 792 alteri
324 726 393 789 sivo
416 724 513 789 tertio
537 724 772 808 surrogationis
803 720 997 789 beneficium
1025 724 1158 789 concedi
1180 745 1246 789 non
1269 729 1382 811 potest.

202 848 440 914 Verumtamen
464 850 560 912 etiam
585 850 652 933 ipse
675 848 805 933 litigans
829 869 850 912 a
872 848 990 913 iudicio
1006 854 1201 922 removetur,
1219 854 1252 915 et
1266 847 1384 914 beneti-

204 972 289 1038 cinm
321 970 459 1036 habetur
489 990 620 1045 vacans,
653 974 678 1035 si
710 972 866 1037 advorsus
896 973 984 1037 hunc
1010 973 1223 1038 incontinenti
1249 974 1381 1039 demon-

205 1098 337 1167 stretur,
362 1094 464 1180 ipsum
489 1116 548 1180 per
571 1094 719 1160 fraudem
743 1096 795 1161 vel
817 1115 877 1180 per
900 1095 1111 1161 intrusionem
1134 1096 1168 1160 in
1191 1094 1381 1161 beneficium

205 1220 386 1304 ingressum
417 1239 497 1290 esse,
530 1224 586 1283 aut
615 1219 837 1291 adversarium
869 1221 922 1303 qui
953 1221 1066 1291 cessit,
1097 1219 1288 1286 beneficium
1318 1222 1381 1285 iam

202 1344 450 1429 praescripsisse
466 1362 526 1428 per
540 1343 717 1408 triennium
733 1312 887 1429 paciticae
902 1347 1119 1429 possessionis
1136 1345 1169 1408 vi
1189 1346 1322 1431 regulae
1337 1346 1382 1411 36

207 1469 430 1536 Cancellariae
453 1467 503 1534 De
527 1468 687 1534 tm’eooati
707 1470 927 1551 possessione.

296 1592 476 1657 Praeterea
500 1590 539 1657 de
563 1592 737 1657 collatione
762 1593 898 1679 litipiosi
917 1592 1067 1678 beneficti
1082 1596 1149 1679 agit
1167 1599 1267 1659 coust.
1284 1594 1345 1657 111.
1359 1598 1379 1658 t.

209 1718 243 1781 in
256 1718 355 1783 Clem.
370 1716 425 1801 (ΙΙ,
439 1718 482 1805 5),
496 1722 653 1786 statuens:
668 1718 694 1783 si
710 1717 772 1783 duo
787 1737 885 1803 super
900 1718 1056 1784 beneficio
1068 1720 1230 1805 litigantes
1245 1721 1382 1784 morian-

207 1848 262 1909 tur
278 1846 310 1909 in
323 1845 421 1911 curta
435 1864 592 1916 romono,
606 1845 658 1909 vel
675 1844 730 1909 ille
746 1846 903 1911 moriatur
915 1847 967 1929 qui
983 1844 1174 1911 beneficium
1190 1846 1379 1930 possidebat.

209 1968 262 2034 vel
278 1972 394 2035 neutro
410 1968 602 2053 possidente,
618 1986 702 2034 unus
719 1970 751 2031 in
767 1969 868 2040 curia,
885 1968 967 2033 alius
982 1974 1078 2033 extra
1097 1970 1220 2033 curiam
1236 1969 1380 2039 decedat.

170 2070 175 2081 ⁵
207 2091 247 2156 ud
266 2090 443 2157 Romanum
461 2088 650 2157 Pontificem
663 2091 868 2157 collationem
884 2098 1082 2157 reservatum
1100 2113 1179 2158 esse.
1193 2128 1236 2140 -
1252 2093 1285 2159 Si
1301 2113 1382 2158 vero

209 2215 293 2280 alter
310 2216 449 2279 moritur
464 2216 496 2279 in
513 2216 612 2289 curia,
630 2221 662 2280 ct
685 2220 849 2300 superstes
868 2216 919 2281 vei
935 2217 1018 2281 alius
1036 2217 1126 2281 cuius
1142 2218 1271 2282 intersit
1292 2218 1380 2281 litem

213 2346 437 2426 prosequatur,
461 2338 589 2405 confert
612 2340 759 2406 Summus
774 2340 939 2421 Pontifex,
957 2341 1084 2425 quando
1108 2343 1214 2407 exitus
1236 2342 1301 2409 litis
1324 2342 1380 2407 do-

208 2471 289 2547 ceat,
307 2464 419 2531 saltem
439 2462 585 2531 beneficii
601 2466 833 2550 possessionem
850 2468 1043 2551 pertinuisse
1060 2467 1235 2534 demortuo.
1255 2472 1293 2534 In
1308 2471 1381 2535 aliis

206 2586 332 2654 casibus
356 2587 484 2651 collatio
508 2592 630 2672 spectat
653 2584 692 2651 ad
717 2560 935 2654 Ordinarium.
