3350 5117
623 446 846 537 LIBRI
883 448 927 537 Ι.

745 649 798 661 —u

686 840 805 942 rans
834 844 862 940 1.
983 810 988 821 “

214 1034 279 1113 oe
297 1034 483 1117 luanus
503 1037 835 1118 aeclesiasticis
854 1007 1075 1117 civinuus
1094 1038 1141 1117 in
1159 1007 1334 1137 genere.

652 1321 836 1402 SEOTIO
866 1323 897 1399 Ι.

388 1496 655 1586 Pmlegomena
677 1497 717 1568 in
739 1497 875 1569 iudicia
898 1497 1163 1569 Ecclesiastico.

662 1766 843 1834 TITULUS
868 1769 892 1832 Ι.

346 1924 390 1971 oa
419 1925 521 1972 uenis
548 1926 592 1971 nu
620 1924 725 1973 arran
753 1926 1006 1975 couronanonu
1034 1926 1210 1974 naorrmrs

181 2150 407 2209 Samarium.
421 2182 454 2194 —
471 2152 494 2207 1.
509 2152 719 2208 Controversiae
733 2153 760 2207 in
774 2170 836 2223 neg.
851 2153 903 2207 civ.
917 2154 987 2207 iuris
1005 2154 1107 2223 privati
1125 2154 1295 2208 dirimuntur
1313 2170 1366 2224 pu-

269 2260 355 2314 blica
372 2259 417 2314 vel
438 2260 548 2329 privata
565 2261 741 2315 auctoritato.
761 2288 794 2301 -
814 2261 839 2313 2,
859 2259 1037 2314 Auctoritate
1059 2259 1178 2329 privata,
1196 2276 1245 2329 per
1264 2260 1366 2313 Trans-

270 2367 406 2421 actiouas
424 2370 454 2421 at
473 2382 522 2435 par
539 2367 677 2421 Arbitros
697 2394 730 2407 -
750 2366 774 2419 3.
796 2366 913 2421 Publica
937 2367 1116 2454 auctoritato,
1133 2384 1183 2437 per
1203 2368 1314 2423 iudicia
1331 2396 1369 2410 -

270 2478 297 2530 4.
313 2476 364 2529 Ius
377 2492 436 2530 can.
450 2491 619 2545 magnopere
631 2476 702 2530 iavit
715 2476 838 2546 pacificis
856 2474 949 2530 litium
962 2476 1216 2546 compositionibus.
1230 2478 1368 2533 Probatur

273 2582 407 2635 histonii.
428 2608 462 2621 -
480 2580 506 2634 5.
527 2579 671 2634 Delibatur
697 2580 791 2649 praxis
816 2578 951 2635 hodierna
972 2581 1059 2636 etiam
1081 2582 1172 2653 quoad
1194 2584 1285 2637 sorum
1306 2600 1370 2638 sae·

270 2690 384 2745 colare.
478 2756 481 2765 ‚

276 2920 310 2985 l.
340 2918 391 2983 Ad
408 2917 570 2984 Rubi-icae
586 2918 782 2984 intellectum
798 2917 1000 3001 advertatur,
1015 2919 1081 2985 titis
1096 2918 1286 2984 vocabulum
1301 2918 1370 2985 suf·
1400 2894 1405 2905 ⁵
1424 2909 1427 2913 ’

182 3041 344 3109 ficienter
365 3041 543 3114 declarare,
560 3062 619 3107 nos
642 3040 734 3106 modo
750 3060 851 3127 agere
873 3042 1070 3127 potissimum
1086 3040 1125 3105 de
1141 3042 1372 3107 controversiis

181 3168 275 3231 circa
300 3165 437 3249 negotia
467 3164 575 3228 civilia
602 3164 681 3229 iuris
708 3166 824 3253 privati
850 3164 1079 3248 componendis
1105 3184 1164 3249 per
1191 3164 1301 3231 modos
1323 3165 1371 3230 le·

179 3294 331 3378 gitimos‚
356 3290 438 3357 idest
461 3291 576 3377 alege
599 3292 735 3375 positiva
754 3260 943 3357 constitutos
958 3290 1010 3355 vel
1027 3292 1140 3357 saltem
1164 3292 1367 3378 approbatos.

184 3416 331 3500 inquam
346 3413 434 3479 iuria
447 3414 575 3496 priuati
582 3435 596 3496 ‚·
616 3414 657 3479 ad
674 3414 892 3480 excludendas
916 3416 1139 3481 contentiones
1154 3417 1234 3481 iuris
1253 3418 1371 3503 publici

94 3526 101 3535 ’
178 3562 268 3625 quae
295 3541 352 3605 vol
378 3542 477 3606 armis
501 3540 697 3607 dirimuntur
719 3541 755 3607 in
779 3539 881 3613 bellis,
906 3540 960 3605 vel
983 3541 1086 3605 amico
1113 3540 1247 3607 foedere
1269 3542 1371 3608 resol-

183 3670 316 3731 vuntur
341 3684 533 3750 perpacem
558 3669 761 3730 conventam.
780 3664 848 3728 Has
868 3663 1071 3747 quaestiones
1093 3682 1173 3748 prae
1195 3665 1296 3731 oculis
1318 3664 1372 3729 ha-

183 3790 258 3859 buit
288 3790 456 3856 Gollector
487 3790 722 3863 Decretalium,
755 3788 936 3855 inscribens
972 3788 1071 3854 Titui.
1096 3786 1154 3863 34,
1182 3788 1255 3856 Lib.
1278 3790 1307 3863 I,
1330 3790 1371 3862 X,

182 3918 236 3983 De
260 3916 406 4001 Treupa
428 3920 459 3980 et
474 3914 566 3980 Pace
582 3911 641 3999 (1).
658 3914 724 3980 Alii
739 3914 792 3999 qui
816 3912 997 3980 immediate
1013 3913 1251 3998 subsequuntur
1265 3914 1374 3996 Tituli,

282 4210 325 4283 (l)
344 4212 456 4281 Trauga
475 4210 535 4281 (eeu
548 4213 735 4266 rte-mistirium
747 4228 796 4265 seu
810 4210 957 4283 induciae)
970 4211 1084 4266 inducta
1094 4211 1149 4265 fuit
1167 4215 1199 4266 ut
1211 4215 1289 4266 carto
1301 4215 1374 4267 tom-

186 4336 258 4389 pore
279 4324 425 4375 cassarent
443 4320 613 4390 agitationes
630 4336 771 4374 armorum
784 4318 813 4373 in
825 4318 916 4373 bellis.
931 4317 1078 4373 Decretum
1091 4318 1287 4374 Lateranensis
1304 4318 1377 4374 Gon·

185 4424 249 4480 ciiii
270 4423 321 4493 IV,
340 4424 461 4481 relatum
485 4424 515 4479 in
534 4442 594 4495 cap.
614 4424 637 4493 1,
658 4424 695 4491 X,
714 4426 740 4479 b.
765 4433 783 4477 t.
810 4423 864 4478 ait:
883 4439 900 4476 u
919 4422 1030 4493 Trauga
1054 4440 1071 4477 a
1094 4426 1196 4495 quarta
1218 4424 1290 4479 feria
1313 4426 1378 4493 poat
