3350 5117
284 289 354 355 230
810 313 895 359 ruas
919 313 941 358 1.

285 452 380 498 usare.
407 451 474 497 e...
498 452 561 498 nee
576 433 740 518 'possideri
763 434 956 519 intelligitur
979 437 1028 500 ius
1052 435 1259 521 incorporale
1283 456 1313 511 ›;
1339 433 1469 515 Quinu-

285 555 391 621 lianus
414 557 468 643 (V,
502 558 554 644 10)
579 559 696 624 docuit:
721 580 832 625 «curn
856 560 899 625 sit
920 559 974 625 ius
1005 560 1223 644 incorporate
1251 581 1322 628 non
1345 562 1469 627 intelli-

284 682 380 769 9itur
398 683 569 767 possideri
592 706 622 748 ›.
648 685 758 759 Quare
791 688 927 751 Romani
952 707 1025 751 cum
1050 691 1265 771 opportunum
1296 705 1368 751 esse
1391 707 1466 771 per-

285 811 465 892 spexerint,
490 809 664 875 defendere
688 811 825 876 liberum
850 813 1044 877 exercitium
1068 811 1185 876 iurium
1203 813 1235 874 in
1253 831 1290 877 re
1313 812 1420 876 aliena
1435 819 1470 876 et

285 953 359 998 curn
382 942 474 1000 arcta
498 935 678 1001 intercedat
699 935 838 1001 affinitas
856 939 942 1001 inter
965 958 1057 1000 nsum
1074 955 1184 1000 rerum
1202 937 1418 1022 corporalium
1434 942 1469 1002 et

285 1059 478 1123 exercitium
502 1061 694 1124 servitutum
718 1059 883 1124 infundis
914 1061 1038 1133 alienis,
1065 1059 1316 1126 introduxerunt
1339 1059 1468 1124 iussum

284 1181 387 1264 quusi
397 1182 655 1264 possessiouem,
671 1183 848 1249 limitantes
864 1184 952 1249 liene
968 1184 1068 1268 quasi
1079 1184 1328 1267 possessionem
1339 1183 1380 1247 ad
1395 1184 1471 1247 iura

285 1308 479 1372 servitutum
502 1327 608 1390 neque
631 1309 767 1373 ulterius
789 1311 822 1372 in
837 1310 910 1372 aliis
934 1309 1058 1375 iuribus
1075 1310 1214 1393 aliquam
1231 1327 1469 1394 recognoscen-

285 1433 335 1492 tes
350 1429 403 1494 vel
421 1430 627 1514 impropriam
642 1431 889 1512 possessionem.
908 1429 1010 1504 Quam
1028 1431 1108 1494 iuris
1124 1449 1152 1514 q.
1171 1431 1403 1515 possessionem
1420 1432 1466 1496 ita

285 1552 397 1620 definit
420 1556 461 1619 cl.
486 1556 631 1640 Rnggeri
655 1575 708 1638 op.
734 1556 787 1622 eit.
804 1558 826 1638 ἓ
844 1555 927 1620 aar:
946 1579 966 1619 e
982 1557 1075 1622 luris
1090 1577 1122 1641 q.
1136 1557 1305 1639 possessio
1329 1562 1377 1621 est
1389 1556 1470 1639 plei-

283 1676 356 1744 siea
379 1681 531 1761 operatio
554 1680 592 1745 iu
613 1700 652 1746 re
675 1680 789 1746 atiena
809 1700 876 1763 per
899 1686 994 1748 actus
1016 1687 1138 1764 suapte
1154 1687 1282 1747 natura
1305 1701 1375 1748 aon
1390 1701 1463 1748 uio·

285 1809 482 1870 meutuoeos
493 1802 683 1886 subserens
698 1806 853 1872 exercitii
868 1806 955 1872 iuris
970 1806 1140 1872 seruitutis
1156 1827 1186 1869 ».
1201 1806 1342 1871 daretur
1358 1806 1469 1870 verbis

286 1962 304 1976 -
326 1946 394 2010 per
417 1933 512 1994 aetus
534 1947 604 1993 noo
626 1935 890 2004 inomeotuoeos,
913 1965 930 1978 -
956 1949 1022 1993 non
1046 1930 1236 2014 recognosci
1260 1929 1471 2015 reputariter

285 2053 375 2136 quasi
400 2053 635 2136 possessionem
657 2053 690 2115 in
714 2050 923 2117 servitutibus
947 2051 1163 2138 praedialibus
1195 2053 1325 2116 rusticis
1351 2054 1470 2137 quippe

283 2194 356 2241 non
379 2175 555 2241 continuis.

417 2464 439 2545 ἓ
467 2463 498 2526 2,
522 2462 575 2563 lle
605 2462 773 2558 effectibus
803 2463 959 2529 iuridicis
984 2464 1095 2548 [ecto
1104 2463 1331 2546 possessiones

669 2549 773 2562 nnn-‚v
843 2537 905 2550 a...-
924 2537 929 2544 .
952 2535 981 2544 ιι..

783 2585 962 2690 attributis,

759 2689 796 2704 ,-

288 2811 506 2868 Summarinm.
524 2843 559 2854 -
582 2812 639 2867 199.
659 2812 718 2866 Duo
737 2817 802 2867 sunt
821 2813 1002 2882 possessionis
1021 2815 1148 2868 effeetus:
1168 2814 1317 2868 interdicta
1336 2819 1364 2868 et
1384 2831 1467 2883 prae-

372 2917 496 2986 scriptio.
516 2945 554 2958 -·
572 2917 632 2970 200.
652 2915 767 2976 Quando
785 2915 935 2969 interdieta
955 2920 983 2970 et
1002 2933 1139 2987 quaenam
1153 2917 1318 2986 possessioni
1335 2933 1469 2971 concesse

372 3025 436 3078 sint.
454 3053 492 3066 -
510 3024 571 3078 201.
592 3024 774 3094 Explicantur
793 3023 931 3094 principia
945 3039 1015 3094 qnae
1028 3023 1172 3077 declarent
1185 3024 1213 3076 in
1227 3023 1322 3077 ordine
1340 3022 1465 3076 iudiciali

373 3132 534 3186 distinctam
549 3147 609 3187 esse
629 3147 740 3186 causam
759 3131 941 3200 possessionis
959 3147 1073 3184 acausa
1091 3130 1278 3200 proprietatis.
1292 3158 1327 3169 —
1341 3131 1401 3182 202.
1418 3128 1462 3182 lo-

373 3240 494 3295 terdicta
512 3242 613 3295 effecta
631 3244 696 3294 sunt
714 3241 836 3296 actiones
852 3241 1049 3310 possessoriue.
1062 3269 1099 3280 -
1117 3240 1177 3294 203.
1192 3240 1341 3302 Quaeritur
1359 3257 1394 3294 an
1408 3241 1466 3295 sint

372 3346 497 3400 actiones
517 3345 677 3414 personales
694 3345 740 3400 rel
760 3346 857 3400 reales.
872 3375 906 3386 -
925 3344 989 3398 204.
1009 3345 1195 3398 possessionis
1207 3362 1224 3398 a
1237 3347 1296 3398 inre
1316 3345 1391 3399 civili
1404 3361 1467 3398 am-

374 3448 478 3519 pliatae
499 3455 527 3504 et
546 3448 670 3502 iuridicis
689 3449 832 3502 effectibus
852 3448 1005 3502 instructae
1023 3447 1156 3501 definitio.

375 3666 449 3731 199.
477 3667 540 3731 llio
564 3672 614 3733 est
636 3674 811 3750 conceptus
834 3665 1044 3751 possessionis
1060 3666 1111 3730 cui
1137 3685 1289 3730 romanae
1312 3665 1402 3750 leges
1417 3663 1465 3728 el-

285 3789 392 3855 lectus
415 3790 567 3855 iuridicos
590 3789 791 3864 tribuerunt;
815 3791 967 3854 nimirum
987 3808 1054 3872 per
1077 3789 1257 3856 interdicta
1280 3788 1367 3854 lacto
1390 3807 1463 3873 pos-

283 3915 438 3980 sessionis
469 3914 645 3998 legitimam
675 3915 843 3979 tuitionem
874 3914 1101 3998 impertierunt
1130 3917 1164 3977 et
1194 3932 1253 3997 per
1287 3913 1465 4000 institutum

279 4037 566 4136 praescriptionis
589 4037 692 4102 eidem
716 4039 813 4102 certis
837 4037 894 4102 sub
912 4036 1146 4102 conditionibus
1162 4037 1226 4100 vim
1251 4037 1330 4101 iuris
1353 4037 1466 4119 acqui-

280 4145 444 4224 sivitivam
469 4166 739 4245 recognoverunt.

373 4284 449 4350 200.
476 4285 650 4350 luridicam
674 4287 840 4350 tuitionem
864 4283 950 4349 facti
967 4284 1175 4369 possessionis
1191 4281 1335 4347 tribuere
1356 4281 1464 4366 eoepit

283 4413 421 4494 praetor
444 4410 614 4474 occasione
637 4408 745 4473 indicii
768 4409 921 4495 petitorii.
945 4408 1049 4483 Quum
1087 4426 1203 4492 nempe
1234 4406 1318 4472 alter
1339 4407 1466 4490 litigan-
