<?xml version="1.0" encoding="UTF-8"?>
<!DOCTYPE html PUBLIC "-//W3C//DTD XHTML 1.0 Transitional//EN"
    "http://www.w3.org/TR/xhtml1/DTD/xhtml1-transitional.dtd">
<html xmlns="http://www.w3.org/1999/xhtml" xml:lang="en" lang="en">
 <head>
  <title>
</title>
<meta http-equiv="Content-Type" content="text/html;charset=utf-8" />
  <meta name='ocr-system' content='tesseract 3.04.00' />
  <meta name='ocr-capabilities' content='ocr_page ocr_carea ocr_par ocr_line ocrx_word'/>
</head>
<body>
  <div class='ocr_page' id='page_1' title='image "./praelectionesin01legagoog_0612.png"; bbox 0 0 3350 5117; ppageno 0'>
   <div class='ocr_carea' id='block_1_1' title="bbox 331 260 987 328">
    <p class='ocr_par' dir='ltr' id='par_1_1' title="bbox 331 260 987 328">
     <span class='ocr_line' id='line_1_1' title="bbox 331 260 987 328; baseline 0 -3"><span class='ocrx_word' id='word_1_1' title='bbox 331 260 397 325; x_wconf 90' lang='lat'><strong>610</strong></span> <span class='ocrx_word' id='word_1_2' title='bbox 858 280 941 328; x_wconf 77' lang='lat' dir='ltr'><strong>rans</strong></span> <span class='ocrx_word' id='word_1_3' title='bbox 966 280 987 327; x_wconf 87' lang='lat'><strong>1.</strong></span> 
     </span>
    </p>
   </div>
   <div class='ocr_carea' id='block_1_2' title="bbox 329 402 1516 491">
    <p class='ocr_par' dir='ltr' id='par_1_2' title="bbox 329 402 1516 491">
     <span class='ocr_line' id='line_1_2' title="bbox 329 402 1516 491; baseline 0.003 -24"><span class='ocrx_word' id='word_1_4' title='bbox 329 409 363 468; x_wconf 92' lang='lat' dir='ltr'><strong>et</strong></span> <span class='ocrx_word' id='word_1_5' title='bbox 385 406 459 467; x_wconf 86' lang='lat' dir='ltr'><strong>rata</strong></span> <span class='ocrx_word' id='word_1_6' title='bbox 482 402 613 477; x_wconf 89' lang='lat' dir='ltr'><strong>habere,</strong></span> <span class='ocrx_word' id='word_1_7' title='bbox 631 422 713 487; x_wconf 90' lang='lat' dir='ltr'><strong>quae</strong></span> <span class='ocrx_word' id='word_1_8' title='bbox 736 404 813 470; x_wconf 84' lang='lat' dir='ltr'><strong>vitio</strong></span> <span class='ocrx_word' id='word_1_9' title='bbox 836 406 983 469; x_wconf 89' lang='lat' dir='ltr'><strong>attentati</strong></span> <span class='ocrx_word' id='word_1_10' title='bbox 1006 404 1165 470; x_wconf 86' lang='lat' dir='ltr'><strong>laborent.</strong></span> <span class='ocrx_word' id='word_1_11' title='bbox 1183 406 1235 491; x_wconf 81' lang='lat' dir='ltr'><strong>An</strong></span> <span class='ocrx_word' id='word_1_12' title='bbox 1252 426 1331 471; x_wconf 89' lang='lat' dir='ltr'><strong>vero</strong></span> <span class='ocrx_word' id='word_1_13' title='bbox 1351 410 1516 471; x_wconf 84' lang='lat' dir='ltr'><strong>attentata</strong></span> 
     </span>
    </p>
   </div>
   <div class='ocr_carea' id='block_1_3' title="bbox 329 522 1639 614">
    <p class='ocr_par' dir='ltr' id='par_1_3' title="bbox 329 522 1639 614">
     <span class='ocr_line' id='line_1_3' title="bbox 329 522 1639 614; baseline 0.005 -27"><span class='ocrx_word' id='word_1_14' title='bbox 329 522 407 589; x_wconf 88' lang='lat' dir='ltr'><strong>fiant</strong></span> <span class='ocrx_word' id='word_1_15' title='bbox 426 526 495 610; x_wconf 91' lang='lat' dir='ltr'><strong>ipso</strong></span> <span class='ocrx_word' id='word_1_16' title='bbox 511 526 583 591; x_wconf 91' lang='lat' dir='ltr'><strong>iure</strong></span> <span class='ocrx_word' id='word_1_17' title='bbox 598 526 687 590; x_wconf 88' lang='lat' dir='ltr'><strong>nulla</strong></span> <span class='ocrx_word' id='word_1_18' title='bbox 701 532 757 592; x_wconf 90' lang='lat' dir='ltr'><strong>ant</strong></span> <span class='ocrx_word' id='word_1_19' title='bbox 774 526 987 592; x_wconf 86' lang='lat' dir='ltr'><strong>rescindenda</strong></span> <span class='ocrx_word' id='word_1_20' title='bbox 1006 547 1067 612; x_wconf 90' lang='lat' dir='ltr'><strong>ope</strong></span> <span class='ocrx_word' id='word_1_21' title='bbox 1082 530 1284 614; x_wconf 79' lang='lat' dir='ltr'>exceptionis</span> <span class='ocrx_word' id='word_1_22' title='bbox 1300 550 1364 594; x_wconf 89' lang='lat' dir='ltr'><strong>uon</strong></span> <span class='ocrx_word' id='word_1_23' title='bbox 1386 532 1518 593; x_wconf 85' lang='lat' dir='ltr'><strong>constat</strong></span> <span class='ocrx_word' id='word_1_24' title='bbox 1638 522 1639 537; x_wconf 56' lang='lat'>¹</span> 
     </span>
    </p>
   </div>
   <div class='ocr_carea' id='block_1_4' title="bbox 329 652 1518 741">
    <p class='ocr_par' dir='ltr' id='par_1_4' title="bbox 329 652 1518 741">
     <span class='ocr_line' id='line_1_4' title="bbox 329 652 1518 741; baseline 0.005 -26"><span class='ocrx_word' id='word_1_25' title='bbox 329 652 411 737; x_wconf 91' lang='lat' dir='ltr'><strong>apud</strong></span> <span class='ocrx_word' id='word_1_26' title='bbox 436 655 637 720; x_wconf 80' lang='lat' dir='ltr'>canonistas:</span> <span class='ocrx_word' id='word_1_27' title='bbox 662 655 704 719; x_wconf 86' lang='lat' dir='ltr'><strong>cf.</strong></span> <span class='ocrx_word' id='word_1_28' title='bbox 729 652 941 722; x_wconf 84' lang='lat' dir='ltr'><strong>Reiffenstuel</strong></span> <span class='ocrx_word' id='word_1_29' title='bbox 966 656 997 719; x_wconf 77' lang='lat' dir='ltr'><strong>Is.</strong></span> <span class='ocrx_word' id='word_1_30' title='bbox 1015 662 1036 722; x_wconf 88' lang='lat' dir='ltr'><strong>t.</strong></span> <span class='ocrx_word' id='word_1_31' title='bbox 1052 676 1087 721; x_wconf 81' lang='lat' dir='ltr'><strong>n.</strong></span> <span class='ocrx_word' id='word_1_32' title='bbox 1103 656 1189 722; x_wconf 81' lang='lat'><em>255.</em></span> <span class='ocrx_word' id='word_1_33' title='bbox 1206 692 1251 705; x_wconf 97' lang='lat'><em>-</em></span> <span class='ocrx_word' id='word_1_34' title='bbox 1267 658 1310 723; x_wconf 85' lang='lat' dir='ltr'><strong>At</strong></span> <span class='ocrx_word' id='word_1_35' title='bbox 1326 656 1389 723; x_wconf 91' lang='lat' dir='ltr'><strong>hoc</strong></span> <span class='ocrx_word' id='word_1_36' title='bbox 1406 656 1518 741; x_wconf 79' lang='lat' dir='ltr'><strong>quoad</strong></span> 
     </span>
    </p>
   </div>
   <div class='ocr_carea' id='block_1_5' title="bbox 329 778 1639 865">
    <p class='ocr_par' dir='ltr' id='par_1_5' title="bbox 329 778 1639 865">
     <span class='ocr_line' id='line_1_5' title="bbox 329 778 1639 865; baseline 0.005 -26"><span class='ocrx_word' id='word_1_37' title='bbox 329 778 455 860; x_wconf 86' lang='lat' dir='ltr'><strong>praxim</strong></span> <span class='ocrx_word' id='word_1_38' title='bbox 480 797 592 861; x_wconf 92' lang='lat' dir='ltr'><strong>parum</strong></span> <span class='ocrx_word' id='word_1_39' title='bbox 616 778 732 850; x_wconf 87' lang='lat' dir='ltr'><strong>refert,</strong></span> <span class='ocrx_word' id='word_1_40' title='bbox 757 781 831 864; x_wconf 87' lang='lat' dir='ltr'><strong>quia</strong></span> <span class='ocrx_word' id='word_1_41' title='bbox 861 780 996 846; x_wconf 89' lang='lat' dir='ltr'><strong>intentio</strong></span> <span class='ocrx_word' id='word_1_42' title='bbox 1027 780 1217 865; x_wconf 78' lang='lat' dir='ltr'><strong>excipientis</strong></span> <span class='ocrx_word' id='word_1_43' title='bbox 1248 786 1298 845; x_wconf 89' lang='lat' dir='ltr'><strong>est</strong></span> <span class='ocrx_word' id='word_1_44' title='bbox 1329 782 1441 845; x_wconf 85' lang='lat' dir='ltr'><strong>omnia</strong></span> <span class='ocrx_word' id='word_1_45' title='bbox 1467 800 1518 845; x_wconf 80' lang='lat' dir='ltr'><strong>re</strong></span> <span class='ocrx_word' id='word_1_46' title='bbox 1638 794 1639 817; x_wconf 66' lang='lat'>¹</span> 
     </span>
    </p>
   </div>
   <div class='ocr_carea' id='block_1_6' title="bbox 323 900 1518 2350">
    <p class='ocr_par' dir='ltr' id='par_1_6' title="bbox 327 900 1518 1088">
     <span class='ocr_line' id='line_1_6' title="bbox 327 900 1518 987; baseline 0.005 -26"><span class='ocrx_word' id='word_1_47' title='bbox 327 900 414 964; x_wconf 89' lang='lat' dir='ltr'><strong>stitui</strong></span> <span class='ocrx_word' id='word_1_48' title='bbox 439 901 471 963; x_wconf 92' lang='lat' dir='ltr'><strong>in</strong></span> <span class='ocrx_word' id='word_1_49' title='bbox 495 901 671 985; x_wconf 89' lang='lat' dir='ltr'><strong>pristinum</strong></span> <span class='ocrx_word' id='word_1_50' title='bbox 688 906 816 973; x_wconf 87' lang='lat' dir='ltr'><strong>statum,</strong></span> <span class='ocrx_word' id='word_1_51' title='bbox 841 920 1060 987; x_wconf 90' lang='lat' dir='ltr'><strong>quaecumque</strong></span> <span class='ocrx_word' id='word_1_52' title='bbox 1083 908 1313 969; x_wconf 83' lang='lat' dir='ltr'><strong>attentaturum</strong></span> <span class='ocrx_word' id='word_1_53' title='bbox 1336 902 1441 967; x_wconf 83' lang='lat' dir='ltr'><strong>suerit</strong></span> <span class='ocrx_word' id='word_1_54' title='bbox 1466 902 1518 967; x_wconf 85' lang='lat' dir='ltr'><strong>vis</strong></span> 
     </span>
     <span class='ocr_line' id='line_1_7' title="bbox 327 1021 474 1088; baseline 0.014 -3"><span class='ocrx_word' id='word_1_55' title='bbox 327 1021 474 1088; x_wconf 87' lang='lat' dir='ltr'><strong>iuridica.</strong></span> 
     </span>
    </p>

    <p class='ocr_par' dir='ltr' id='par_1_7' title="bbox 326 1145 1517 1583">
     <span class='ocr_line' id='line_1_8' title="bbox 417 1145 1517 1234; baseline 0.005 -25"><span class='ocrx_word' id='word_1_56' title='bbox 417 1145 604 1211; x_wconf 87' lang='lat' dir='ltr'><strong>Huiusmodi</strong></span> <span class='ocrx_word' id='word_1_57' title='bbox 621 1168 700 1211; x_wconf 82' lang='lat' dir='ltr'><strong>vero</strong></span> <span class='ocrx_word' id='word_1_58' title='bbox 717 1148 852 1231; x_wconf 87' lang='lat' dir='ltr'><strong>querela</strong></span> <span class='ocrx_word' id='word_1_59' title='bbox 867 1150 988 1213; x_wconf 87' lang='lat' dir='ltr'><strong>institui</strong></span> <span class='ocrx_word' id='word_1_60' title='bbox 1005 1155 1110 1234; x_wconf 89' lang='lat' dir='ltr'><strong>potest</strong></span> <span class='ocrx_word' id='word_1_61' title='bbox 1125 1150 1213 1232; x_wconf 85' lang='lat' dir='ltr'><strong>quasi</strong></span> <span class='ocrx_word' id='word_1_62' title='bbox 1231 1149 1385 1233; x_wconf 73' lang='lat' dir='ltr'><strong>exceptio</strong></span> <span class='ocrx_word' id='word_1_63' title='bbox 1398 1167 1517 1231; x_wconf 85' lang='lat' dir='ltr'><strong>prac-</strong></span> 
     </span>
     <span class='ocr_line' id='line_1_9' title="bbox 326 1266 1516 1357; baseline 0.003 -26"><span class='ocrx_word' id='word_1_64' title='bbox 326 1266 496 1335; x_wconf 82' lang='lat' dir='ltr'><strong>indiciaiis</strong></span> <span class='ocrx_word' id='word_1_65' title='bbox 518 1267 701 1334; x_wconf 79' lang='lat' dir='ltr'><strong>delinienda</strong></span> <span class='ocrx_word' id='word_1_66' title='bbox 726 1290 747 1334; x_wconf 87' lang='lat' dir='ltr'><strong>a</strong></span> <span class='ocrx_word' id='word_1_67' title='bbox 770 1270 875 1335; x_wconf 90' lang='lat' dir='ltr'><strong>indice</strong></span> <span class='ocrx_word' id='word_1_68' title='bbox 897 1276 973 1335; x_wconf 83' lang='lat' dir='ltr'><strong>ante</strong></span> <span class='ocrx_word' id='word_1_69' title='bbox 996 1274 1099 1356; x_wconf 88' lang='lat' dir='ltr'><strong>ipsam</strong></span> <span class='ocrx_word' id='word_1_70' title='bbox 1122 1292 1251 1336; x_wconf 87' lang='lat' dir='ltr'><strong>causam</strong></span> <span class='ocrx_word' id='word_1_71' title='bbox 1268 1272 1516 1357; x_wconf 81' lang='lat' dir='ltr'><strong>appellationis,</strong></span> 
     </span>
     <span class='ocr_line' id='line_1_10' title="bbox 326 1395 1517 1484; baseline 0.002 -27"><span class='ocrx_word' id='word_1_72' title='bbox 326 1398 382 1458; x_wconf 92' lang='lat' dir='ltr'><strong>aut</strong></span> <span class='ocrx_word' id='word_1_73' title='bbox 404 1395 450 1459; x_wconf 92' lang='lat' dir='ltr'><strong>uti</strong></span> <span class='ocrx_word' id='word_1_74' title='bbox 473 1396 624 1479; x_wconf 80' lang='lat' dir='ltr'><strong>quaestio</strong></span> <span class='ocrx_word' id='word_1_75' title='bbox 647 1395 800 1462; x_wconf 78' lang='lat' dir='ltr'><strong>incidens</strong></span> <span class='ocrx_word' id='word_1_76' title='bbox 822 1396 1015 1462; x_wconf 90' lang='lat' dir='ltr'><strong>resolvenda</strong></span> <span class='ocrx_word' id='word_1_77' title='bbox 1039 1399 1072 1461; x_wconf 91' lang='lat' dir='ltr'><strong>in</strong></span> <span class='ocrx_word' id='word_1_78' title='bbox 1095 1400 1258 1464; x_wconf 88' lang='lat' dir='ltr'><strong>sententia</strong></span> <span class='ocrx_word' id='word_1_79' title='bbox 1281 1397 1517 1484; x_wconf 89' lang='lat' dir='ltr'><strong>appellationis</strong></span> 
     </span>
     <span class='ocr_line' id='line_1_11' title="bbox 326 1517 500 1583; baseline 0.006 -1"><span class='ocrx_word' id='word_1_80' title='bbox 326 1517 500 1583; x_wconf 81' lang='lat' dir='ltr'><strong>definitive.</strong></span> 
     </span>
    </p>

    <p class='ocr_par' dir='ltr' id='par_1_8' title="bbox 323 1642 1516 1975">
     <span class='ocr_line' id='line_1_12' title="bbox 416 1642 1516 1729; baseline 0.004 -24"><span class='ocrx_word' id='word_1_81' title='bbox 416 1645 458 1707; x_wconf 74' lang='lat' dir='ltr'><strong>nt</strong></span> <span class='ocrx_word' id='word_1_82' title='bbox 481 1663 523 1707; x_wconf 86' lang='lat' dir='ltr'><strong>ex</strong></span> <span class='ocrx_word' id='word_1_83' title='bbox 547 1642 640 1708; x_wconf 92' lang='lat' dir='ltr'><strong>dictis</strong></span> <span class='ocrx_word' id='word_1_84' title='bbox 663 1650 760 1729; x_wconf 87' lang='lat' dir='ltr'><strong>patet,</strong></span> <span class='ocrx_word' id='word_1_85' title='bbox 775 1645 929 1711; x_wconf 85' lang='lat' dir='ltr'><strong>remedia</strong></span> <span class='ocrx_word' id='word_1_86' title='bbox 952 1650 1192 1712; x_wconf 73' lang='lat' dir='ltr'><strong>attentaturum</strong></span> <span class='ocrx_word' id='word_1_87' title='bbox 1211 1664 1276 1709; x_wconf 91' lang='lat' dir='ltr'><strong>non</strong></span> <span class='ocrx_word' id='word_1_88' title='bbox 1294 1664 1367 1710; x_wconf 88' lang='lat' dir='ltr'><strong>esse</strong></span> <span class='ocrx_word' id='word_1_89' title='bbox 1386 1646 1516 1729; x_wconf 87' lang='lat' dir='ltr'><strong>specia-</strong></span> 
     </span>
     <span class='ocr_line' id='line_1_13' title="bbox 323 1760 1512 1853; baseline 0.003 -28"><span class='ocrx_word' id='word_1_90' title='bbox 323 1761 387 1826; x_wconf 88' lang='lat' dir='ltr'><strong>lem</strong></span> <span class='ocrx_word' id='word_1_91' title='bbox 411 1760 561 1830; x_wconf 85' lang='lat' dir='ltr'><strong>effectum</strong></span> <span class='ocrx_word' id='word_1_92' title='bbox 584 1767 816 1853; x_wconf 87' lang='lat' dir='ltr'><strong>appellationis,</strong></span> <span class='ocrx_word' id='word_1_93' title='bbox 839 1774 875 1832; x_wconf 92' lang='lat' dir='ltr'><strong>ut</strong></span> <span class='ocrx_word' id='word_1_94' title='bbox 898 1768 1027 1833; x_wconf 87' lang='lat' dir='ltr'><strong>videtur</strong></span> <span class='ocrx_word' id='word_1_95' title='bbox 1050 1786 1186 1833; x_wconf 88' lang='lat' dir='ltr'><strong>censere</strong></span> <span class='ocrx_word' id='word_1_96' title='bbox 1209 1766 1408 1851; x_wconf 86' lang='lat' dir='ltr'><strong>Schmalzgr.</strong></span> <span class='ocrx_word' id='word_1_97' title='bbox 1435 1766 1471 1829; x_wconf 88' lang='lat' dir='ltr'><strong>h.</strong></span> <span class='ocrx_word' id='word_1_98' title='bbox 1490 1769 1512 1830; x_wconf 80' lang='lat' dir='ltr'><strong>t.</strong></span> 
     </span>
     <span class='ocr_line' id='line_1_14' title="bbox 324 1888 1102 1975; baseline 0.005 -25"><span class='ocrx_word' id='word_1_99' title='bbox 324 1906 358 1950; x_wconf 80' lang='lat' dir='ltr'><strong>n.</strong></span> <span class='ocrx_word' id='word_1_100' title='bbox 382 1888 459 1970; x_wconf 84' lang='lat'><strong>108,</strong></span> <span class='ocrx_word' id='word_1_101' title='bbox 484 1889 541 1954; x_wconf 88' lang='lat' dir='ltr'><strong>sed</strong></span> <span class='ocrx_word' id='word_1_102' title='bbox 563 1888 666 1955; x_wconf 88' lang='lat' dir='ltr'><strong>fluere</strong></span> <span class='ocrx_word' id='word_1_103' title='bbox 688 1910 731 1955; x_wconf 87' lang='lat' dir='ltr'><strong>ex</strong></span> <span class='ocrx_word' id='word_1_104' title='bbox 754 1892 872 1975; x_wconf 83' lang='lat' dir='ltr'><strong>effectu</strong></span> <span class='ocrx_word' id='word_1_105' title='bbox 895 1892 1102 1973; x_wconf 72' lang='lat' dir='ltr'><strong>empensioo.</strong></span> 
     </span>
    </p>

    <p class='ocr_par' dir='ltr' id='par_1_9' title="bbox 323 1976 1507 2350">
     <span class='ocr_line' id='line_1_15' title="bbox 414 1976 1507 2099; baseline -0.002 -22"><span class='ocrx_word' id='word_1_106' title='bbox 414 2012 490 2077; x_wconf 80' lang='lat'><strong>627.</strong></span> <span class='ocrx_word' id='word_1_107' title='bbox 514 2014 548 2098; x_wconf 79' lang='lat'><strong>2)</strong></span> <span class='ocrx_word' id='word_1_108' title='bbox 572 2014 668 2081; x_wconf 80' lang='lat' dir='ltr'><strong>Alter</strong></span> <span class='ocrx_word' id='word_1_109' title='bbox 683 2012 816 2079; x_wconf 88' lang='lat' dir='ltr'><strong>effectus</strong></span> <span class='ocrx_word' id='word_1_110' title='bbox 831 2014 1054 2099; x_wconf 85' lang='lat' dir='ltr'><strong>appellationis</strong></span> <span class='ocrx_word' id='word_1_111' title='bbox 1069 2018 1118 2078; x_wconf 88' lang='lat' dir='ltr'><strong>est</strong></span> <span class='ocrx_word' id='word_1_112' title='bbox 1134 1976 1353 2081; x_wconf 71' lang='lat' dir='ltr'><strong>denotatione.</strong></span> <span class='ocrx_word' id='word_1_113' title='bbox 1370 2011 1507 2078; x_wconf 76' lang='lat' dir='ltr'><strong>Scilicet</strong></span> 
     </span>
     <span class='ocr_line' id='line_1_16' title="bbox 323 2138 1507 2225; baseline 0 -24"><span class='ocrx_word' id='word_1_114' title='bbox 323 2138 420 2201; x_wconf 90' lang='lat' dir='ltr'><strong>iudici</strong></span> <span class='ocrx_word' id='word_1_115' title='bbox 443 2138 484 2203; x_wconf 87' lang='lat' dir='ltr'><strong>ad</strong></span> <span class='ocrx_word' id='word_1_116' title='bbox 507 2158 600 2222; x_wconf 88' lang='lat' dir='ltr'><strong>quem</strong></span> <span class='ocrx_word' id='word_1_117' title='bbox 625 2139 807 2223; x_wconf 86' lang='lat' dir='ltr'><strong>appellatur</strong></span> <span class='ocrx_word' id='word_1_118' title='bbox 830 2138 1014 2205; x_wconf 87' lang='lat' dir='ltr'><strong>devolvitur</strong></span> <span class='ocrx_word' id='word_1_119' title='bbox 1037 2158 1102 2203; x_wconf 91' lang='lat' dir='ltr'><strong>non</strong></span> <span class='ocrx_word' id='word_1_120' title='bbox 1125 2144 1249 2203; x_wconf 86' lang='lat' dir='ltr'><strong>tantum</strong></span> <span class='ocrx_word' id='word_1_121' title='bbox 1280 2140 1421 2225; x_wconf 85' lang='lat' dir='ltr'><strong>cognitio</strong></span> <span class='ocrx_word' id='word_1_122' title='bbox 1445 2158 1507 2223; x_wconf 87' lang='lat' dir='ltr'><strong>ap·</strong></span> 
     </span>
     <span class='ocr_line' id='line_1_17' title="bbox 323 2262 1505 2350; baseline -0.003 -21"><span class='ocrx_word' id='word_1_123' title='bbox 323 2264 513 2348; x_wconf 88' lang='lat' dir='ltr'><strong>pellationis‚</strong></span> <span class='ocrx_word' id='word_1_124' title='bbox 538 2283 653 2350; x_wconf 88' lang='lat' dir='ltr'><strong>nempe</strong></span> <span class='ocrx_word' id='word_1_125' title='bbox 675 2283 716 2328; x_wconf 89' lang='lat' dir='ltr'><strong>an</strong></span> <span class='ocrx_word' id='word_1_126' title='bbox 741 2263 823 2331; x_wconf 75' lang='lat' dir='ltr'><strong>tene</strong></span> <span class='ocrx_word' id='word_1_127' title='bbox 846 2265 1056 2347; x_wconf 81' lang='lat' dir='ltr'><strong>appeliatum</strong></span> <span class='ocrx_word' id='word_1_128' title='bbox 1078 2263 1130 2338; x_wconf 82' lang='lat' dir='ltr'><strong>sit,</strong></span> <span class='ocrx_word' id='word_1_129' title='bbox 1154 2262 1210 2327; x_wconf 91' lang='lat' dir='ltr'><strong>sed</strong></span> <span class='ocrx_word' id='word_1_130' title='bbox 1234 2264 1331 2327; x_wconf 87' lang='lat' dir='ltr'><strong>etiam</strong></span> <span class='ocrx_word' id='word_1_131' title='bbox 1352 2264 1505 2327; x_wconf 89' lang='lat' dir='ltr'><strong>meritum</strong></span> 
     </span>
    </p>
   </div>
   <div class='ocr_carea' id='block_1_7' title="bbox 323 2388 1507 2599">
    <p class='ocr_par' dir='ltr' id='par_1_10' title="bbox 323 2388 1507 2599">
     <span class='ocr_line' id='line_1_18' title="bbox 323 2388 981 2454; baseline -0.003 -3"><span class='ocrx_word' id='word_1_132' title='bbox 323 2406 440 2453; x_wconf 84' lang='lat' dir='ltr'><strong>causae</strong></span> <span class='ocrx_word' id='word_1_133' title='bbox 463 2407 522 2453; x_wconf 91' lang='lat' dir='ltr'><strong>seu</strong></span> <span class='ocrx_word' id='word_1_134' title='bbox 545 2408 587 2453; x_wconf 82' lang='lat' dir='ltr'><strong>en</strong></span> <span class='ocrx_word' id='word_1_135' title='bbox 611 2388 693 2453; x_wconf 81' lang='lat' dir='ltr'><strong>dene</strong></span> <span class='ocrx_word' id='word_1_136' title='bbox 715 2388 905 2454; x_wconf 81' lang='lat' dir='ltr'><strong>iudicatum</strong></span> <span class='ocrx_word' id='word_1_137' title='bbox 928 2388 981 2453; x_wconf 77' lang='lat' dir='ltr'><strong>sii.</strong></span> 
     </span>
     <span class='ocr_line' id='line_1_19' title="bbox 413 2492 1507 2599; baseline -0.004 -20"><span class='ocrx_word' id='word_1_138' title='bbox 413 2515 594 2599; x_wconf 85' lang='lat' dir='ltr'><strong>Appellatio</strong></span> <span class='ocrx_word' id='word_1_139' title='bbox 617 2535 636 2578; x_wconf 88' lang='lat' dir='ltr'><strong>a</strong></span> <span class='ocrx_word' id='word_1_140' title='bbox 659 2515 820 2579; x_wconf 88' lang='lat' dir='ltr'><strong>sententia</strong></span> <span class='ocrx_word' id='word_1_141' title='bbox 835 2511 1000 2579; x_wconf 86' lang='lat' dir='ltr'><strong>definitive</strong></span> <span class='ocrx_word' id='word_1_142' title='bbox 1016 2512 1056 2576; x_wconf 86' lang='lat' dir='ltr'><strong>ad</strong></span> <span class='ocrx_word' id='word_1_143' title='bbox 1072 2512 1209 2577; x_wconf 91' lang='lat' dir='ltr'><strong>iudicem</strong></span> <span class='ocrx_word' id='word_1_144' title='bbox 1234 2492 1436 2597; x_wconf 89' lang='lat' dir='ltr'><strong>superiorem</strong></span> <span class='ocrx_word' id='word_1_145' title='bbox 1455 2510 1507 2575; x_wconf 89' lang='lat' dir='ltr'><strong>de·</strong></span> 
     </span>
    </p>
   </div>
   <div class='ocr_carea' id='block_1_8' title="bbox 319 2639 1506 3971">
    <p class='ocr_par' dir='ltr' id='par_1_11' title="bbox 322 2639 1504 2851">
     <span class='ocr_line' id='line_1_20' title="bbox 322 2639 1504 2727; baseline 0 -24"><span class='ocrx_word' id='word_1_146' title='bbox 322 2640 422 2705; x_wconf 85' lang='lat' dir='ltr'><strong>volvit</strong></span> <span class='ocrx_word' id='word_1_147' title='bbox 444 2642 660 2725; x_wconf 83' lang='lat' dir='ltr'><strong>cognitionem</strong></span> <span class='ocrx_word' id='word_1_148' title='bbox 684 2661 801 2706; x_wconf 86' lang='lat' dir='ltr'><strong>causae</strong></span> <span class='ocrx_word' id='word_1_149' title='bbox 824 2640 1011 2727; x_wconf 87' lang='lat' dir='ltr'><strong>principalis</strong></span> <span class='ocrx_word' id='word_1_150' title='bbox 1034 2660 1109 2705; x_wconf 90' lang='lat' dir='ltr'><strong>cum</strong></span> <span class='ocrx_word' id='word_1_151' title='bbox 1134 2639 1280 2704; x_wconf 88' lang='lat' dir='ltr'><strong>omnibus</strong></span> <span class='ocrx_word' id='word_1_152' title='bbox 1305 2640 1370 2705; x_wconf 89' lang='lat' dir='ltr'><strong>suis</strong></span> <span class='ocrx_word' id='word_1_153' title='bbox 1394 2658 1504 2705; x_wconf 86' lang='lat' dir='ltr'><strong>acces-</strong></span> 
     </span>
     <span class='ocr_line' id='line_1_21' title="bbox 322 2764 1482 2851; baseline 0.002 -23"><span class='ocrx_word' id='word_1_154' title='bbox 322 2764 429 2841; x_wconf 86' lang='lat' dir='ltr'><strong>soriis;</strong></span> <span class='ocrx_word' id='word_1_155' title='bbox 454 2769 488 2829; x_wconf 91' lang='lat' dir='ltr'><strong>et</strong></span> <span class='ocrx_word' id='word_1_156' title='bbox 510 2765 573 2829; x_wconf 90' lang='lat' dir='ltr'><strong>hoc</strong></span> <span class='ocrx_word' id='word_1_157' title='bbox 596 2766 845 2851; x_wconf 87' lang='lat' dir='ltr'><strong>exploratissimi</strong></span> <span class='ocrx_word' id='word_1_158' title='bbox 869 2767 948 2830; x_wconf 91' lang='lat' dir='ltr'><strong>iuris</strong></span> <span class='ocrx_word' id='word_1_159' title='bbox 973 2770 1035 2840; x_wconf 91' lang='lat' dir='ltr'><strong>est;</strong></span> <span class='ocrx_word' id='word_1_160' title='bbox 1061 2785 1130 2850; x_wconf 84' lang='lat' dir='ltr'><strong>arg.</strong></span> <span class='ocrx_word' id='word_1_161' title='bbox 1157 2784 1232 2847; x_wconf 84' lang='lat' dir='ltr'><strong>cup.</strong></span> <span class='ocrx_word' id='word_1_162' title='bbox 1250 2764 1309 2847; x_wconf 85' lang='lat'><strong>55,</strong></span> <span class='ocrx_word' id='word_1_163' title='bbox 1335 2764 1366 2829; x_wconf 81' lang='lat' dir='ltr'><strong>It.</strong></span> <span class='ocrx_word' id='word_1_164' title='bbox 1391 2770 1412 2829; x_wconf 88' lang='lat' dir='ltr'><strong>t.</strong></span> <span class='ocrx_word' id='word_1_165' title='bbox 1437 2766 1482 2830; x_wconf 92' lang='lat' dir='ltr'><strong>X.</strong></span> 
     </span>
    </p>

    <p class='ocr_par' dir='ltr' id='par_1_12' title="bbox 319 2885 1506 3720">
     <span class='ocr_line' id='line_1_22' title="bbox 412 2885 1504 2971; baseline -0.004 -19"><span class='ocrx_word' id='word_1_166' title='bbox 412 2887 593 2971; x_wconf 88' lang='lat' dir='ltr'><strong>Appellatio</strong></span> <span class='ocrx_word' id='word_1_167' title='bbox 616 2907 696 2953; x_wconf 85' lang='lat' dir='ltr'><strong>vero</strong></span> <span class='ocrx_word' id='word_1_168' title='bbox 718 2885 757 2951; x_wconf 84' lang='lat' dir='ltr'><strong>ab</strong></span> <span class='ocrx_word' id='word_1_169' title='bbox 781 2888 1027 2951; x_wconf 86' lang='lat' dir='ltr'><strong>interlocutoria</strong></span> <span class='ocrx_word' id='word_1_170' title='bbox 1050 2886 1191 2952; x_wconf 87' lang='lat' dir='ltr'><strong>devolvit</strong></span> <span class='ocrx_word' id='word_1_171' title='bbox 1215 2906 1346 2951; x_wconf 83' lang='lat' dir='ltr'><strong>causam</strong></span> <span class='ocrx_word' id='word_1_172' title='bbox 1375 2904 1504 2970; x_wconf 90' lang='lat' dir='ltr'><strong>quoque</strong></span> 
     </span>
     <span class='ocr_line' id='line_1_23' title="bbox 321 2994 1503 3097; baseline 0 -23"><span class='ocrx_word' id='word_1_173' title='bbox 321 3011 531 3097; x_wconf 82' lang='lat' dir='ltr'><strong>principalem</strong></span> <span class='ocrx_word' id='word_1_174' title='bbox 553 3010 595 3075; x_wconf 86' lang='lat' dir='ltr'><strong>ad</strong></span> <span class='ocrx_word' id='word_1_175' title='bbox 618 3010 754 3076; x_wconf 93' lang='lat' dir='ltr'><strong>iudicem</strong></span> <span class='ocrx_word' id='word_1_176' title='bbox 777 2994 1011 3097; x_wconf 87' lang='lat' dir='ltr'><strong>appellationis,</strong></span> <span class='ocrx_word' id='word_1_177' title='bbox 1028 3008 1155 3095; x_wconf 89' lang='lat' dir='ltr'><strong>quando</strong></span> <span class='ocrx_word' id='word_1_178' title='bbox 1180 3011 1233 3076; x_wconf 90' lang='lat' dir='ltr'><strong>hic</strong></span> <span class='ocrx_word' id='word_1_179' title='bbox 1253 3010 1503 3097; x_wconf 86' lang='lat' dir='ltr'><strong>appellationem</strong></span> 
     </span>
     <span class='ocr_line' id='line_1_24' title="bbox 321 3133 1506 3223; baseline -0.001 -23"><span class='ocrx_word' id='word_1_180' title='bbox 321 3134 427 3201; x_wconf 83' lang='lat' dir='ltr'><strong>edicat</strong></span> <span class='ocrx_word' id='word_1_181' title='bbox 446 3148 516 3202; x_wconf 88' lang='lat' dir='ltr'><strong>esse</strong></span> <span class='ocrx_word' id='word_1_182' title='bbox 531 3138 715 3222; x_wconf 86' lang='lat' dir='ltr'><strong>legitimam,</strong></span> <span class='ocrx_word' id='word_1_183' title='bbox 733 3137 928 3223; x_wconf 88' lang='lat' dir='ltr'><strong>corrigendo</strong></span> <span class='ocrx_word' id='word_1_184' title='bbox 944 3138 1135 3201; x_wconf 89' lang='lat' dir='ltr'><strong>sententiam</strong></span> <span class='ocrx_word' id='word_1_185' title='bbox 1162 3133 1355 3221; x_wconf 86' lang='lat' dir='ltr'><strong>appellatam</strong></span> <span class='ocrx_word' id='word_1_186' title='bbox 1379 3142 1436 3201; x_wconf 82' lang='lat' dir='ltr'><strong>ant</strong></span> <span class='ocrx_word' id='word_1_187' title='bbox 1457 3155 1506 3200; x_wconf 92' lang='lat' dir='ltr'><strong>re·</strong></span> 
     </span>
     <span class='ocr_line' id='line_1_25' title="bbox 321 3260 1503 3349; baseline 0.003 -24"><span class='ocrx_word' id='word_1_188' title='bbox 321 3261 476 3328; x_wconf 86' lang='lat' dir='ltr'><strong>vocando.</strong></span> <span class='ocrx_word' id='word_1_189' title='bbox 494 3260 585 3336; x_wconf 89' lang='lat' dir='ltr'><strong>Quod</strong></span> <span class='ocrx_word' id='word_1_190' title='bbox 608 3264 634 3325; x_wconf 90' lang='lat' dir='ltr'><strong>si</strong></span> <span class='ocrx_word' id='word_1_191' title='bbox 655 3262 835 3326; x_wconf 87' lang='lat' dir='ltr'><strong>huiusmodi</strong></span> <span class='ocrx_word' id='word_1_192' title='bbox 860 3261 1032 3346; x_wconf 86' lang='lat' dir='ltr'><strong>appellatio</strong></span> <span class='ocrx_word' id='word_1_193' title='bbox 1056 3266 1239 3345; x_wconf 78' lang='lat' dir='ltr'><strong>respuatur,</strong></span> <span class='ocrx_word' id='word_1_194' title='bbox 1256 3262 1424 3349; x_wconf 88' lang='lat' dir='ltr'><strong>appellans</strong></span> <span class='ocrx_word' id='word_1_195' title='bbox 1450 3282 1503 3328; x_wconf 89' lang='lat' dir='ltr'><strong>re·</strong></span> 
     </span>
     <span class='ocr_line' id='line_1_26' title="bbox 320 3384 1501 3469; baseline -0.002 -20"><span class='ocrx_word' id='word_1_196' title='bbox 320 3384 494 3450; x_wconf 88' lang='lat' dir='ltr'><strong>mittendus</strong></span> <span class='ocrx_word' id='word_1_197' title='bbox 517 3391 566 3449; x_wconf 89' lang='lat' dir='ltr'><strong>est</strong></span> <span class='ocrx_word' id='word_1_198' title='bbox 588 3384 628 3448; x_wconf 91' lang='lat' dir='ltr'><strong>ad</strong></span> <span class='ocrx_word' id='word_1_199' title='bbox 648 3384 786 3448; x_wconf 88' lang='lat' dir='ltr'><strong>iudicem</strong></span> <span class='ocrx_word' id='word_1_200' title='bbox 810 3404 832 3449; x_wconf 85' lang='lat' dir='ltr'><strong>a</strong></span> <span class='ocrx_word' id='word_1_201' title='bbox 856 3403 932 3468; x_wconf 75' lang='lat' dir='ltr'><strong>quen,</strong></span> <span class='ocrx_word' id='word_1_202' title='bbox 949 3388 984 3448; x_wconf 92' lang='lat' dir='ltr'><strong>nt</strong></span> <span class='ocrx_word' id='word_1_203' title='bbox 1007 3402 1116 3448; x_wconf 90' lang='lat' dir='ltr'><strong>coram</strong></span> <span class='ocrx_word' id='word_1_204' title='bbox 1141 3384 1254 3449; x_wconf 93' lang='lat' dir='ltr'><strong>eodem</strong></span> <span class='ocrx_word' id='word_1_205' title='bbox 1271 3403 1400 3450; x_wconf 87' lang='lat' dir='ltr'><strong>causam</strong></span> <span class='ocrx_word' id='word_1_206' title='bbox 1424 3404 1501 3469; x_wconf 92' lang='lat' dir='ltr'><strong>pro·</strong></span> 
     </span>
     <span class='ocr_line' id='line_1_27' title="bbox 319 3509 1503 3595; baseline 0 -21"><span class='ocrx_word' id='word_1_207' title='bbox 319 3514 482 3593; x_wconf 87' lang='lat' dir='ltr'><strong>sequatur,</strong></span> <span class='ocrx_word' id='word_1_208' title='bbox 496 3509 652 3574; x_wconf 83' lang='lat' dir='ltr'><strong>exsolutis</strong></span> <span class='ocrx_word' id='word_1_209' title='bbox 667 3516 762 3574; x_wconf 86' lang='lat' dir='ltr'><strong>antea</strong></span> <span class='ocrx_word' id='word_1_210' title='bbox 778 3511 929 3594; x_wconf 79' lang='lat' dir='ltr'><strong>expensis</strong></span> <span class='ocrx_word' id='word_1_211' title='bbox 943 3510 1079 3573; x_wconf 87' lang='lat' dir='ltr'><strong>iniustae</strong></span> <span class='ocrx_word' id='word_1_212' title='bbox 1096 3509 1329 3594; x_wconf 68' lang='lat' dir='ltr'><strong>appellationis</strong></span> <span class='ocrx_word' id='word_1_213' title='bbox 1346 3509 1393 3573; x_wconf 91' lang='lat' dir='ltr'><strong>uti</strong></span> <span class='ocrx_word' id='word_1_214' title='bbox 1410 3529 1503 3595; x_wconf 89' lang='lat' dir='ltr'><strong>prae·</strong></span> 
     </span>
     <span class='ocr_line' id='line_1_28' title="bbox 320 3633 819 3720; baseline -0.006 -21"><span class='ocrx_word' id='word_1_215' title='bbox 320 3635 577 3720; x_wconf 73' lang='lat' dir='ltr'><strong>episcopeo,</strong></span> <span class='ocrx_word' id='word_1_216' title='bbox 604 3634 634 3697; x_wconf 85' lang='lat' dir='ltr'><strong>h.</strong></span> <span class='ocrx_word' id='word_1_217' title='bbox 660 3638 680 3697; x_wconf 86' lang='lat' dir='ltr'><strong>t.</strong></span> <span class='ocrx_word' id='word_1_218' title='bbox 706 3634 739 3697; x_wconf 88' lang='lat' dir='ltr'><em>X</em></span> <span class='ocrx_word' id='word_1_219' title='bbox 760 3633 819 3718; x_wconf 86' lang='lat' dir='ltr'><strong>(l).</strong></span> 
     </span>
    </p>

    <p class='ocr_par' dir='ltr' id='par_1_13' title="bbox 319 3755 1502 3971">
     <span class='ocr_line' id='line_1_29' title="bbox 409 3755 1502 3844; baseline -0.005 -18"><span class='ocrx_word' id='word_1_220' title='bbox 409 3763 453 3826; x_wconf 81' lang='lat' dir='ltr'><strong>At</strong></span> <span class='ocrx_word' id='word_1_221' title='bbox 476 3759 574 3825; x_wconf 86' lang='lat' dir='ltr'><strong>iudex</strong></span> <span class='ocrx_word' id='word_1_222' title='bbox 597 3780 617 3824; x_wconf 90' lang='lat' dir='ltr'><strong>a</strong></span> <span class='ocrx_word' id='word_1_223' title='bbox 640 3779 703 3844; x_wconf 91' lang='lat' dir='ltr'><strong>qno</strong></span> <span class='ocrx_word' id='word_1_224' title='bbox 725 3764 834 3844; x_wconf 87' lang='lat' dir='ltr'><strong>posset</strong></span> <span class='ocrx_word' id='word_1_225' title='bbox 862 3778 896 3821; x_wconf 88' lang='lat' dir='ltr'><strong>se</strong></span> <span class='ocrx_word' id='word_1_226' title='bbox 919 3756 1091 3830; x_wconf 89' lang='lat' dir='ltr'><strong>abstinere,</strong></span> <span class='ocrx_word' id='word_1_227' title='bbox 1116 3755 1308 3822; x_wconf 89' lang='lat' dir='ltr'><strong>remittendo</strong></span> <span class='ocrx_word' id='word_1_228' title='bbox 1336 3756 1502 3841; x_wconf 81' lang='lat' dir='ltr'><strong>integrum</strong></span> 
     </span>
     <span class='ocr_line' id='line_1_30' title="bbox 319 3884 1499 3971; baseline -0.003 -21"><span class='ocrx_word' id='word_1_229' title='bbox 319 3889 481 3971; x_wconf 85' lang='lat' dir='ltr'><strong>negotium</strong></span> <span class='ocrx_word' id='word_1_230' title='bbox 505 3888 602 3953; x_wconf 92' lang='lat' dir='ltr'><strong>iudici</strong></span> <span class='ocrx_word' id='word_1_231' title='bbox 626 3886 795 3971; x_wconf 90' lang='lat' dir='ltr'><strong>superiori,</strong></span> <span class='ocrx_word' id='word_1_232' title='bbox 812 3884 896 3969; x_wconf 94' lang='lat' dir='ltr'><strong>quod</strong></span> <span class='ocrx_word' id='word_1_233' title='bbox 913 3884 966 3949; x_wconf 93' lang='lat' dir='ltr'><strong>hic</strong></span> <span class='ocrx_word' id='word_1_234' title='bbox 981 3888 1089 3949; x_wconf 90' lang='lat' dir='ltr'><strong>tamen</strong></span> <span class='ocrx_word' id='word_1_235' title='bbox 1104 3884 1253 3968; x_wconf 91' lang='lat' dir='ltr'><strong>recipere</strong></span> <span class='ocrx_word' id='word_1_236' title='bbox 1277 3902 1341 3947; x_wconf 93' lang='lat' dir='ltr'><strong>non</strong></span> <span class='ocrx_word' id='word_1_237' title='bbox 1356 3887 1499 3963; x_wconf 87' lang='lat' dir='ltr'><strong>tenetur,</strong></span> 
     </span>
    </p>
   </div>
   <div class='ocr_carea' id='block_1_9' title="bbox 318 4056 1502 4452">
    <p class='ocr_par' dir='ltr' id='par_1_14' title="bbox 318 4056 1502 4452">
     <span class='ocr_line' id='line_1_31' title="bbox 409 4056 1499 4131; baseline -0.005 -16"><span class='ocrx_word' id='word_1_238' title='bbox 409 4061 449 4131; x_wconf 81' lang='lat'><strong>(1)</strong></span> <span class='ocrx_word' id='word_1_239' title='bbox 463 4062 502 4115; x_wconf 88' lang='lat' dir='ltr'><strong>Cf.</strong></span> <span class='ocrx_word' id='word_1_240' title='bbox 516 4062 595 4115; x_wconf 84' lang='lat' dir='ltr'><strong>Santi</strong></span> <span class='ocrx_word' id='word_1_241' title='bbox 608 4064 632 4116; x_wconf 76' lang='lat' dir='ltr'><strong>t.</strong></span> <span class='ocrx_word' id='word_1_242' title='bbox 644 4073 661 4116; x_wconf 84' lang='lat' dir='ltr'><strong>t</strong></span> <span class='ocrx_word' id='word_1_243' title='bbox 673 4082 699 4116; x_wconf 85' lang='lat' dir='ltr'><strong>n.</strong></span> <span class='ocrx_word' id='word_1_244' title='bbox 712 4064 756 4115; x_wconf 74' lang='lat'><strong>45</strong></span> <span class='ocrx_word' id='word_1_245' title='bbox 769 4061 855 4116; x_wconf 88' lang='lat' dir='ltr'><strong>edicit</strong></span> <span class='ocrx_word' id='word_1_246' title='bbox 870 4060 934 4115; x_wconf 90' lang='lat' dir='ltr'><strong>huic</strong></span> <span class='ocrx_word' id='word_1_247' title='bbox 948 4061 1026 4130; x_wconf 85' lang='lat' dir='ltr'><strong>praxi</strong></span> <span class='ocrx_word' id='word_1_248' title='bbox 1039 4060 1246 4129; x_wconf 86' lang='lat' dir='ltr'><strong>obtemperasse</strong></span> <span class='ocrx_word' id='word_1_249' title='bbox 1261 4056 1288 4111; x_wconf 90' lang='lat' dir='ltr'><strong>S.</strong></span> <span class='ocrx_word' id='word_1_250' title='bbox 1305 4057 1405 4111; x_wconf 82' lang='lat' dir='ltr'><strong>Rotam</strong></span> <span class='ocrx_word' id='word_1_251' title='bbox 1422 4058 1454 4111; x_wconf 86' lang='lat' dir='ltr'><strong>R.</strong></span> <span class='ocrx_word' id='word_1_252' title='bbox 1466 4087 1499 4099; x_wconf 97' lang='lat'><em>-</em></span> 
     </span>
     <span class='ocr_line' id='line_1_32' title="bbox 320 4163 1500 4237; baseline -0.005 -15"><span class='ocrx_word' id='word_1_253' title='bbox 320 4168 415 4223; x_wconf 87' lang='lat' dir='ltr'><strong>Eidem</strong></span> <span class='ocrx_word' id='word_1_254' title='bbox 440 4168 584 4222; x_wconf 80' lang='lat' dir='ltr'><strong>doctrinae</strong></span> <span class='ocrx_word' id='word_1_255' title='bbox 603 4169 752 4222; x_wconf 79' lang='lat' dir='ltr'><strong>conformis</strong></span> <span class='ocrx_word' id='word_1_256' title='bbox 777 4172 820 4222; x_wconf 84' lang='lat' dir='ltr'><strong>est</strong></span> <span class='ocrx_word' id='word_1_257' title='bbox 847 4166 938 4237; x_wconf 85' lang='lat' dir='ltr'><strong>stylus</strong></span> <span class='ocrx_word' id='word_1_258' title='bbox 957 4165 982 4219; x_wconf 89' lang='lat' dir='ltr'><strong>S.</strong></span> <span class='ocrx_word' id='word_1_259' title='bbox 1003 4166 1088 4233; x_wconf 80' lang='lat' dir='ltr'><strong>Cong.</strong></span> <span class='ocrx_word' id='word_1_260' title='bbox 1109 4163 1212 4219; x_wconf 84' lang='lat' dir='ltr'><strong>Concil.</strong></span> <span class='ocrx_word' id='word_1_261' title='bbox 1233 4193 1266 4205; x_wconf 92' lang='lat'><em>-</em></span> <span class='ocrx_word' id='word_1_262' title='bbox 1288 4163 1328 4217; x_wconf 83' lang='lat' dir='ltr'><strong>Gi.</strong></span> <span class='ocrx_word' id='word_1_263' title='bbox 1347 4180 1431 4233; x_wconf 82' lang='lat' dir='ltr'><strong>saepe</strong></span> <span class='ocrx_word' id='word_1_264' title='bbox 1451 4165 1500 4219; x_wconf 89' lang='lat' dir='ltr'><strong>cit.</strong></span> 
     </span>
     <span class='ocr_line' id='line_1_33' title="bbox 318 4269 1502 4342; baseline -0.004 -12"><span class='ocrx_word' id='word_1_265' title='bbox 318 4276 509 4331; x_wconf 77' lang='lat' dir='ltr'><strong>Mediolanen.</strong></span> <span class='ocrx_word' id='word_1_266' title='bbox 529 4275 549 4329; x_wconf 84' lang='lat'><em>7</em></span> <span class='ocrx_word' id='word_1_267' title='bbox 567 4274 637 4328; x_wconf 85' lang='lat' dir='ltr'><strong>Iulii</strong></span> <span class='ocrx_word' id='word_1_268' title='bbox 654 4276 735 4330; x_wconf 86' lang='grc'><em>1883</em></span> <span class='ocrx_word' id='word_1_269' title='bbox 751 4276 810 4328; x_wconf 87' lang='lat' dir='ltr'><strong>Vol.</strong></span> <span class='ocrx_word' id='word_1_270' title='bbox 826 4274 906 4329; x_wconf 87' lang='lat' dir='ltr'><em>XVI.</em></span> <span class='ocrx_word' id='word_1_271' title='bbox 927 4274 996 4328; x_wconf 87' lang='lat' dir='ltr'><strong>Acta</strong></span> <span class='ocrx_word' id='word_1_272' title='bbox 1017 4272 1043 4326; x_wconf 84' lang='lat' dir='ltr'><strong>S.</strong></span> <span class='ocrx_word' id='word_1_273' title='bbox 1059 4273 1139 4327; x_wconf 83' lang='lat' dir='ltr'><strong>Sedis</strong></span> <span class='ocrx_word' id='word_1_274' title='bbox 1155 4288 1184 4342; x_wconf 85' lang='lat' dir='ltr'><strong>p.</strong></span> <span class='ocrx_word' id='word_1_275' title='bbox 1204 4272 1283 4337; x_wconf 73' lang='lat'><strong>328,-</strong></span> <span class='ocrx_word' id='word_1_276' title='bbox 1303 4274 1331 4324; x_wconf 87' lang='lat' dir='ltr'><strong>et</strong></span> <span class='ocrx_word' id='word_1_277' title='bbox 1349 4269 1435 4323; x_wconf 85' lang='lat' dir='ltr'><strong>eliam</strong></span> <span class='ocrx_word' id='word_1_278' title='bbox 1447 4270 1502 4326; x_wconf 50' lang='lat' dir='ltr'><strong>‘de-</strong></span> 
     </span>
     <span class='ocr_line' id='line_1_34' title="bbox 319 4382 883 4452; baseline -0.004 -16"><span class='ocrx_word' id='word_1_279' title='bbox 319 4383 451 4437; x_wconf 87' lang='lat' dir='ltr'><strong>cisionem</strong></span> <span class='ocrx_word' id='word_1_280' title='bbox 471 4384 505 4436; x_wconf 73' lang='lat' dir='ltr'><strong>cf·</strong></span> <span class='ocrx_word' id='word_1_281' title='bbox 524 4383 554 4437; x_wconf 92' lang='lat' dir='ltr'><strong>in</strong></span> <span class='ocrx_word' id='word_1_282' title='bbox 573 4384 632 4436; x_wconf 81' lang='lat' dir='ltr'><strong>Vel.</strong></span> <span class='ocrx_word' id='word_1_283' title='bbox 654 4382 766 4437; x_wconf 84' lang='lat' dir='ltr'><em>XVIII</em></span> <span class='ocrx_word' id='word_1_284' title='bbox 778 4400 807 4452; x_wconf 91' lang='lat' dir='ltr'><strong>p.</strong></span> <span class='ocrx_word' id='word_1_285' title='bbox 830 4382 883 4434; x_wconf 86' lang='lat'><strong>56.</strong></span> 
     </span>
    </p>
   </div>
   <div class='ocr_carea' id='block_1_10' title="bbox 0 0 1680 5117">
    <p class='ocr_par' dir='ltr' id='par_1_15' title="bbox 0 0 1680 5117">
     <span class='ocr_line' id='line_1_35' title="bbox 0 0 1680 5117; baseline 0 2"><span class='ocrx_word' id='word_1_286' title='bbox 0 0 1680 5117; x_wconf 95' lang='lat' dir='ltr'><strong> </strong></span> 
     </span>
    </p>
   </div>
  </div>
 </body>
</html>
