3350 5117
539 309 582 355 nn
614 308 753 356 1unrc11s
783 308 1047 356 uccunsmsrrcrs
1316 292 1377 355 471

204 432 323 496 tionem
347 430 504 495 adversus
527 429 742 503 confitentem,
768 435 801 496 et
823 430 1196 497 adversariumrelevat
1217 429 1257 495 ab
1281 450 1382 495 onere

205 554 376 640 probandi;
400 575 475 642 erp.
500 574 574 638 cap.
599 555 642 620 17
664 556 714 623 De
732 575 850 639 praes.
874 558 909 621 X
929 557 984 641 (ΙΙ,
1001 556 1067 642 26).
1084 592 1131 604 -
1146 558 1194 622 Ea
1217 562 1332 622 contra
1354 559 1382 621 si

205 680 431 764 responsiones
454 678 511 743 sub
536 680 716 744 iuramento
747 678 842 744 datae
864 680 917 744 vel
940 680 1020 744 nihil
1053 680 1195 746 fatentur
1218 680 1257 744 de
1281 682 1383 745 inteo-

205 806 291 870 tione
315 803 494 869 adversarii
518 804 570 869 vel
595 806 793 869 contrarium
810 805 932 870 docent
950 806 1002 869 vel
1025 806 1192 870 contraria
1214 804 1380 890 praebent,

204 930 323 995 indicia
339 930 477 996 reddunt
492 928 652 997 difficilius
668 952 749 996 onus
770 930 926 1015 probandi
943 933 975 995 in
992 931 1190 1004 adversario,
1204 936 1237 995 et
1252 931 1382 1015 planum

206 1060 263 1119 est.
289 1056 410 1120 Tamen
435 1075 498 1119 non
523 1055 700 1120 admittitur
723 1054 763 1119 ad
787 1056 883 1139 plene
901 1054 1101 1140 probandum
1119 1055 1287 1136 confessio,
1301 1075 1383 1139 quae

205 1184 254 1243 est
269 1178 457 1243 favorabilis
474 1176 655 1253 confitenti;
681 1179 797 1263 quippe
814 1183 863 1241 est
881 1184 993 1263 suapte
1009 1180 1039 1242 vi
1057 1184 1206 1264 suspecta
1228 1184 1261 1243 et
1281 1198 1381 1245 uemo

205 1302 294 1367 testis
317 1302 354 1365 iu
377 1322 482 1367 causa
500 1302 659 1384 propriu.
677 1300 895 1377 Quamobrem
922 1303 954 1365 in
974 1304 1079 1368 causis
1096 1302 1382 1367 matrimonialibus

203 1430 331 1512 plenam
364 1448 428 1491 non
459 1428 583 1493 faciunt
612 1425 706 1493 fidem
738 1429 901 1513 coniuges,
931 1429 1027 1493 etiam
1058 1430 1169 1509 iurati,
1193 1435 1381 1497 attestantes

204 1552 332 1636 aliquod
357 1553 485 1617 obstare
509 1552 768 1637 impedimentum
794 1572 858 1635 quo
884 1554 988 1617 minus
1010 1553 1248 1619 matrimonium
1264 1554 1379 1623 valeat.

181 1692 185 1698 ·
204 1675 287 1758 quod
312 1678 356 1741 uti
381 1677 502 1741 nullum
528 1676 721 1743 iudicialiter
736 1678 898 1743 declarari
915 1678 1122 1749 contendunt,
1140 1698 1183 1743 ex
1202 1698 1275 1761 cup.
1292 1680 1315 1743 5
1332 1678 1382 1743 De

203 1818 241 1864 eo
266 1799 326 1884 qui
349 1819 487 1885 copuoo.
513 1800 547 1863 X
569 1798 640 1883 (IV,
667 1800 739 1881 13);
764 1800 806 1865 cf.
833 1802 917 1865 lust.
941 1801 1037 1865 Aust.
1062 1802 1114 1866 eit.
1138 1803 1281 1883 5314&
1306 1802 1381 1867 149.

293 1926 367 1988 447.
392 1922 456 1988 Sed
488 1927 655 2008 quaeritur
684 1945 726 1989 an
754 1926 853 1993 liceat
882 1930 966 2011 parti
997 1929 1187 2012 impugnare
1217 1929 1380 2012 propriam

206 2050 451 2115 confessionem.
478 2050 602 2135 Duplici
626 2052 679 2115 via
703 2052 884 2136 impugnari
908 2053 1011 2117 valet:

297 2173 326 2260 l)
351 2175 566 2260 appellatione
591 2181 661 2261 post
683 2180 876 2245 sententiam
901 2175 1086 2252 definitam

293 2297 326 2381 2)
351 2299 542 2382 exceptione
564 2304 638 2365 ante
655 2302 857 2364 sententiam.
881 2336 925 2349 —
951 2301 1041 2375 Quod
1066 2302 1105 2366 ad
1125 2302 1291 2384 primum,
1309 2304 1383 2388 quia

207 2422 414 2506 appellationi
428 2423 519 2488 locus
535 2444 599 2488 non
620 2430 668 2489 est
690 2427 750 2489 nisi
767 2424 858 2491 iustu
875 2426 917 2490 de
933 2446 1047 2499 sousa,
1066 2426 1253 2511 repellenda
1268 2432 1317 2490 est
1329 2447 1383 2513 ap·

204 2548 344 2633 pallatio,
362 2550 423 2613 nisi
444 2554 643 2634 proponatur
665 2551 773 2634 aliqua
796 2550 973 2636 probabilis
996 2553 1080 2617 ratio
1108 2553 1269 2637 expetitae
1291 2572 1382 2617 revo-

204 2674 347 2745 cationis,
373 2679 485 2759 utputa
509 2654 746 2756 consumatus,
770 2674 921 2757 fraudis,
942 2678 1091 2759 errorum
1114 2682 1147 2741 et
1169 2679 1214 2741 uti
1238 2696 1298 2762 par
1322 2680 1380 2749 est,

204 2798 364 2864 difficilius
378 2799 555 2865 admittitur
568 2800 601 2863 in
614 2799 769 2869 civilibus,
784 2820 880 2884 quam
897 2802 929 2864 iu
948 2801 1179 2873 criminalibus,
1197 2802 1238 2866 cf.
1250 2822 1325 2885 cap.
1340 2801 1381 2865 61

124 2966 128 2977 -
202 2926 224 3006 ,ξ
248 2924 371 2989 Porro.
389 2924 440 2987 De
460 2926 586 3015 appell.¹
610 2924 645 2986 X
664 2924 719 3007 (ΙΙ,
744 2924 810 3009 28).
838 2925 951 2999 Quoad
975 2929 1171 2999 ramatum,
1184 2929 1381 3013 impugnatio

204 3050 254 3113 est
277 3046 474 3111 admittenda
498 3054 530 3113 et
553 3048 647 3110 etiam
672 3049 782 3111 sortiri
805 3053 911 3133 potest
927 3046 1076 3115 effectum
1099 3049 1284 3116 destruendi
1308 3071 1380 3115 con-

205 3170 387 3241 fessionem.
402 3172 427 3234 si
444 3176 612 3256 tantopere
626 3171 756 3236 valeant
769 3173 913 3237 rationes
926 3175 958 3236 iu
972 3176 1171 3239 contrarium
1187 3176 1318 3251 allatae;
1334 3183 1381 3241 ut-

204 3300 281 3377 puta
293 3314 366 3357 eum
379 3294 496 3358 exinde
513 3299 621 3378 pateat
636 3295 871 3361 confessionem
889 3300 1076 3382 provenisse
1094 3318 1139 3363 eu
1154 3318 1273 3365 eruore
1286 3298 1379 3380 sueti.

293 3416 367 3479 448.
394 3416 455 3480 Sed
479 3417 552 3499 quid
577 3418 656 3482 iuris
680 3420 706 3483 si
730 3421 799 3503 quis
823 3420 923 3484 vellet
939 3421 1173 3486 confessionem
1189 3423 1380 3508 impugnare

203 3550 235 3603 et
260 3560 415 3605 revocare
439 3542 479 3606 ob
503 3542 648 3609 delectus
664 3566 834 3630 processus
851 3547 1016 3629 iudicialis,
1033 3550 1131 3614 veluti
1156 3550 1195 3614 ob
1219 3550 1380 3615 delectum

203 3662 361 3725 citationis
385 3669 440 3727 aut
462 3665 730 3749 incompetentiae
753 3668 786 3730 in
810 3668 925 3733 iudice.
951 3705 995 3718 —
1019 3670 1204 3743 Quaestioni
1225 3671 1381 3737 satisfacit

203 3786 406 3869 principium,
426 3807 541 3872 nempe
558 3789 802 3872 confessionem
817 3809 944 3859 souare
966 3813 1083 3859 omnes
1098 3814 1277 3876 processus
1292 3794 1382 3876 dese·

202 3916 275 3976 etus
289 3930 374 3995 quos
397 3931 523 3979 souare
546 3920 594 3980 est
616 3915 653 3979 iu
671 3920 836 3998 potestate
860 3918 1059 3985 alterutrius
1076 3920 1190 4001 partis
1206 3920 1378 4005 tittpoutis.

202 4038 337 4103 Factum
355 4040 439 4104 enim
457 4040 661 4106 confessione
677 4042 916 4109 manifestatum
934 4040 970 4108 lit
983 4045 1156 4111 notorium
1164 4066 1178 4128 ,·
1194 4048 1227 4111 in
1246 4047 1380 4110 notoriis

201 4160 398 4225 veronulla
425 4160 580 4245 probati0,
606 4181 662 4226 seu
694 4134 873 4227 contentio·
890 4164 1057 4230 iudicialis.
1083 4165 1208 4231 Verum
1232 4168 1259 4231 si
1281 4168 1380 4233 iudex

202 4290 287 4347 esset
312 4286 532 4370 incompetens
555 4285 689 4351 rutioue
712 4286 829 4353 obiecti
852 4294 909 4352 aut
930 4291 1071 4374 produs.
1088 4293 1141 4374 qui
1165 4293 1381 4377 incompeten-

200 4409 265 4472 tiae
291 4408 436 4475 defectus
453 4431 472 4475 a
487 4416 580 4497 parte
604 4413 715 4504 sanari
736 4432 801 4476 non
825 4418 940 4499 potest,
957 4420 1035 4479 tunc
1058 4416 1214 4480 iudicialis
1229 4417 1381 4482 instantia
