3350 5117
532 350 576 396 ne
600 349 739 398 1uu1cus
764 345 1028 396 eceuasrssncis
1304 329 1373 394 373

180 473 259 554 ciis,
285 472 404 537 Paulus
428 473 460 538 V
483 474 516 538 in
540 472 634 538 Bulla
663 471 817 537 Universi
840 471 920 556 apri
942 471 1053 535 statuit
1079 470 1143 534 hoc
1160 468 1368 554 privilegium

186 617 255 662 non
279 595 450 683 suffragari
475 599 535 663 nisi
565 599 629 663 iliis
661 597 755 682 ‹pui
785 596 905 660 saltem
933 613 999 678 per
1025 614 1158 659 aarum
1185 592 1223 657 ia
1256 589 1364 657 Carta

180 724 348 790 continuo
370 721 591 787 residentiam
613 718 756 802 fecerint
769 741 799 782 s.
824 717 913 782 Trid.
934 737 1014 782 vero
1030 717 1127 783 Oonc.
1144 716 1182 781 in
1200 717 1286 780 Sess.
1303 713 1367 787 24,

182 869 217 912 c.
241 849 287 920 11,
311 845 455 911 cohibuit
477 845 680 931 privilegium
705 844 930 928 Eugenianum
952 845 1107 906 statuens:
1134 839 1261 915 «Quae
1283 860 1366 906 vero

184 972 361 1057 privilegia
396 971 608 1039 residentibus
638 973 669 1036 in
703 971 800 1036 Curia
833 971 978 1037 Romana
1009 973 1123 1056 vigore
1157 969 1366 1054 Eugenianae

179 1097 468 1164 constitutionis...
500 1104 684 1184 competere
715 1098 829 1178 solent,
862 1117 902 1162 ee
924 1099 958 1161 in
981 1098 1020 1162 iis
1042 1099 1095 1179 qui
1118 1091 1278 1160 beneficia
1306 1094 1366 1159 Ec·

181 1217 370 1284 clesiastica
392 1218 536 1286 obtinent
561 1221 685 1285 ratione
708 1220 950 1305 praedictorum
973 1217 1213 1299 beneficiorum,
1234 1216 1366 1280 minime

180 1341 427 1428 intelligantur,
459 1343 514 1408 sed
545 1343 700 1409 ordinarii
732 1343 944 1410 iurisdictioni
975 1342 1109 1408 subiecti
1140 1345 1366 1427 permaneant,

182 1483 252 1527 non
276 1463 475 1530 obstantibus
497 1465 748 1550 quibuscumque
772 1465 1059 1532 inhibitionibus».
1086 1463 1237 1549 Idemque
1269 1463 1369 1548 privi-

181 1591 308 1676 legium
332 1592 418 1657 Trid.
445 1593 541 1659 Cone.
565 1595 603 1658 ia
627 1593 712 1660 Sess.
736 1593 796 1668 23,
829 1614 856 1659 c.
889 1595 917 1666 1,
948 1593 986 1658 in
1014 1595 1072 1677 fin.
1104 1591 1273 1677 abrogavit
1300 1609 1361 1654 ex·

184 1734 300 1798 presse
324 1716 427 1799 quoad
450 1719 610 1802 parochos
635 1719 756 1784 Romae
779 1724 1017 1784 commorantes
1039 1720 1072 1782 in
1101 1709 1248 1782 fraudem
1269 1713 1363 1800 legis,

178 1840 317 1906 eosdem
342 1842 478 1908 iubentis
502 1843 646 1908 residere
670 1845 703 1907 in
728 1845 876 1910 Ecclesia
899 1846 948 1910 sui
971 1841 1120 1908 beneficii
1145 1841 1202 1929 (1).

277 1963 353 2030 339.
368 1965 459 2031 Alius
472 1966 583 2032 modus
596 1967 748 2033 sortiendi
762 1968 869 2032 forum
882 1972 930 2032 est
945 1971 1147 2033 contractus.
1166 2001 1208 2012 -
1222 1965 1361 2030 Ratione

179 2091 375 2153 contractus
397 2089 519 2155 iudices
541 2090 707 2172 ordinarii,
725 2093 769 2156 uti
785 2093 831 2157 ait
847 2109 922 2174 cap.
946 2093 974 2170 1,
993 2090 1015 2172 5
1031 2086 1065 2170 3,
1082 2089 1119 2154 io
1142 2089 1165 2154 6
1182 2088 1212 2153 b.
1231 2093 1263 2170 t,
1280 2084 1363 2152 fiunt

178 2219 405 2299 competentes
430 2219 462 2280 io
486 2217 720 2284 contrahentes
749 2218 900 2284 alierum
923 2216 1125 2282 dioecesum.
1150 2214 1366 2299 Cumprimis

177 2338 378 2405 advertatur
401 2346 585 2408 contractus
610 2363 725 2408 nomen
750 2362 814 2407 non
846 2344 958 2409 stricte
986 2342 1040 2406 hic
1064 2341 1146 2406 sumi
1170 2338 1226 2405 sed
1256 2339 1360 2425 large,

181 2471 283 2548 prout
306 2464 464 2551 significat
487 2487 718 2552 quamcumque
742 2468 988 2534 conventionem
1009 2484 1163 2550 expresse
1180 2464 1248 2528 sive
1264 2464 1362 2530 tacite

181 2590 309 2662 initam,
334 2611 390 2656 seu
414 2593 715 2677 comprehendimus
738 2595 834 2658 etiam
859 2594 949 2676 quasi
972 2597 1175 2656 contractum
1199 2609 1259 2656 ceu
1283 2592 1364 2654 tute·

180 2714 248 2778 lam
274 2719 307 2779 et
330 2718 530 2800 negotiorum
555 2719 741 2803 gestionem,
755 2717 834 2782 adeo
859 2724 894 2783 ut
917 2719 950 2782 in
973 2718 1168 2802 propositam
1193 2714 1360 2778 materiam

180 2837 316 2902 nomine
339 2842 524 2903 contractus
547 2841 656 2904 veniat
680 2837 901 2923 quodcumque
923 2858 1025 2924 genus
1049 2837 1252 2922 obligationis
1275 2855 1320 2900 ex
1339 2834 1362 2897 1.

188 2979 360 3026 «omnem
384 2960 622 3048 ebtipationcm
638 2985 657 3024 ›
681 2965 717 3047 ff.
742 2963 791 3028 De
816 2963 886 3027 incl.

276 3083 329 3146 Ex
352 3103 426 3167 cap.
454 3085 543 3151 Licet
557 3086 617 3168 20,
636 3087 666 3150 h.
685 3092 705 3152 t.
726 3087 767 3166 X,
785 3087 930 3170 sequitur
944 3085 1142 3149 ordinarium
1158 3084 1232 3164 loci,
1250 3084 1283 3147 in
1301 3102 1364 3168 quo

182 3209 284 3275 initus
306 3210 367 3275 fuit
389 3215 584 3294 contractus,
605 3219 838 3299 competentem
863 3233 933 3277 esse
957 3215 990 3277 in
1013 3213 1206 3276 alterutrum
1233 3216 1361 3275 contra·

184 3335 331 3399 hentium
352 3335 437 3422 apud
460 3355 534 3402 eum
556 3343 760 3412 conventum,
785 3334 965 3418 dumm0d0‚
990 3357 1032 3401 ex
1056 3355 1130 3418 cap.
1155 3335 1218 3418 1,§
1234 3333 1268 3406 3,
1287 3333 1319 3398 h.
1337 3339 1358 3399 t.

182 3457 222 3521 in
253 3459 284 3528 6.
310 3477 386 3526 reus
416 3461 457 3525 sit
487 3479 641 3546 praesens
665 3464 697 3527 in
720 3463 791 3528 loco
815 3464 887 3529 initi
910 3467 1097 3528 contractus
1129 3457 1256 3544 quando
1287 3459 1364 3524 cita-

181 3585 247 3643 tur.
273 3580 353 3644 Nam
377 3583 404 3646 si
427 3583 491 3648 iam
519 3587 706 3658 excesserit,
738 3585 874 3670 amplius
903 3585 1072 3649 conveniri
1102 3603 1166 3647 non
1196 3573 1308 3667 potest
1333 3583 1360 3646 si

184 3721 264 3766 vero
287 3705 350 3767 iam
380 3707 531 3772 citatione
561 3711 757 3792 praeventus
788 3707 896 3787 tuerit,
928 3707 1004 3770 hina
1031 3704 1128 3771 iudex
1153 3705 1184 3768 in
1210 3703 1357 3769 eumdem

179 3826 280 3890 etiam
303 3827 467 3894 absentem
491 3851 677 3916 processum
709 3833 899 3897 continuare
930 3835 1042 3916 potest.
1077 3831 1171 3896 Ratio
1192 3836 1251 3910 est,
1284 3829 1360 3913 quia

273 4037 313 4109 (i)
332 4039 427 4100 Quoad
445 4042 689 4112 iurisprudentiam
709 4041 754 4096 SS.
775 4043 1038 4112 Congregationum
1050 4042 1078 4095 in
1096 4040 1274 4110 ephemeride
1288 4043 1360 4094 Acta

185 4147 212 4198 S.
233 4146 314 4200 Sedis
333 4155 446 4217 possunt
466 4151 570 4206 revolvi
592 4153 684 4222 priore
697 4151 847 4219 volumina,
866 4151 967 4223 quibus
991 4151 1176 4220 ephemeridis
1203 4151 1361 4205 moderator

179 4249 217 4304 cl.
228 4253 373 4324 Avenzini,
392 4257 532 4326 appositas
551 4259 652 4314 adiecit
671 4259 924 4314 animadversiones
943 4265 972 4315 et
990 4259 1163 4328 appendices.
1192 4258 1360 4327 Speciminis

181 4357 277 4431 gratia
295 4362 429 4416 nonnulla
447 4363 509 4418 loca
529 4364 721 4435 indigitsmus;
742 4383 839 4435 nempe
858 4367 892 4419 ci.
906 4367 960 4420 ool.
975 4365 997 4432 Ι,
1007 4383 1037 4437 p.
1053 4365 1109 4418 129
1122 4377 1147 4421 et
1160 4366 1236 4432 366,·
1249 4366 1304 4418 ool.
1321 4365 1355 4417 II

177 4487 208 4538 p.
230 4469 300 4536 137‚·
321 4469 375 4522 eol.
398 4469 453 4534 IX,
467 4489 497 4541 p.
518 4472 575 4524 414
595 4483 644 4526 etc.
