3350 5117
850 310 934 357 PARS
958 309 981 354 l.

808 593 923 661 01111
953 594 1014 659 111.

565 730 611 785 DE
630 730 835 786 ADVOCATlS
855 733 901 790 ET
920 732 1262 791 PROOURATORIBUS.

328 907 544 965 summarium.
563 938 597 951 —
615 910 659 965 98.
678 909 783 965 Horum
808 910 886 965 notio
909 910 1015 982 aliquid
1033 928 1179 968 commune
1197 909 1295 969 habet.
1312 941 1349 955 -
1367 912 1411 967 99.
1429 912 1503 969 Nam

413 1018 564 1071 advocatus
582 1018 626 1071 est
644 1016 751 1071 auxilio
767 1015 947 1085 litigantibus
964 1016 994 1071 in
1012 1016 1137 1072 iudiciali
1149 1017 1312 1089 quaestione
1325 1018 1499 1089 explicandae

409 1132 582 1197 procurator
600 1124 629 1178 in
648 1123 800 1195 explendis,
818 1125 930 1180 nomine
956 1126 1138 1196 litigantium,
1156 1128 1268 1182 actibus
1294 1144 1447 1199 processus.
1466 1158 1503 1171 -

416 1232 474 1285 100.
495 1234 653 1287 advocatus
671 1248 688 1285 a
705 1233 905 1287 iurisconsutto
923 1231 1134 1303 distinguendus
1146 1239 1198 1289 est.
1212 1264 1247 1277 -
1263 1235 1321 1290 101.
1334 1233 1420 1290 Notio
1432 1253 1501 1307 pro·

414 1334 551 1389 curatoris
574 1334 693 1391 ulterius
717 1336 882 1407 explicatur.
901 1364 937 1378 -
964 1336 1250 1392 1111111111111
1275 1346 1374 1409 suapte
1398 1340 1504 1391 natura

412 1442 570 1497 habendum
595 1447 638 1498 est
663 1444 704 1497 uti
729 1442 892 1498 distinctum
918 1445 954 1498 ab
977 1444 1070 1499 officio
1087 1444 1283 1515 procuratoris
1302 1442 1501 1499 -103.1ure

308 1572 316 1597 ι
415 1566 529 1605 romano
547 1551 743 1606 advocatorum
756 1569 857 1607 munus
875 1552 917 1606 uti
931 1553 1079 1623 publicum
1090 1558 1121 1608 et
1131 1554 1226 1609 nobile
1237 1553 1358 1609 officium
1371 1552 1502 1609 habitum

413 1659 464 1711 eet.
483 1684 521 1698 -·
542 1655 598 1709 104.
618 1656 771 1727 Progressu
791 1656 925 1727 temporis
942 1658 1029 1712 etiam
1047 1663 1258 1729 procuratorum
1270 1658 1390 1713 officium
1401 1658 1502 1729 pretti-

413 1780 477 1817 cum
495 1762 625 1818 effectum
645 1768 696 1819 est.

412 1924 466 1991 98.
491 1925 587 1991 Modo
611 1926 753 1993 succedit
775 1928 928 1993 tractatio
950 1927 990 1994 de
1013 1930 1160 2016 personis
1181 1931 1216 1993 in
1240 1927 1356 1993 iudicio
1370 1932 1500 2014 partem

323 2050 428 2115 minus
451 2049 661 2135 principalem
677 2050 886 2117 habentibus:
910 2056 944 2117 at
965 2052 1071 2139 primo
1086 2072 1193 2118 sermo
1217 2053 1258 2118 sit
1279 2051 1320 2118 de
1335 2050 1501 2119 advocatis

323 2173 653 2261 erumnosus
666 2175 839 2261 111111
862 2180 897 2242 et
918 2125 1181 2261 roboraris
1197 2124 1498 2263 rueme]

324 2297 476 2365 Officium
499 2298 647 2365 advocati
664 2298 871 2384 distinguitur
886 2302 1071 2366 necessario
1093 2320 1112 2365 a
1135 2301 1358 2385 procuratoris
1372 2297 1501 2375 officim

323 2422 379 2491 sed
402 2429 536 2511 propter
561 2442 672 2488 eorum
695 2421 886 2489 affinitatem
908 2425 1075 2509 utriusque
1098 2424 1261 2489 notionem
1283 2423 1377 2490 simul
1401 2442 1502 2509 expo-

322 2568 445 2621 nemus,
469 2552 580 2634 postea
602 2550 776 2633 separatim
800 2549 927 2614 illorum
951 2545 1092 2613 officium
1117 2549 1319 2634 explicaturi.

413 2668 466 2735 99.
492 2670 530 2733 ln
555 2668 669 2735 iudicio
686 2676 777 2734 actor
793 2674 825 2735 et
842 2690 918 2735 reus
933 2671 966 2734 in
984 2668 1105 2755 duplex
1121 2671 1284 2757 negotium
1301 2688 1502 2755 magnopere

323 2792 511 2859 incumbere
535 2791 669 2868 debent;

414 2917 445 3003 1)
468 2938 583 3004 nempe
606 2916 883 3011 inprobationem
898 2918 982 3004 [acti
997 2917 1164 2984 contendit
1178 2924 1286 2993 actor;
1311 2925 1343 2983 et
1365 2938 1442 2985 reus
1457 2921 1499 3012 ‚iu

323 3040 549 3107 refutationem
565 3040 788 3126 probationum
812 3047 845 3106 11
867 3042 1107 3119 instantiarum
1132 3046 1268 3127 uterque
1290 3061 1371 3107 vero
1395 3042 1444 3106 ius
1467 3045 1503 3105 11

321 3170 427 3255 legem
451 3170 603 3234 invocant
626 3170 659 3233 in
682 3169 847 3255 propriam
870 3174 1006 3255 partem.

411 3294 445 3381 2)
469 3300 535 3361 turn
560 3300 740 3361 actorium
766 3315 841 3361 reus
863 3294 1022 3361 iudicialis
1049 3316 1219 3381 processus
1249 3296 1370 3361 normis
1394 3298 1427 3360 et
1448 3314 1502 3359 or-

323 3419 538 3487 dinationibus
568 3420 756 3487 satisfacere
783 3418 909 3491 debent,
935 3426 969 3485 ut
998 3420 1173 3505 legitimam
1204 3421 1386 3484 instaurent
1415 3417 1500 3482 iudi·

323 3544 437 3611 cialem
461 3545 711 3610 contentionem.
736 3545 833 3628 Atqui
850 3548 1021 3627 utrumque
1036 3545 1199 3629 negotium
1216 3544 1342 3629 magnis
1364 3540 1502 3608 difficul-

321 3668 438 3733 tatibus
462 3666 653 3752 implicatur,
671 3669 704 3730 et
718 3666 911 3750 praesertim
934 3667 1081 3751 primum.
1099 3666 1230 3730 Revera
1244 3664 1390 3748 quamvis
1404 3668 1502 3729 actor

322 3814 386 3859 uon
410 3794 460 3859 ius
483 3792 692 3878 interpretari
716 3791 772 3855 sed
800 3790 919 3856 lactum
948 3789 1087 3876 probare
1117 3788 1242 3862 debeat,
1264 3792 1374 3853 tamen
1398 3790 1431 3854 in
1454 3789 1500 3853 fa·

322 3926 408 3985 ctum
431 3919 606 4003 proprium,
620 3918 699 3984 iuris
722 3917 1011 4003 praescriptionem
1035 3934 1179 4001 congrue
1200 3916 1353 3979 invocare
1376 3914 1500 3999 nequit,

322 4041 383 4105 nisi
406 4044 580 4125 cognoscat
602 4038 769 4121 trausacto
794 4036 1053 4123 correspondens
1075 4044 1172 4122 atque
1198 4035 1349 4101 iudicium
1378 4036 1498 4101 instau-

322 4184 400 4231 rans
423 4184 493 4229 eam
517 4166 645 4229 invocet
667 4166 749 4250 legis
776 4164 1013 4250 dispositionem
1036 4164 1122 4230 lacto
1145 4160 1429 4230 accommodatam.
1453 4197 1500 4209 —-

323 4288 445 4354 Deinde
475 4309 585 4354 coram
615 4288 720 4353 iudice
748 4294 779 4353 et
803 4308 860 4352 reo
891 4289 1142 4362 contradicente,
1166 4288 1270 4353 actori
1292 4288 1345 4351 ita
1375 4285 1499 4351 iactum

323 4414 549 4501 exponendum
569 4420 626 4488 est,
645 4428 679 4480 ut
701 4418 857 4500 appareat
878 4413 970 4496 facto
989 4415 1044 4481 ius
1066 4411 1331 4499 correspondere.
1346 4448 1389 4462 -
1405 4411 1499 4477 Idem
