3350 5117
523 308 566 355 un
591 307 729 356 16616116
754 305 1017 355 66616611611616
1290 285 1357 351 639

175 434 303 499 lationis
320 433 474 506 remedio,
495 436 746 518 praesumuntur
761 431 944 517 approbare
967 432 1160 516 sententiam
1176 431 1269 513 eique
1285 447 1357 493 con·

175 559 308 640 sentire,
332 559 379 623 uti
402 558 546 643 loquitur
567 576 642 640 cup.
666 557 718 632 15,
745 555 794 623 De
815 562 898 624 seat.
915 562 947 622 61
968 576 1008 623 re
1031 556 1101 622 iud.
1119 555 1160 637 X,
1177 561 1210 622 et
1231 574 1306 638 cup.
1323 552 1356 624 8,

176 685 227 751 De
249 685 374 770 appell.
398 685 435 750 ia
460 683 492 748 6.

266 807 341 874 662.
367 806 509 872 Proinde
532 779 708 872 auctoritas
732 807 779 871 rei
812 806 972 872 iudicatae
1002 807 1100 893 viget,
1124 805 1251 890 quaudo
1282 823 1357 870 sen-

176 933 279 998 tentia
299 931 515 1018 appellatione
539 932 676 1018 amplius
699 933 809 1016 impeti
834 952 900 996 666
931 938 1044 1017 661661.
1071 931 1254 996 Nonnullae
1277 949 1356 994 vero

177 1075 294 1121 causae
311 1075 472 1140 nunquam
497 1054 648 1121 dicuntur
662 1055 804 1119 transire
820 1055 853 1119 in
871 1075 940 1120 rem
956 1054 1139 1128 iudicatam,
1157 1057 1232 1140 quia
1247 1060 1356 1140 utpote

178 1183 246 1268 ipso
268 1181 340 1247 iure
366 1181 484 1254 nullae,
509 1183 605 1248 etiam
636 1181 859 1266 praeterlapso
883 1179 1049 1255 decendio‚
1075 1182 1255 1266 impugnari
1283 1200 1357 1265 pos-

177 1312 252 1372 sunt
275 1306 406 1390 querela
430 1305 596 1370 nullitatis.
621 1305 715 1370 Aliae
738 1325 818 1369 vern
843 1305 989 1389 quamvis
1012 1304 1149 1376 validae.
1173 1309 1281 1370 tamen
1304 1305 1356 1370 vel

176 1431 217 1496 ob
240 1432 435 1496 intrinsecos
457 1428 611 1502 delectus,
627 1430 681 1495 vel
701 1430 741 1495 ob
764 1450 858 1495 suam
882 1429 1054 1514 specialem
1078 1431 1283 1514 gravitatem,
1299 1432 1356 1495 uti·

177 1553 253 1617 liter
279 1553 518 1636 impugnantur,
542 1554 709 1635 postquam
742 1551 837 1613 etiam
863 1549 933 1632 quis
961 1568 1108 1634 congruo
1132 1549 1357 1634 appellationis

180 1681 325 1762 tempore
349 1673 468 1740 eisdem
491 1694 556 1739 uon
580 1674 824 1739 contradixerit.
848 1673 1024 1740 Videamus
1049 1661 1248 1740 enucleatius
1264 1693 1357 1758 quae

178 1820 253 1868 nam
277 1802 352 1868 sint.
423 1837 424 1840 ¹

267 1927 343 1994 663.
369 1928 448 1994 Gum
470 1927 582 2013 primis
599 1946 684 2016 ¹saue
708 1928 853 1992 transire
878 1945 944 1992 non
975 1930 1108 2011 possunt
1130 1925 1164 1990 in
1188 1945 1257 1990 rem
1281 1925 1359 1990 iudi·
1437 1907 1441 1916 ¹

177 2057 282 2118 catam
306 2050 486 2115 sententiae
509 2049 577 2134 ipso
601 2049 672 2114 iure
703 2048 822 2122 nullae,
849 2069 907 2114 seu
934 2047 1135 2114 substantiali
1160 2046 1288 2113 delectu
1310 2047 1357 2110 la-

178 2173 342 2252 borantes,
366 2173 440 2256 quia
464 2171 547 2256 quod
570 2171 692 2237 nullum
716 2177 766 2236 est
788 2171 914 2238 nullum
937 2169 1087 2256 producit
1111 2167 1268 2235 effectum.
1294 2170 1358 2235 Ve-

178 2293 236 2357 luti
260 2293 287 2357 si
310 2311 330 2356 a
353 2291 457 2356 iudice
480 2293 718 2376 incompetente
749 2294 876 2358 ratione
899 2291 1018 2359 obiecti
1048 2296 1104 2354 aut
1133 2289 1275 2376 prodas,
1299 2309 1359 2374 per

178 2419 243 2482 vim
266 2423 323 2483 aut
352 2418 429 2485 facti
461 2437 619 2501 errorem,
644 2419 696 2484 vel
728 2424 842 2486 contra
873 2419 955 2504 legis
986 2424 1133 2504 apertam
1160 2419 1357 2486 voluntatem

178 2541 412 2625 pronuntiatae
433 2541 566 2608 fuerint.
590 2542 680 2606 ‘l’unc
705 2561 764 2627 661
788 2542 954 2627 querelam
971 2542 1127 2608 nullitatis
1146 2542 1309 2609 obtinetur
1324 2548 1359 2609 ut

178 2665 288 2730 nullae
311 2664 529 2732 declarentur.

268 2793 342 2858 664.
368 2793 494 2858 Verum
517 2794 550 2856 iu
574 2791 637 2857 hoc
660 2793 859 2877 propositum
884 2794 1034 2857 revocari
1057 2791 1154 2860 debet
1177 2791 1260 2877 quod
1283 2814 1359 2858 non·

178 2917 258 2980 nulli
275 2916 508 2982 sententiarum
524 2914 669 2982 deiectus
686 2918 879 3002 praesertim
895 2899 936 2980 ad
951 2935 1139 3003 processum
1162 2920 1355 3002 spectantes.

178 3040 238 3104 etsi
261 3038 496 3121 substantiales,
513 3059 533 3104 a
556 3039 701 3124 partibus
724 3041 833 3104 sanari
852 3045 994 3126 possunt,
1012 3041 1130 3124 quique
1145 3059 1262 3126 reapse
1282 3061 1356 3106 cen-

178 3167 291 3228 sentur
314 3164 427 3244 sanati,
451 3165 478 3228 si
501 3164 588 3228 intra
611 3162 802 3229 decendium
831 3185 897 3229 non
925 3164 1024 3230 fuerit
1047 3164 1253 3250 appellatum.
1278 3165 1359 3230 Sunt

178 3285 328 3351 videlicet
356 3285 499 3352 delectus
530 3286 648 3352 bonum
678 3289 818 3372 partium
852 3288 1015 3373 privatum
1043 3288 1249 3371 attingentes,
1273 3285 1360 3350 dum·

179 3405 273 3472 modo
297 3426 363 3472 non
378 3413 493 3494 agatur
509 3405 549 3473 de
565 3407 709 3492 periculo
726 3409 863 3473 animae.
884 3409 956 3473 Hac
972 3407 1012 3473 de
1028 3427 1127 3473 causa
1142 3408 1211 3493 ipsa
1226 3408 1359 3492 querela

179 3530 336 3598 nullitatis
358 3532 446 3596 intra
472 3531 660 3598 decendium
685 3519 922 3619 interponenda
944 3539 1003 3615 est,
1027 3532 1155 3617 quando
1184 3553 1301 3618 nempe
1331 3535 1359 3598 si

178 3673 244 3718 non
267 3661 476 3741 proponatur,
493 3656 711 3741 praesumitur
735 3659 805 3740 quis
829 3659 1039 3723 renunciasse
1063 3659 1125 3722 iuri
1149 3658 1358 3743 oppositionis

179 3783 212 3842 et
234 3779 380 3846 defectus
403 3801 551 3858 sanasse;
567 3783 612 3848 ita
635 3781 763 3850 disserit
780 3780 1001 3858 Reiffenstuel,
1018 3782 1068 3848 De
1083 3789 1164 3849 seat.
1183 3789 1216 3848 61
1231 3803 1271 3850 re
1286 3784 1358 3851 iud.

178 3903 314 3984 6125,
339 3904 443 3970 citans
470 3904 581 3990 plures
603 3906 812 3971 auctoritates
842 3905 1074 3991 probatissimis
1106 3907 1234 3972 innixas
1265 3927 1359 3994 argu·

179 4029 313 4104 mentis;
338 4029 424 4096 uude
447 4036 576 4096 secutus
599 4029 758 4096 Abbatem'
781 4032 813 4095 in
838 4051 865 4097 c.
890 4031 1023 4096 iurauit
1052 4051 1086 4097 a.
1119 4033 1153 4112 5,
1181 4031 1232 4098 De
1254 4031 1357 4114 prob.

179 4155 269 4238 ponit
291 4155 447 4240 regulam,
472 4155 555 4239 quod
577 4153 636 4221 ubi
657 4155 777 4221 vitium
799 4156 984 4222 sententiae
1003 4175 1070 4239 per
1088 4161 1210 4240 partes
1232 4163 1280 4223 est
1301 4177 1357 4224 re-

44 4329 47 4336 .
178 4276 348 4359 mirabile,
379 4279 543 4346 sententia
574 4279 633 4344 illu
665 4285 816 4344 nauseat
847 4279 885 4345 ia
914 4299 989 4345 rem
1018 4279 1229 4364 iudicatam
1259 4300 1357 4348 secus

182 4401 280 4468 alias.
