3350 5117
336 295 403 360 500
862 314 946 361 raas
971 314 991 359 1.

338 460 487 522 examen,
505 441 586 506 alios
610 438 766 527 producet
788 445 888 505 testes
909 438 950 505 ad
966 438 1188 525 deponendum
1212 460 1310 525 super
1333 439 1445 505 iisdem
1460 460 1516 504 ar-

335 566 442 631 ticulis
465 567 565 651 partis
588 566 756 639 adversae,
780 564 832 629 vel
856 582 954 649 super
976 563 1048 628 aliis
1071 563 1129 649 (l).

424 691 500 757 485.
526 692 650 757 Verum
675 688 809 776 regulae
824 688 1009 775 prohibenti
1025 709 1126 753 novas
1142 690 1271 757 testium
1282 672 1515 774 'productiones

334 834 432 901 super
446 815 568 915 'iisdem
591 814 737 881 articulis
760 812 931 900 publicatis
953 812 1035 878 fiunt
1058 816 1282 899 exceptiones:

428 943 458 1029 1)
483 944 516 1007 in
541 960 614 1025 cap.
640 941 696 1015 48,
721 942 752 1005 b.
775 946 795 1005 t.
812 940 848 1006 X
852 960 866 1023 ,·
882 942 907 1004 si
925 959 1040 1025 nempe
1064 946 1159 1005 testes
1182 961 1225 1007 ex
1247 942 1369 1007 malitia
1391 942 1443 1008 vel
1458 962 1513 1007 ne

336 1067 492 1153 gligentia
523 1067 620 1132 iudex
651 1066 922 1153 praetermisisset
956 1066 1162 1151 interrogare
1191 1086 1290 1151 super
1316 1067 1462 1133 articulis
1492 1091 1514 1131 a

331 1197 425 1279 parte
449 1194 635 1279 propositis;

421 1316 455 1404 2)
479 1318 513 1383 in
536 1337 610 1400 cap.
635 1318 694 1383 ult.
719 1318 760 1399 X,
779 1316 831 1383 De
842 1316 953 1401 prob,
971 1316 1028 1400 (ΙΙ,
1045 1316 1110 1403 19),
1126 1338 1186 1403 pro
1209 1338 1286 1383 casu
1309 1338 1371 1402 quo
1394 1318 1510 1403 deper-

334 1440 400 1507 dita
428 1440 481 1506 vel
504 1440 603 1505 aliter
625 1441 715 1505 nulls
743 1445 851 1507 essent
881 1446 955 1505 acta
986 1460 1118 1506 causae:
1143 1446 1220 1506 tunc
1250 1444 1354 1529 repeti
1377 1450 1512 1529 possunt

331 1584 429 1650 super
452 1564 563 1629 iisdem
587 1563 734 1631 articulis
756 1564 884 1631 testium
909 1567 1129 1650 receptiones;

419 1686 452 1774 3)
477 1686 603 1771 quando
626 1686 724 1753 iudex
748 1688 787 1751 ad
812 1687 907 1752 dubia
930 1692 1047 1755 exorta
1069 1688 1273 1754 dissolvenda
1287 1695 1379 1776 putat
1401 1712 1510 1757 neces·

329 1816 450 1880 sariam
483 1814 578 1878 aliam
606 1815 735 1879 testium
772 1834 869 1899 super
904 1814 1015 1879 iisdem
1049 1815 1195 1881 articulis
1229 1816 1432 1889 auditionem.
1464 1838 1509 1885 ex

328 1956 403 2021 cap.
429 1936 481 2011 10,
506 1936 548 2018 X,
572 1937 622 2003 Dc
644 1938 712 2021 fide
734 1938 810 2003 inst.
835 1936 892 2016 (11,
916 1936 984 2018 22).

273 2038 278 2058 ⁸
417 2062 450 2147 4)
475 2063 611 2129 Licitum
635 2068 772 2129 estnon
795 2062 897 2127 solum
921 2061 1028 2135 iudici,
1045 2062 1100 2127 sed
1122 2070 1155 2128 et
1177 2066 1321 2149 partibus
1345 2069 1377 2131 in
1401 2071 1510 2133 causis

328 2209 394 2255 non
418 2188 660 2253 transeuntibus
682 2188 719 2253 in
740 2207 815 2254 rem
838 2187 1036 2268 iudicatam,
1060 2188 1171 2271 quales
1192 2195 1266 2254 sunt
1289 2210 1413 2257 cautae
1434 2212 1508 2259 ma-

328 2312 549 2385 trimoniales,
574 2331 699 2378 causae
722 2312 893 2395 supiiciter,
917 2330 992 2399 ary.
1017 2331 1091 2395 cap.
1116 2311 1175 2396 35,
1203 2314 1235 2379 b.
1253 2320 1272 2378 t.
1290 2315 1331 2395 X,
1354 2316 1435 2382 alios
1451 2321 1506 2383 rel

328 2439 458 2505 eosdem
482 2444 582 2505 testes
605 2458 702 2523 super
725 2438 835 2504 iisdem
860 2440 1008 2523 articulis
1035 2442 1137 2505 citare
1160 2442 1200 2506 ad
1230 2443 1358 2508 sincere
1387 2448 1509 2511 verita-

325 2568 390 2627 tem
415 2560 635 2647 detegendam.
654 2562 698 2625 nt
722 2561 880 2625 neminem
897 2560 986 2641 latet,
1001 2565 1124 2644 ,quanta
1138 2564 1426 2648 circumspectione
1441 2568 1507 2632 bu·

325 2684 461 2751 iusmodi
487 2683 714 2771 productiones
738 2684 926 2768 permittere
949 2681 1064 2747 debeat
1087 2683 1193 2757 iudex,
1218 2692 1400 2771 quantaque
1423 2710 1506 2773 prn-

325 2812 433 2877 dentia
456 2828 558 2875 novas
582 2810 801 2874 attestationes
824 2828 963 2893 pensare
991 2809 1118 2883 debeat;
1150 2828 1224 2873 nam
1255 2812 1280 2875 si
1304 2814 1506 2896 permittitur

324 2956 442 2999 novum
466 2933 647 2999 huiusmodi
678 2932 893 3017 periculosum
923 2934 1179 3017 experimentum
1211 2932 1251 2998 ob
1280 2936 1506 3001 extraordina-

323 3060 404 3121 riam
436 3057 555 3142 negotii
580 3056 781 3141 gravitatem,
799 3060 907 3119 umen
927 3054 1030 3119 latens
1053 3053 1176 3118 fraudis
1199 3056 1378 3140 periculum
1402 3058 1505 3124 iudex

320 3179 360 3244 ob
385 3178 494 3243 oculos
516 3198 618 3262 usque
641 3177 768 3243 babeat.

409 3302 444 3387 5)
468 3302 612 3385 Denique
636 3302 828 3365 enunciatur
851 3302 882 3364 in
901 3320 973 3383 cap.
992 3300 1050 3374 35,
1068 3300 1098 3363 h.
1124 3306 1144 3365 t.
1169 3300 1211 3376 X,
1228 3303 1428 3386 exceptionis
1443 3321 1504 3367 no-

288 3450 290 3456 ·
319 3424 427 3493 tabilis
450 3445 553 3491 casus.
578 3426 736 3491 Statuitur
760 3426 847 3489 enim
869 3423 953 3508 quod
975 3425 1003 3488 si
1026 3444 1069 3487 ex
1092 3423 1255 3509 prioribus
1268 3424 1436 3510 publicatis
1452 3435 1501 3491 at·

319 3550 542 3617 testationibus
566 3551 702 3615 resultet
724 3550 852 3635 aliquod
875 3550 953 3615 sacti
981 3550 1166 3616 adiunctum
1196 3570 1216 3615 a
1245 3551 1378 3617 testibus
1402 3552 1502 3617 unius

318 3677 419 3760 partis
430 3674 681 3769 comprobatum,
694 3672 747 3739 vel
759 3675 872 3739 saltem
885 3675 918 3737 in
932 3673 1068 3738 medium
1081 3674 1262 3756 adductum,
1276 3674 1360 3758 quod
1371 3696 1391 3740 a
1404 3685 1500 3761 parte

317 3799 456 3865 adversa
480 3799 661 3884 praevideri
686 3819 750 3863 non
774 3801 884 3884 potuit,
902 3820 1046 3884 quaeque
1069 3822 1155 3866 nunc
1179 3803 1318 3887 postrdat
1340 3802 1423 3867 idem
1441 3805 1498 3867 im·

316 3938 473 4004 pugnare,
498 3916 598 3983 iudex
621 3918 766 3985 admittat
789 3924 888 3984 testes
903 3940 1001 4005 super
1024 3919 1079 3985 illo
1099 3921 1245 4002 articulo,
1263 3921 1389 4005 quando
1412 3923 1499 3988 baec

405 4225 445 4293 (l)
465 4224 493 4278 Si
513 4224 547 4279 ad
567 4226 653 4281 testes
673 4226 820 4295 productos
840 4226 1038 4280 examinandos
1051 4244 1105 4280 una
1118 4228 1204 4281 sessio
1223 4244 1277 4281 non
1296 4228 1422 4295 sufficiat,
1436 4228 1495 4282 alie

315 4331 463 4386 habebitur
483 4337 512 4387 et
530 4332 597 4399 alia,
618 4332 790 4387 observando
809 4348 859 4403 pro
880 4332 992 4403 singula
1007 4334 1069 4387 vice
1093 4333 1285 4390 solemnitates
1302 4337 1402 4410 quibus
1420 4335 1494 4389 ordi·

314 4444 417 4491 nentur
436 4438 494 4492 dies
513 4444 542 4493 et
560 4438 638 4492 locus
657 4454 705 4507 pro
724 4437 879 4493 huiusmodi
899 4441 1034 4494 examine.
