3350 5117
305 296 350 362 76
714 323 717 329 ¹
830 320 915 368 rans
938 321 961 366 1.

397 439 491 505 caru.
519 441 566 506 ue
591 441 678 505 uua
701 440 788 519 (aa.
812 441 864 509 ae
886 442 963 508 rua.
988 444 1076 510 nea.
1100 446 1129 519 r,
1153 464 1188 509 a.
1212 417 1344 529 evea)
1368 446 1414 511 ua
1436 466 1487 513 re

305 562 441 649 spondet
465 564 656 647 quaestioni:
684 584 701 627 ιι
726 564 770 629 Et
792 566 939 649 quamvis
962 566 1073 651 plures
1096 587 1256 653 personae
1279 567 1395 653 alege
1417 570 1485 655 pri-

306 689 479 775 vilegiatae
506 695 590 764 sunt,
614 698 651 761 ut
680 692 801 758 iudices
834 693 867 757 in
897 694 1003 758 causis
1030 694 1171 779 propriis
1194 714 1266 759 esse
1288 695 1430 769 valeant,
1451 700 1488 761 ut

305 817 498 899 praesertim
522 822 597 881 sunt
620 820 760 902 supremi
785 820 949 903 principes
963 820 1083 904 fiscum
1098 820 1256 885 habentes
1273 821 1324 886 cui
1340 820 1404 885 hoc
1419 822 1486 907 pri·

306 937 460 1024 vilegium
484 938 682 1013 conceditur,
707 939 787 1006 adeo
811 945 847 1008 ut
869 942 954 1028 apud
978 943 1109 1028 vulgum
1133 964 1198 1008 una
1221 948 1254 1008 et
1277 944 1389 1009 eadem
1412 963 1488 1029 por·

305 1082 385 1127 sona
409 1066 553 1149 reputari
577 1066 679 1130 soleat
703 1065 815 1131 iudicis
839 1072 872 1134 et
893 1065 1016 1152 partis;
1040 1068 1147 1133 adhuc
1162 1075 1272 1133 tamen
1295 1071 1356 1135 ista
1377 1090 1487 1155 perso

266 1230 268 1235 -
307 1208 421 1253 narum
446 1188 607 1256 distinctio
631 1188 798 1257 verificari
813 1190 941 1264 dicitur,
955 1192 1008 1257 vel
1028 1193 1103 1277 quia
1118 1194 1271 1281 princeps
1286 1215 1351 1260 non
1375 1214 1435 1280 per
1450 1215 1486 1261 se

306 1313 420 1397 ipsum,
444 1314 500 1378 sed
524 1334 584 1399 per
607 1314 782 1380 tribunalia
812 1334 852 1379 ac
882 1316 1089 1400 magistratus
1112 1336 1133 1379 a
1156 1336 1191 1380 se
1214 1316 1381 1403 deputatos
1408 1316 1488 1383 iudi-

308 1460 385 1505 care
408 1440 499 1513 solet,
524 1441 577 1507 vel
601 1442 676 1526 quia
699 1440 752 1507 ubi
776 1442 873 1506 etiam
890 1461 950 1527 per
972 1462 1007 1507 se
1032 1442 1134 1528 ipsum
1151 1443 1230 1507 velit
1245 1442 1401 1523 iudicare,
1416 1445 1487 1509 eius

306 1560 454 1627 officialis
477 1563 530 1629 vel
554 1564 702 1629 minister
724 1564 850 1649 fiscalis
871 1568 983 1649 partes
1005 1565 1127 1629 actoris
1148 1562 1201 1630 vel
1225 1566 1274 1630 rei
1304 1567 1487 1651 respective

308 1688 475 1772 explicare
498 1688 625 1762 dicitur,
650 1690 742 1754 iuxta
764 1687 967 1773 frequentem
993 1688 1025 1751 in
1042 1689 1128 1753 omni
1145 1689 1216 1754 tere
1232 1690 1369 1754 materia
1384 1709 1485 1754 enun-

307 1810 424 1875 ciatam
448 1810 683 1878 distinctionem
706 1812 847 1897 plurium
871 1830 1083 1896 personarum
1107 1812 1292 1876 formalium
1315 1813 1349 1875 in
1374 1810 1487 1875 eadem

308 1954 447 2020 persona
470 1935 632 2001 materiali
655 1956 685 1999 ».
711 1935 781 2009 Qua
804 1954 848 1999 ex
870 1936 1076 1999 attestatione
1098 1933 1294 2006 deducimus,
1319 1934 1483 2020 principes

309 2054 420 2119 solitos
442 2054 543 2119 fuisse
566 2053 746 2119 huiusmodi
770 2056 1010 2119 controversias
1034 2054 1237 2118 committere
1251 2052 1410 2119 iudicibus
1431 2053 1485 2118 vel

307 2179 522 2247 tribunalibus
534 2180 573 2247 ad
587 2182 650 2246 hoc
662 2181 829 2266 deputatis,
845 2180 898 2245 vel
911 2182 996 2265 ipsos
1011 2199 1118 2264 perse
1131 2179 1298 2253 iudicasse,
1317 2179 1374 2245 sed
1388 2183 1487 2246 autea

308 2304 434 2381 auditis,
453 2318 485 2371 et
499 2307 707 2391 interrogatis
724 2304 989 2391 procuratoribus
1012 2306 1065 2388 qui
1089 2310 1199 2389 partes
1222 2305 1343 2369 actoris
1361 2304 1414 2369 vel
1438 2304 1487 2369 rei

308 2430 497 2514 supplerent
519 2432 552 2493 in
575 2428 702 2495 iudicio.
719 2464 762 2477 -
780 2428 872 2493 Haec
895 2431 944 2492 est
967 2427 1127 2494 historica
1143 2426 1337 2510 quaestionis
1360 2426 1486 2493 solutio.

309 2555 415 2619 Etiam
439 2556 471 2617 in
497 2555 594 2621 Curia
625 2556 771 2619 Romana
802 2552 977 2620 Pontifices
999 2573 1064 2618 non
1092 2520 1238 2619 dissimili
1262 2555 1388 2619 ratione
1411 2554 1488 2619 huic

307 2678 488 2747 difficultati
512 2682 753 2746 consuluerunt.

399 2805 462 2873 Sed
486 2806 613 2871 demum
636 2808 711 2891 quid
734 2784 814 2873 iuris
836 2806 877 2871 de
900 2808 1087 2890 quaestione
1110 2806 1284 2886 abstracta,
1305 2824 1347 2869 an
1370 2824 1488 2891 nempe

309 2933 461 3019 princeps
484 2950 542 2995 sua
564 2930 638 2994 iura
660 2929 900 3014 patrimonialia
921 2936 977 2994 aut
1000 2932 1073 2993 iura
1094 2929 1227 3027 fiscalia
1245 2929 1345 3013 possit
1367 2947 1427 3014 per
1450 2949 1486 2993 se

310 3054 485 3121 defendere
501 3060 533 3119 et
549 3050 714 3118 indicaret
727 3090 770 3103 -
783 3052 1074 3138 Schmalzgrueber
1090 3052 1151 3139 (tit.
1167 3051 1218 3117 De
1231 3050 1364 3124 iudicis,
1381 3072 1415 3117 a.
1433 3048 1489 3137 18)

308 3180 413 3243 citans
436 3177 546 3263 plures
568 3177 648 3242 alios
672 3176 846 3262 respondet
868 3176 1081 3261 affirmative,
1106 3178 1251 3260 quamvis
1273 3180 1403 3242 moneat
1425 3175 1489 3240 hoc

309 3302 465 3367 absonum
489 3321 559 3367 asse
583 3324 603 3365 a
625 3304 696 3366 iure
719 3302 874 3369 naturali.
898 3299 941 3350 —'
965 3300 1090 3365 Verum
1120 3300 1204 3365 haec
1233 3302 1399 3386 responsio
1423 3318 1489 3363 non

273 3425 275 3427 ’
312 3424 439 3490 videtur
455 3444 524 3489 rem
541 3421 701 3489 conficere
713 3443 727 3503 ;Ι
738 3424 893 3507 siquidem
910 3423 1050 3508 principi
1066 3442 1144 3509 sane
1160 3425 1209 3487 est
1225 3421 1490 3508 recognoscenda

312 3554 452 3634 potestas
475 3547 666 3634 expediendi
689 3548 785 3612 huius
808 3548 939 3632 generis
963 3548 1103 3633 negotia,
1128 3546 1208 3611 adeo
1232 3550 1267 3611 ut
1292 3548 1360 3632 ipse
1384 3545 1491 3611 edicat

310 3662 468 3758 quomodo
492 3674 746 3760 componendum
770 3676 811 3739 sit
833 3676 997 3760 negotium
1024 3674 1209 3758 litigiosum.
1234 3670 1298 3738 Sed
1327 3672 1410 3736 haec
1433 3670 1489 3734 de-

311 3800 389 3865 cisio
413 3804 462 3865 est
485 3819 526 3864 ne
542 3798 678 3865 dicenda
692 3818 773 3863 vere
788 3794 986 3864 iudicialis?
1010 3801 1160 3864 Iamvero
1184 3816 1249 3862 aon
1267 3801 1315 3861 est
1329 3794 1489 3861 iudicialis

309 3922 430 3988 decisio
446 3941 528 4005 quae
551 3921 657 3986 editur
680 3941 745 3986 non
768 3921 947 4007 praemissa
962 3921 1169 3985 contentione
1185 3921 1271 3986 inter
1294 3922 1439 3985 actorem
1457 3924 1492 3984 et

312 4066 403 4111 reum
427 4065 537 4112 coram
561 4045 674 4111 iudice.
699 4046 759 4111 Est
790 4044 911 4110 decisio
935 4045 1134 4130 simpliciter,
1159 4042 1437 4109 administrativa
1460 4046 1492 4108 et

309 4168 488 4235 eaeeauva
511 4188 567 4233 seu
590 4165 797 4233 declarativa
820 4166 909 4240 iuris,
931 4186 1013 4251 quae
1044 4166 1108 4231 erit
1138 4162 1308 4230 admodum
1331 4183 1436 4248 aequa
1459 4169 1493 4230 et

311 4292 404 4365 iusta,
429 4292 456 4356 si
478 4292 630 4376 princeps
653 4292 760 4355 omnia
783 4291 846 4356 rite
869 4294 902 4355 ei
924 4289 1025 4374 probe
1041 4288 1278 4355 examinaverit
1293 4292 1326 4351 et
1340 4287 1492 4353 aestima·

311 4416 412 4492 verit;
437 4414 493 4481 sed
513 4414 677 4481 scatentia
692 4414 863 4480 iudicialis
875 4414 1031 4499 appellari
1047 4433 1112 4477 non
1127 4417 1241 4497 potest.
1258 4448 1300 4459 —
1318 4412 1493 4478 Caeterum
