3350 5117
528 380 572 427 oa
595 379 734 427 runrcns
758 379 1023 429 accunsmsrrcrs
1307 361 1374 428 295

193 507 304 568 tamen
328 503 444 567 iniuste
466 503 611 588 petitum,
627 503 712 587 quod
734 505 761 568 si
784 523 850 569 non
873 511 1065 589 praestetur,
1091 508 1194 568 metus
1218 522 1282 568 non
1312 503 1373 568 tol-

193 626 284 692 litur.
310 629 391 693 Nam
414 628 466 693 his
489 630 523 693 in
546 627 705 694 adiunctis
735 650 829 695 nemo
854 649 919 695 non
945 631 1030 696 videt
1053 636 1182 712 metum,
1201 649 1269 713 per
1291 631 1375 696 acci·

194 751 281 817 dens
303 772 362 817 seu
385 771 428 816 ex
451 758 523 838 post
553 752 649 827 tacto,
674 772 713 818 eo
737 751 906 820 devenisse
929 759 965 820 ut
996 753 1160 842 infligatur
1182 755 1305 822 iniuste
1327 757 1374 822 ad

192 877 472 961 extorquendum
496 898 707 945 consensum.
733 880 824 946 Haec
843 851 900 945 'est
922 881 1046 966 species
1069 900 1143 964 cap.
1168 882 1187 945 1
1209 881 1239 946 lt.
1264 887 1297 964 t,
1322 883 1375 948 cui

194 1002 337 1066 maxime
359 1003 508 1068 innititur
530 1002 823 1089 Sohmalzgrueber
838 1004 859 1068 t.
878 1023 904 1069 c.
921 1003 978 1068 sed
1000 1005 1070 1070 eius
1093 1007 1284 1070 sententiam
1308 1025 1373 1070 non

192 1125 325 1190 ridetur
348 1127 511 1192 evincere.
536 1129 617 1194 Nam
640 1133 754 1194 nostra
775 1131 921 1214 quaestio
945 1135 1003 1210 est,
1027 1149 1068 1194 an
1092 1129 1200 1194 valeat
1215 1135 1306 1194 actus
1320 1150 1373 1216 po

193 1251 276 1314 situs
307 1249 349 1314 ad
378 1251 562 1317 evitandum
598 1259 716 1318 metum
752 1254 886 1326 iniuste,
911 1252 966 1318 sed
997 1252 1037 1318 ad
1065 1253 1152 1318 hunc
1176 1259 1283 1322 actum
1314 1275 1372 1320 ex-

192 1372 410 1456 torquendum
433 1376 608 1442 nullimode
627 1377 806 1453 incussum;
823 1381 937 1462 utputa
960 1378 986 1442 si
1011 1376 1105 1443 Gaius
1128 1377 1248 1442 Maeuii
1275 1373 1372 1442 tiliam

193 1493 292 1560 ducat
312 1494 355 1559 ob
378 1496 464 1562 illius
486 1517 605 1609 graues
627 1499 730 1564 minas
749 1497 906 1578 vitandas,
930 1499 1035 1564 illatas
1058 1497 1098 1562 ad
1121 1500 1290 1584 pecuniam
1313 1518 1373 1564 ex-

192 1621 418 1704 torquendam.
443 1623 486 1689 Et
508 1624 541 1687 in
564 1624 627 1688 hac
651 1622 843 1688 resolvenda
867 1625 1054 1706 quaestione
1076 1643 1195 1689 revera
1218 1625 1373 1689 Doctores

194 1761 262 1810 non
285 1747 492 1820 conveniunt,
515 1752 550 1811 at
572 1747 773 1812 communior
795 1747 957 1811 sententia
978 1744 1127 1818 affirmat,
1151 1751 1258 1811 actum
1278 1747 1374 1830 plene

192 1868 307 1934 valere
330 1889 392 1935 nec
408 1891 479 1936 esse
495 1871 749 1947 rescindibilem;
774 1870 816 1936 cf.
833 1871 866 1938 S.
880 1871 1075 1959 Alphonsus,
1086 1873 1140 1953 Vl,
1156 1893 1191 1938 n.
1208 1871 1299 1936 1649
1314 1870 1372 1958 (1).

195 1993 333 2060 Notetur
364 2001 482 2062 metum
511 1999 663 2063 iniustum
686 2017 758 2063 esse
788 1997 909 2063 debere
932 1997 1035 2082 quoad
1058 1996 1290 2080 substantium,
1308 2019 1372 2064 non

193 2118 393 2186 solummodo
415 2121 520 2205 quoad
542 2124 693 2202 modum,
710 2123 785 2205 quia
807 2121 982 2187 secundum
1006 2121 1264 2202 rei'oeritotern,
1277 2141 1371 2206 quam

194 2262 340 2308 canones
361 2264 434 2309 cum
458 2247 570 2330 primis
593 2245 772 2326 attendunt,
785 2245 970 2312 huiusmodi
992 2250 1097 2314 metus
1127 2247 1227 2310 iustus
1257 2252 1315 2318 est,
1340 2250 1373 2310 et

194 2369 249 2450 qui
273 2370 357 2435 iuste
379 2374 498 2434 metum
519 2373 650 2456 patitur,
663 2391 706 2436 ex
722 2371 743 2435 l.
760 2371 814 2452 21,
829 2373 866 2456 ff.
887 2370 982 2442 Quod
995 2376 1103 2436 metus
1120 2389 1240 2444 causa,
1261 2391 1279 2432 ‹
1294 2371 1374 2454 Ipse

191 2491 258 2559 stoi
279 2499 407 2559 metum
429 2494 534 2579 insert
556 2517 574 2557 »
601 2495 656 2580 (2).

285 2617 419 2684 Domum
441 2620 467 2683 si
496 2617 633 2684 iudicari
662 2618 779 2685 debeat
801 2639 962 2704 quaenam
987 2641 1029 2686 ex
1059 2618 1183 2686 duabus
1206 2621 1373 2686 sententiis

192 2743 430 2810 doctrinaliter
445 2743 594 2808 videatur
608 2745 715 2830 potior
730 2749 764 2809 et
785 2743 994 2829 probabilior,
1012 2765 1090 2810 sane
1105 2745 1207 2832 magis
1224 2751 1273 2810 est
1288 2747 1373 2830 prin·

193 2869 287 2952 cipiis
310 2868 486 2934 conformis
501 2871 661 2934 sententia
683 2889 816 2954 negans,
834 2875 925 2934 actus
946 2869 1064 2953 positos
1087 2866 1144 2934 sub
1168 2872 1254 2933 metu
1278 2869 1371 2953 gravi

193 2991 313 3056 iniusto
336 2991 393 3058 sed
416 3013 480 3057 non
504 2993 695 3058 inconcusso
718 2991 758 3057 ad
782 3012 836 3058 eos
861 2991 1110 3076 extorquendos,
1134 3011 1205 3057 esse
1228 2997 1284 3056 aut
1304 2993 1373 3076 ipso

193 3117 267 3181 iure
291 3115 397 3182 nullos
419 3122 475 3183 aut
497 3116 728 3184 rescindendos
750 3118 791 3183 ad
815 3118 1000 3182 instantiam
1017 3115 1111 3192 laesi;
1136 3116 1210 3200 quia
1233 3115 1316 3200 quod
1331 3116 1371 3182 ad

192 3236 285 3301 illum
308 3243 415 3304 actum
438 3243 543 3305 metus
561 3259 675 3326 reapse
697 3261 762 3305 non
787 3240 980 3326 intelligitur
995 3239 1117 3315 factus;
1142 3243 1175 3304 et
1197 3244 1246 3304 est
1261 3257 1371 3306 secun·

192 3361 270 3426 dum
294 3362 468 3428 humanam
491 3368 641 3428 naturam
657 3365 702 3428 uti
727 3364 887 3429 electione
909 3363 1044 3429 alicuius
1067 3361 1162 3427 medii
1185 3363 1225 3428 ed
1248 3362 1373 3448 tugien-

190 3483 268 3550 dum
285 3485 404 3550 malum
420 3485 502 3552 iuste
524 3487 593 3550 sive
615 3485 733 3552 iniuste
747 3505 887 3572 passum.
904 3486 947 3550 Et
962 3485 1045 3551 haec
1067 3504 1228 3550 canonum
1242 3484 1373 3550 videtur

282 3752 324 3822 (1)
342 3753 414 3814 Quia
437 3751 507 3808 haec
525 3753 654 3825 quaestio
672 3754 785 3823 gravior
804 3757 848 3808 est
867 3769 917 3823 pro
942 3753 1060 3808 materia
1081 3749 1289 3817 matrimoniali,
1309 3767 1370 3804 oum

191 3860 230 3914 cl.
249 3859 391 3929 Gasparri‚
410 3862 452 3916 De
469 3871 545 3928 mat„
564 3843 603 3927 tl,
626 3861 682 3914 821
701 3861 877 3915 advertetur:
897 3878 913 3912 ι
933 3859 1031 3915 Stante
1056 3857 1108 3912 hac
1133 3859 1329 3924 controversia,
1346 3859 1369 3910 si

190 3972 295 4038 agatur
312 3967 347 4021 de
365 3968 544 4023 matrimonio
561 3968 689 4036 ineundo,
703 3984 844 4039 nunquam
863 3967 1043 4037 permittitur,
1057 3970 1088 4020 ut
1106 3965 1211 4020 clarum
1231 3971 1282 4032 est,
1300 3966 1321 4019 si
1337 3967 1371 4020 de

191 4074 374 4128 matrimonio
392 4079 547 4141 contracto,
566 4075 679 4130 interim
697 4079 787 4130 stetur
806 4091 857 4145 pro
876 4074 953 4130 illius
971 4073 1127 4139 validitate,
1137 4073 1222 4128 donec
1241 4072 1267 4126 S.
1288 4071 1372 4126 Sedes

191 4176 270 4231 aliud
288 4193 344 4231 non
363 4176 585 4231 declaraverit».

281 4283 323 4351 (2)
343 4281 449 4337 Saltem
468 4283 548 4336 iuxta
566 4282 703 4337 veriorem
721 4281 905 4348 senteutiam
926 4282 960 4335 ci.
981 4279 1152 4335 D'Annibale
1172 4281 1190 4332 l.
1210 4297 1232 4334 c.
1252 4279 1323 4333 Nam
1342 4279 1371 4333 in

191 4404 249 4444 nou
263 4386 399 4442 servando
412 4391 521 4442 tantum
533 4390 614 4442 modo
634 4387 778 4455 petitionis
790 4392 841 4442 aut
854 4387 1007 4443 exactionis
1020 4403 1074 4441 non
1088 4385 1208 4441 laeditur
1220 4387 1327 4441 iustitia
1336 4403 1369 4440 ea

189 4495 375 4565 rationeque
393 4495 513 4550 diximus
531 4495 669 4550 contineri
686 4510 796 4549 emnem
816 4494 983 4549 iniustitiam
1002 4499 1101 4549 metus.
