3350 5117
318 280 384 348 148
842 301 926 359 rans
950 303 973 349 r.

318 422 554 488 demnationem
572 423 619 487 rei
632 421 673 487 ad
688 442 807 511 poenas
823 424 1020 509 corporales,
1033 443 1112 508 quas
1124 445 1185 491 nee
1197 432 1391 511 procurator
1401 426 1495 491 luere

315 546 405 612 valet
435 566 577 631 quasque
606 546 836 611 condemnatus
862 546 971 612 subire
996 546 1124 633 refugit,
1148 547 1209 613 sibi
1235 548 1314 633 fuga
1344 554 1399 614 aut
1429 548 1496 614 alia

316 670 444 738 ratione
460 666 656 735 consulendo
671 666 713 733 ad
728 668 911 733 evadendas
925 687 1040 734 manus
1055 668 1177 735 iudicis.
1187 706 1231 720 -
1245 671 1322 736 lure
1338 672 1494 737 canonico

314 790 474 856 hodierno
497 790 615 856 nullius
637 792 788 856 momenti
812 791 941 857 videtur
964 788 1143 866 difficultas,
1161 794 1236 877 quia
1258 794 1292 857 in
1316 792 1388 859 loro
1410 792 1492 858 eccl.

322 939 388 984 non
404 918 522 986 dantur
537 938 659 1005 poenae
684 920 797 1005 capitis
812 926 844 985 et
860 920 1091 986 carcerationis
1114 940 1197 1005 quae
1220 922 1353 1005 exigant
1370 938 1494 1004 persc-

314 1046 429 1111 nalem
453 1047 686 1119 executionem,
708 1045 764 1110 sed
778 1048 862 1113 aliae
884 1046 1079 1113 adhibentur
1100 1047 1138 1112 ia
1162 1046 1257 1113 bonta
1277 1046 1492 1121 condemnati,

316 1173 541 1237 executionem
555 1170 735 1237 obtinentes
750 1172 846 1236 etiam
862 1177 978 1237 contra
993 1177 1224 1245 contumacem,
1241 1192 1299 1236 seu
1313 1171 1492 1254 absentem,

318 1300 354 1361 ut
376 1300 452 1361 sunt
473 1315 597 1381 poenae
620 1296 846 1382 suspensionis,
869 1298 1060 1381 privationis
1083 1294 1241 1370 beneficii,
1266 1297 1366 1378 exilii,
1391 1302 1424 1362 et
1445 1317 1493 1363 se-

315 1420 492 1506 parationis
505 1420 609 1504 quoad
623 1426 730 1487 torum
743 1425 775 1486 et
787 1420 1055 1486 cohabitationem
1069 1422 1102 1486 in
1116 1422 1253 1487 crimine
1267 1420 1417 1486 adulterii
1430 1416 1487 1505 (l);

317 1542 365 1607 uti
389 1546 483 1607 cavet
506 1541 660 1607 Pontifex
683 1543 715 1606 in
739 1560 815 1625 cop.
831 1542 856 1608 5
873 1540 903 1606 h.
922 1541 968 1607 tit.
985 1540 1035 1607 De
1056 1559 1151 1624 proc.
1171 1542 1206 1605 X
1210 1561 1225 1624 ;
1247 1542 1403 1626 siquidem
1427 1542 1491 1607 hae

315 1688 440 1756 poenae
464 1667 532 1733 siue
555 1672 726 1752 praesente
749 1669 816 1733 sive
840 1667 973 1733 absente
989 1685 1046 1732 reo
1061 1686 1190 1752 semper
1204 1666 1245 1732 ad
1264 1666 1490 1732 executionem

313 1792 461 1863 mandari
483 1796 625 1879 possunt.
646 1828 690 1842 —
715 1794 786 1857 Hoc
808 1794 950 1878 pertinet
964 1791 1005 1856 ad
1021 1792 1127 1856 forum
1144 1791 1427 1865 Ecclesiasticum;
1444 1790 1490 1854 fo·

312 1938 385 1983 rum
409 1938 489 1983 vero
511 1916 679 1983 saeculare
701 1916 786 2001 quod
808 1922 947 2002 spectat,
971 1914 1110 1981 sufficiat
1135 1916 1282 1989 innuere,
1305 1914 1402 1979 hodie
1425 1933 1490 1979 am·

311 2039 395 2125 plius
410 2058 474 2103 non
497 2040 610 2124 vigere
625 2058 756 2104 normas
770 2053 942 2123 processus
963 2037 1108 2123 poenalis
1130 2038 1202 2102 iure
1230 2054 1364 2101 romano
1394 2034 1488 2100 indu·

312 2166 398 2244 ctas,
423 2161 462 2227 ob
494 2164 693 2227 immutatum
724 2166 866 2247 systema
888 2161 1041 2245 poenale;
1065 2164 1099 2225 at
1122 2157 1250 2223 firmum
1272 2157 1490 2244 permansisse

312 2288 516 2373 principium,
533 2287 657 2353 scilicet
679 2286 803 2353 admitti
825 2293 903 2353 tunc
919 2306 1012 2372 posse
1031 2289 1287 2372 procuratorem,
1305 2284 1432 2369 quando
1455 2289 1490 2352 et

309 2418 468 2497 quatenus
491 2412 643 2477 iudicium
665 2416 722 2477 aut
744 2412 812 2496 ipsa
828 2408 1052 2476 condemnatio
1074 2411 1108 2474 in
1131 2428 1257 2475 cassum
1281 2406 1399 2473 exinde
1421 2426 1488 2473 nou

309 2536 437 2603 cedant.

401 2662 475 2728 118.
500 2664 544 2728 At
565 2664 615 2753 ips
638 2682 806 2728 commune
825 2654 926 2759 iudici
949 2662 1106 2763 permittit
1132 2661 1364 2745 aliquantisper
1394 2660 1487 2725 cohi-

284 2766 388 2853 bere
411 2788 460 2853 ius
488 2789 626 2876 partium
657 2787 773 2873 agendi
804 2793 860 2852 aut
890 2786 1106 2871 respondendi
1135 2806 1195 2872 per
1225 2791 1486 2875 procuratorem.

309 2910 389 2975 Nam
412 2910 439 2974 si
462 2911 648 2975 necessaria
661 2888 710 2974 ¹sit
731 2909 785 2975 vel
807 2908 976 2974 admodum
1008 2880 1189 2993 opportuna
1217 2909 1359 2993 partium
1390 2926 1485 2992 prae·

307 3035 422 3108 sentia,
447 3034 544 3100 iudex
567 3034 722 3099 decernet
745 3039 780 3098 ut
801 3039 911 3119 partes
926 3033 1142 3119 personaliter
1164 3032 1198 3097 in
1221 3033 1338 3099 iudicio
1354 3054 1486 3121 compa·

306 3164 418 3236 reant;
443 3160 589 3244 quamvis
611 3163 842 3245 procuratores
860 3159 913 3224 rel
936 3158 1109 3224 advocatos
1125 3177 1235 3224 secum
1250 3158 1423 3233 adducere,
1440 3178 1485 3225 ex

304 3284 379 3366 hoc,
404 3303 469 3349 non
491 3283 725 3370 prohibeantur
748 3290 868 3369 partes.
893 3320 937 3333 -
960 3282 1160 3349 Praesertim
1186 3285 1220 3348 in
1242 3285 1348 3349 causis
1370 3285 1484 3348 matri-

306 3405 498 3490 monialibus
522 3406 561 3471 de
577 3408 779 3492 separatione
801 3406 865 3471 tori
888 3411 921 3470 et
943 3405 1198 3478 cohabitationis,
1223 3403 1264 3469 de
1287 3404 1484 3469 matrimonii

305 3534 580 3599 consummatione
603 3533 657 3597 vel
680 3533 720 3597 de
742 3532 855 3597 valore
870 3533 1000 3605 vinculi,
1018 3534 1157 3619 partium
1173 3532 1358 3616 praesentia
1381 3533 1415 3614 in
1437 3534 1486 3597 iu·

303 3657 388 3723 dicio
418 3657 570 3723 facillime
602 3658 786 3722 necessaria
816 3657 870 3722 vel
900 3662 1140 3742 peropportuna
1170 3675 1241 3721 esse
1268 3662 1387 3740 potest:
1418 3655 1484 3721 cfr.

302 3804 331 3849 a.
359 3803 387 3851 c.
411 3784 454 3848 ,14
482 3782 532 3850 De
561 3783 632 3849 iud.
656 3782 691 3849 X
710 3782 767 3867 (11,
793 3781 838 3868 1);
863 3789 896 3849 et
925 3783 1025 3850 &De
1054 3784 1125 3850 iud.
1157 3784 1194 3849 in
1225 3780 1329 3850 aem.
1353 3782 1410 3869 (ll,
1438 3782 1483 3865 1);

396 3993 437 4065 (Ι)
456 3994 593 4049 Nimirum
612 4011 697 4065 quum
715 3992 749 4049 de
767 3993 905 4051 adulterio
923 3993 1075 4065 quaeritur,
1095 4008 1150 4047 non
1168 4010 1224 4065 qua
1242 3996 1285 4047 est
1303 3993 1409 4048 crimen
1428 4010 1484 4063 pu-

301 4095 376 4150 blica
395 4112 485 4166 poena
503 4095 701 4164 mulctandum,
720 4098 749 4149 at
768 4094 837 4150 haec
861 4095 942 4149 mixti
966 4095 1018 4149 fori
1044 4099 1088 4150 est
1106 4110 1198 4160 causa,
1216 4110 1300 4165 quam
1321 4092 1403 4149 bodie
1420 4096 1482 4150 fare

301 4199 406 4270 ubique
425 4199 508 4255 iudex
527 4200 615 4263 laicus
633 4198 705 4253 solet
727 4215 944 4269 praeoccupare;
963 4199 1011 4255 sed
1035 4198 1146 4270 quando
1163 4199 1198 4254 da
1216 4198 1353 4253 adulterio
1372 4198 1402 4252 iu
1419 4198 1482 4253 foro

300 4307 369 4363 eccl.
390 4308 494 4378 agitur,
513 4307 547 4362 ad
566 4309 610 4361 ius
634 4308 867 4377 comprobandum
879 4308 909 4363 in
922 4313 1001 4378 parte
1025 4309 1175 4363 innocente
1194 4324 1244 4379 pro
1267 4308 1321 4362 tori
1345 4312 1375 4364 et
1393 4306 1479 4362 coha-

300 4412 452 4469 bitationis
469 4412 643 4468 dissolrenda
661 4412 868 4467 consuetudins.
