3350 5117
320 315 412 381 570·
597 332 606 351 ⁹
846 338 930 387 raas
955 339 976 385 1.

319 458 502 541 rescriptis,
515 458 550 522 X
563 457 601 543 (Ι,
615 458 664 535 3l;
681 456 780 523 iudex
794 458 969 543 aliquando
984 459 1144 526 adversus
1158 480 1258 527 rcum
1270 466 1501 529 contumacem¹

319 580 360 645 ad
383 582 568 649 instantiam
591 586 721 664 actoris,
745 583 832 649 valet
855 584 960 669 potius
987 604 1082 669 quam
1105 590 1249 651 actorem
1273 586 1306 649 in
1329 586 1499 671 possessio·

318 728 393 773 nem
417 730 460 775 ex
477 711 595 792 prime
618 712 671 776 vel
693 713 842 779 secundo
874 712 1008 777 decreto
1032 714 1215 787 immittere.
1240 714 1420 779 decernere
1446 734 1497 779 se-

319 834 578 915 questrationem,
596 834 723 918 quando
740 834 801 901 hoc
817 840 909 921 putet
924 835 1109 921 expediens,
1126 838 1258 903 attentis
1274 839 1324 903 rei
1339 838 1501 924 litigiosae

319 956 471 1039 qualitate
495 962 528 1021 et
549 959 670 1023 actoris
692 959 832 1044 ingenio.

409 1081 442 1165 4)
466 1083 504 1146 ln
528 1101 602 1165 cop.
618 1083 679 1164 27,
695 1083 745 1150 De
768 1086 905 1167 appell„
930 1085 965 1151 X
985 1083 1119 1171 (11.28)
1143 1085 1332 1153 decernitur
1347 1084 1497 1152 beneficii

318 1209 529 1289 sequestratio
554 1213 668 1274 contra
692 1208 846 1276 clericum
874 1232 940 1275 nou
964 1211 1159 1277 residentem
1183 1216 1216 1277 et
1238 1212 1453 1298 appellantem
1477 1232 1502 1277 a

317 1328 449 1395 decreto
472 1351 546 1395 eum
569 1331 609 1396 ad
633 1331 848 1413 residendum,
873 1339 1022 1419 cogente.

407 1453 441 1539 5)
466 1454 504 1517 ln
527 1474 565 1519 re
588 1456 815 1520 matrimoniali
838 1453 874 1521 flt
894 1456 1090 1539 impropria
1113 1458 1325 1539 sequestratio
1350 1474 1501 1542 praeser-

317 1578 374 1642 tim
397 1579 430 1643 in
454 1598 594 1663 persona
611 1582 724 1646 uxoris
746 1580 883 1665 quando,
908 1580 1068 1666 pendente
1092 1582 1148 1647 lite
1172 1602 1270 1667 super
1291 1580 1404 1646 valore
1427 1600 1499 1645 ma-

315 1701 467 1775 trimonii,
490 1704 667 1768 timeantur
689 1704 844 1770 saevitiae
867 1705 929 1769 viri
954 1706 987 1770 in
1011 1706 1189 1779 mulierem,
1207 1705 1258 1770 vel
1283 1706 1435 1771 timeatur
1454 1725 1501 1770 ne

316 1843 442 1908 sponsa,
457 1824 496 1889 de
520 1827 610 1891 cuius
641 1827 835 1892 matrimonii
859 1826 972 1891 valore
1003 1830 1120 1913 agitur,
1144 1828 1329 1892 violentiam
1353 1828 1498 1911 patiatur

316 1951 371 2011 aut
394 1956 630 2033 corrumpatur.
655 1950 747 2014 Tunc
762 1948 925 2015 custodiae
942 1970 1049 2022 causa,
1071 1952 1141 2037 ipsa
1163 1970 1321 2036 personae
1337 1951 1500 2015 honestae

315 2071 368 2136 vel
392 2072 505 2137 melius
522 2072 680 2157 religiosis
695 2073 844 2138 foeminis
860 2074 893 2137 in
910 2076 1104 2139 monasterio
1120 2074 1260 2139 traditur
1275 2072 1496 2139 custodienda.

315 2194 364 2260 ef.
389 2198 898 2283 c.e.14‚oesp0ns.,X(1v,
925 2200 975 2284 1);
999 2200 1050 2274 14,
1077 2200 1130 2267 De
1149 2200 1259 2284 prod„
1279 2200 1313 2267 X
1337 2201 1393 2279 (ΙΙ,
1421 2200 1496 2287 19);
1559 2195 1562 2200 ’
1665 2270 1666 2295 χ

315 2328 349 2389 et
364 2323 395 2395 8,
414 2322 468 2395 13,
486 2324 535 2389 Dc
557 2330 634 2390 rest.
650 2325 795 2408 spoliat,
811 2327 848 2391 X
860 2326 917 2413 (ΙΙ,
937 2326 1001 2412 13).
1141 2406 1142 2409 ¹

404 2448 480 2513 585.
495 2450 549 2515 lsti
567 2469 660 2515 casus
683 2450 946 2530 demonstrative
961 2468 1026 2515 non
1051 2450 1200 2517 tarutius
1215 2449 1437 2535 indigitantur,
1451 2469 1497 2517 ex

314 2570 428 2655 quibus
450 2572 585 2658 proinde
609 2572 796 2639 deducenda
811 2579 861 2641 est
878 2578 960 2640 ratio
977 2574 1140 2661 generalis
1159 2576 1191 2639 in
1208 2577 1416 2661 propositum,
1433 2595 1494 2641 seu

314 2714 425 2759 ornnes
450 2715 502 2760 res
526 2701 753 2762 controversas
769 2699 837 2762 'sive
862 2699 1048 2784 corporales
1065 2699 1133 2764 sive
1150 2700 1372 2784 incorporales
1390 2698 1493 2764 veluti

313 2819 395 2890 iura,
420 2839 474 2895 res
496 2818 630 2885 mobiles
661 2826 693 2886 et
724 2820 910 2894 immobiles,
943 2822 1096 2906 profanas
1118 2826 1150 2885 et
1172 2841 1293 2902 sacras,
1313 2828 1495 2905 sequestra·

313 2942 390 3007 tioni
415 2962 458 3007 ex
480 2942 592 3008 iudicis
615 2942 747 3010 decreto
771 2946 907 3031 supponi
934 2964 1037 3029 posse,
1062 2944 1231 3011 dummodo
1255 2945 1318 3010 hoc
1342 2964 1496 3011 necessa·

313 3064 398 3131 rium
428 3067 469 3131 sit
498 3066 539 3131 ad
562 3086 632 3131 rem
662 3068 834 3153 litigiosam
866 3069 1027 3153 integram
1051 3074 1083 3132 et
1109 3073 1210 3134 tutam
1234 3068 1493 3133 conservandam

312 3186 509 3273 dispositioni
539 3185 722 3255 definitivae
751 3190 941 3254 sententiae.
972 3223 1017 3237 -
1040 3189 1275 3255 Verumtamen
1310 3190 1344 3255 in
1376 3208 1493 3273 seque-

311 3313 453 3379 strandis
476 3315 575 3381 certis
599 3312 706 3395 rebus,
729 3333 790 3399 pro
819 3313 937 3379 harum
960 3318 1077 3379 natura
1099 3314 1255 3399 speciales
1279 3314 1495 3399 requiruntur

312 3440 467 3506 cautelae.
496 3440 548 3505 lta
577 3440 617 3505 de
647 3439 886 3523 sequestrandis
920 3438 1094 3521 beneficiis,
1126 3458 1302 3524 eorumque
1331 3438 1493 3506 fructibus

311 3563 394 3629 haec
416 3568 610 3629 statuuntur.
754 3646 759 3655 Ι

401 3687 433 3754 Si
449 3687 511 3753 duo
524 3688 721 3753 contendant
735 3689 832 3771 apud
847 3688 982 3755 curtam
997 3708 1180 3755 romanam
1195 3690 1235 3756 de
1250 3687 1407 3755 beneficio
1419 3689 1493 3753 ani-

309 3831 436 3876 marum
460 3830 572 3875 curam
594 3809 744 3885 habente,
768 3814 801 3875 et
823 3810 984 3875 sententia
1006 3809 1122 3877 edatur
1145 3812 1303 3876 adversus
1330 3830 1495 3897 possesso·

311 3943 436 4008 ramat
450 3936 505 4001 hic
516 3936 665 4022 appellet,
677 3935 731 4000 vel
743 3936 949 4020 provocando
965 3956 986 4001 a
1000 3936 1105 4001 iudice
1117 3935 1264 4022 delegato
1280 3934 1322 4001 ad
1339 3937 1495 4023 delegan-

310 4068 375 4128 tem
389 4063 481 4128 Rom.
496 4057 697 4143 Pontificem,
705 4060 758 4126 vel
771 4061 944 4127 obtinendo
955 4061 1146 4129 beneficium
1159 4082 1268 4131 aecae
1280 4062 1494 4149 audientiam

310 4190 440 4254 interim
461 4208 482 4253 a
496 4187 602 4253 iudice
624 4186 790 4252 ordinario
805 4185 998 4254 beneficium
1018 4194 1185 4273 sequestro
1201 4188 1424 4275 deponendum
1441 4194 1495 4255 est

308 4309 392 4396 apud
415 4309 563 4394 aliquem,
576 4308 630 4392 qui
646 4328 790 4394 congrue
813 4310 992 4377 satisfaciat
1014 4310 1166 4377 oneribus
1189 4308 1346 4383 beneficii,
1364 4312 1491 4377 restitu-

308 4441 401 4501 turus
416 4436 551 4515 fructus,
567 4433 714 4500 detracta
729 4435 797 4499 eius
813 4436 958 4521 legitima
974 4438 1136 4519 mercede,
1153 4439 1183 4503 ei
1199 4439 1252 4522 qui
1269 4440 1302 4502 in
1320 4436 1436 4502 iudicio
1457 4434 1494 4501 fi·
