3350 5117
530 373 575 419 ne
599 373 737 421 rumoris
761 372 1028 423 accuesresmcrs
1322 352 1365 419 89

188 492 289 559 Filius
311 494 460 569 familias,
485 494 525 561 ob
548 494 709 561 defectum
734 494 1044 563 administrationis
1037 517 1069 561 rn
1093 494 1186 561 bonis
1208 496 1365 581 paternis
1388 460 1541 611 dispo
1609 487 1654 574 {qt

186 636 287 703 agere
309 639 374 684 non
399 624 516 705 potest;
532 626 566 687 at
588 620 685 695 valet,
703 620 808 705 quoad
830 619 916 686 bona
938 623 1118 687 castrensia
1141 626 1174 687 et
1197 622 1288 705 quasi
1311 642 1366 686 ca·
1386 590 1534 690 ΝΜ
1516 576 1636 682 '‘Q''

187 745 337 808 sirensia.
363 745 475 811 Potest
498 764 576 810 vero
600 747 633 811 in
657 744 775 811 iudicio
806 751 895 813 stare
927 747 1192 820 nominantem,
1214 766 1365 817 mmuum

186 880 251 945 qua
273 868 361 929 tutor
383 864 435 929 rel
459 870 663 951 procurator,
687 866 760 932 sine
783 886 947 935 concernat
965 872 1089 950 patris.
1108 868 1146 932 In
1169 867 1244 932 aliis
1260 868 1367 932 causis

185 986 336 1052 civilibus
358 990 411 1055 vel
435 989 653 1057 criminalibus
676 1010 776 1075 agere
800 994 833 1055 et
857 990 1054 1077 respondere
1078 1010 1142 1055 non
1166 996 1272 1076 potest
1293 991 1368 1057 sine

186 1132 353 1179 consenso
367 1117 500 1199 patris:
515 1136 561 1183 eor
577 1118 648 1199 lepe
665 1152 683 1163 -
703 1117 789 1183 Cam
805 1137 875 1183 non
889 1119 1010 1188 solnm,
1027 1118 1049 1199 ἓ
1074 1116 1265 1189 sancimus,
1287 1112 1366 1182 God.

187 1237 238 1301 De
265 1236 362 1304 bonis
384 1258 473 1323 quoe
497 1240 611 1307 liberis
634 1246 704 1316 etc.;
721 1246 753 1305 et
769 1260 844 1323 cop.
860 1242 918 1325 fin.
937 1241 987 1307 De
1001 1241 1103 1307 indic.
1120 1242 1157 1305 in
1172 1241 1196 1304 6
1212 1239 1311 1327 (ll-l)
1335 1246 1368 1305 et

187 1382 263 1445 cop.
283 1363 347 1435 Qui
366 1362 579 1431 Generaliter
603 1400 621 1412 -
645 1364 696 1430 De
718 1364 1008 1431 Procnrotoribus
1023 1365 1061 1429 in
1076 1364 1099 1429 6
1113 1365 1136 1447 g
1151 1366 1170 1427 1
1185 1362 1289 1449 (1-19)
1306 1362 1361 1449 (1).

278 1488 330 1553 67.
356 1488 412 1555 Ius
443 1492 633 1556 canonicum
658 1492 753 1555 etiam
782 1512 842 1575 pro
873 1511 931 1555 suo
954 1490 1027 1555 foro
1054 1492 1182 1576 excepit
1205 1490 1265 1557 bas
1288 1490 1368 1555 iuris

188 1616 315 1678 romani
338 1612 572 1700 dispositiones.
597 1616 722 1681 Verum
748 1616 934 1681 Bonifaeius
953 1616 1037 1681 Vlll
1061 1616 1094 1681 in
1110 1616 1163 1682 cit.
1181 1636 1255 1699 cop.
1270 1617 1368 1703 finali

187 1736 225 1801 in
248 1738 281 1819 6,
305 1738 356 1803 Dc
379 1739 529 1812 Iudiciis,
554 1741 762 1805 mutationem
786 1740 928 1806 induxit:

281 1859 311 1945 1)
333 1861 437 1945 quoad
460 1864 621 1947 minores,
646 1869 807 1930 statuens:
835 1864 918 1931 «si
940 1884 1072 1930 annum
1096 1870 1258 1949 qnortnm
1283 1864 1368 1932 deci·
1392 1872 1540 1939 eitum
1530 1880 1568 1914 Ἀ
1582 1878 1658 1933 Μ

186 2002 284 2049 mum
308 1992 386 2051 tuoe
403 1987 569 2073 pereqisti
591 1988 761 2053 aetoliam
785 2006 1062 2055 eenasrcrnumos
1086 2009 1129 2054 nr
1149 2009 1238 2056 enus
1254 2009 1368 2057 causis
1384 1960 1587 2132 ΡΜ
1589 1987 1657 2055 ’ἢ

187 2126 446 2177 sererruanreos
476 2131 539 2177 nec
569 2130 639 2177 non
669 2120 700 2176 et
731 2130 1012 2177 berannenrmus
1045 2131 1087 2177 ee
1118 2114 1244 2179 aisne'n
1272 2134 1311 2179 ac
1341 2114 1486 2271 sif‘ll
1471 2072 1533 2138 Ψ
1542 2074 1643 2146 ‘W'

188 2236 292 2299 maior
316 2234 361 2299 25
384 2238 477 2301 annis
500 2238 668 2305 existeres
693 2236 734 2300 ad
759 2236 933 2321 oqendnm
965 2242 998 2300 et
1028 2236 1282 2319 defendendum
1301 2258 1369 2322 per

189 2362 219 2422 te
242 2359 296 2423 vel
317 2378 385 2442 per
402 2366 667 2443 procuratorem
691 2360 797 2445 (quem
821 2360 862 2424 ad
885 2360 949 2426 hoc
972 2360 1229 2425 constituendum
1253 2360 1368 2425 decre·

189 2482 289 2569 veris)
313 2482 438 2549 admitti
462 2482 591 2550 debebis
608 2508 638 2550 a.
657 2520 700 2534 -
715 2482 872 2569 Sequitur
887 2505 930 2550 ex
953 2484 1043 2550 claro
1065 2490 1157 2551 textu
1181 2487 1261 2551 iuris
1285 2506 1366 2558 can„

189 2608 341 2679 minores,
367 2610 420 2693 qui
444 2629 559 2695 nempe
585 2610 625 2674 14
648 2610 762 2674 aetatis
786 2629 906 2674 annum
932 2610 1135 2675 excesserint
1157 2608 1213 2674 sed
1237 2609 1280 2674 25
1304 2630 1368 2674 non

187 2730 357 2815 attigerint
380 2733 413 2795 in
436 2732 505 2797 istis
528 2734 633 2798 causis
656 2732 885 2817 spiritualibus,
903 2736 1114 2816 procuratore
1130 2751 1195 2796 non
1211 2732 1367 2817 indigere.

190 2858 285 2923 Ratio
309 2864 368 2931 est,
393 2860 474 2925 tales
497 2880 612 2927 causas
642 2860 825 2946 spirituales
848 2862 990 2925 maxima
1020 2880 1093 2925 cum
1123 2859 1274 2927 libertate
1298 2862 1365 2945 agi-

188 3100 253 3155 dum
267 3119 328 3157 esse
338 3102 480 3158 decretum
489 3119 545 3174 quo
555 3103 756 3158 interdicantur
765 3104 812 3175 qui
824 3104 893 3157 vitio
903 3103 1005 3158 meotis
1016 3102 1138 3156 naturali
1150 3102 1288 3167 laborant
1299 3102 1367 3157 adeo

191 3214 220 3262 ut
239 3216 337 3280 postea
356 3210 512 3267 habeantur
531 3212 668 3267 inhabiles
694 3212 728 3265 ad
753 3212 892 3281 agendum
911 3215 940 3265 et
965 3210 1183 3280 respondendum
1202 3212 1230 3265 in
1251 3212 1368 3275 iudici03

191 3335 277 3389 quare
306 3320 332 3375 ei
360 3321 540 3375 constituitur
568 3323 602 3375 ab
631 3321 691 3390 ipso
720 3320 808 3374 iudice
837 3324 963 3372 cirrator:
989 3320 1023 3373 cf.
1048 3320 1250 3390 Reqolcmento
1274 3322 1369 3389 piudi-

192 3426 281 3479 :iario
302 3436 351 3479 etc.
365 3425 440 3480 edito
453 3443 470 3478 a
482 3424 616 3495 Gregorio
635 3424 711 3491 xvi,
725 3430 741 3491 ἓ
756 3426 838 3479 1584
857 3442 914 3495 seq.
934 3424 981 3477 ubi
1000 3424 1096 3493 agitur
1115 3425 1157 3478 De
1175 3427 1369 3479 interdictione
1432 3447 1436 3454 ¹

193 3532 226 3583 ob
243 3532 342 3585 uitium
360 3534 470 3586 mentis.
491 3530 559 3586 Dein
578 3531 607 3584 in
626 3532 805 3602 subsequenti
825 3529 949 3599 capitulo
968 3536 1093 3585 cavetur:
1114 3530 1156 3585 De
1174 3532 1369 3585 interdictione

193 3640 226 3691 ob
244 3640 378 3691 motin-um
392 3640 613 3709 prodr'qolitotis,
632 3643 650 3704 ἓ
671 3639 756 3692 1597
774 3656 829 3709 seq.
849 3639 937 3693 Nemo
960 3638 1034 3692 errim
1060 3637 1142 3691 debet
1166 3637 1242 3691 bisce
1262 3638 1370 3691 iuribus

194 3740 332 3809 interdici,
351 3744 404 3797 nisi
423 3744 591 3800 iudicialiter
610 3761 694 3799 carisa
712 3745 833 3813 cognita.

265 3850 304 3917 (l)
323 3848 377 3903 Sed
396 3848 424 3903 bi
443 3851 490 3921 qui
510 3866 655 3920 personam
675 3866 729 3905 non
748 3848 854 3904 habent
873 3849 1028 3920 legitimam
1041 3848 1133 3904 standi
1153 3850 1181 3902 in
1202 3849 1304 3903 iudicio
1321 3867 1369 3902 ac-

195 3958 307 4011 cedente
325 3959 492 4012 authoritate
510 3959 612 4011 tutoris
631 3956 676 4013 vel
695 3958 833 4012 curatoris
859 3974 945 4027 agere
968 3962 998 4013 et
1022 3956 1187 4025 respondere
1214 3957 1242 4009 in
1267 3956 1369 4009 iudicio

198 4067 316 4130 possunt.
335 4062 413 4117 Tunc
432 4064 505 4119 enim
524 4078 674 4117 consensus
693 4062 794 4116 tutoris
813 4062 858 4117 vel
878 4062 1016 4116 curatoris
1034 4061 1146 4131 supplet
1171 4060 1309 4115 desectum
1328 4061 1369 4113 iu-

197 4172 320 4238 ridicum,
339 4172 466 4244 idemque
493 4189 643 4227 consensus
668 4173 855 4241 praesumitur
880 4173 1037 4237 accessisse,
1053 4173 1119 4242 quia
1144 4187 1199 4225 non
1224 4171 1302 4225 adest
1323 4170 1369 4225 vel

196 4277 249 4331 luit
266 4282 404 4334 remotum
423 4278 577 4348 periculum
596 4278 688 4332 damni
708 4278 753 4333 vel
772 4277 877 4331 fraudis
896 4277 925 4329 in
942 4291 983 4343 eo,
997 4276 1044 4346 qui
1064 4277 1125 4345 agit
1142 4275 1188 4331 vel
1205 4275 1370 4329 convenitur

197 4380 224 4433 in
241 4381 352 4435 iudicio.
372 4380 413 4437 Ita
431 4382 461 4435 in
479 4383 540 4437 iure
558 4382 624 4435 Can.
646 4399 680 4437 ex
701 4383 721 4435 l.
742 4382 770 4432 2.
793 4380 820 4434 C.
836 4398 853 4433 ι
868 4381 921 4439 oui
942 4380 1097 4450 lepitimem
1111 4396 1264 4450 personam
1285 4386 1370 4432 etc.»

196 4488 230 4540 cl.
249 4486 431 4544 Reiffenstuel
451 4490 491 4544 De
510 4492 567 4544 iud.
589 4507 615 4543 n.
638 4490 694 4543 153.
