3350 5117
319 231 388 296 512
846 250 930 299 rans
954 251 976 296 1.

408 371 483 437 501.
499 330 585 436 'Cum
611 372 704 457 periti
728 392 792 437 non
809 371 972 457 deponant
987 373 1160 457 praecipue
1176 371 1216 436 de
1236 372 1323 438 lacto
1338 370 1421 456 quod
1437 372 1499 456 ipsi

319 494 386 560 suis
408 493 553 560 sensibus
569 500 794 580 perceperunt,
812 494 960 579 quodque
975 496 1035 580 ipsi
1050 499 1175 559 lantum
1191 496 1339 561 attestari
1356 500 1498 579 possunt;

320 619 375 685 sed
398 640 418 685 a
440 621 518 687 facti
542 622 723 705 cognitione
747 621 798 687 vel
823 623 981 687 relatione
996 641 1056 706 per
1072 622 1227 686 scientiae
1242 621 1295 686 vel
1311 622 1393 685 artis
1407 621 1498 705 prin-

320 750 403 834 cipia
425 748 600 813 ascendant
622 748 663 813 ad
686 768 800 815 causas
823 748 875 813 vel
900 746 1034 814 effectus
1058 747 1200 813 eiusdem
1224 749 1312 820 facti,
1336 767 1401 812 non
1425 766 1498 832 pos-

305 876 396 936 sunt
419 873 490 957 cogi
514 871 555 937 ad
585 870 724 937 officium
751 871 986 956 suscipiendum
1018 873 1065 937 uti
1093 876 1255 957 coguntur
1281 876 1390 937 testes.
1416 870 1496 935 Nam

323 997 412 1063 testis
436 1002 484 1062 est
506 998 725 1063 tantummodo
748 998 804 1063 ille
827 999 881 1082 qni
904 998 1026 1063 facturn
1052 998 1212 1083 cognovit,
1237 998 1334 1082 periti
1363 1002 1500 1083 possunt

322 1295 401 1345 extra
413 1292 505 1347 locum
518 1294 546 1345 in
559 1310 613 1365 quo
627 1292 729 1348 residet
742 1293 927 1359 tribunal,vel
941 1294 964 1347 si
979 1298 1059 1348 extra
1074 1294 1201 1348 eumdem
1215 1293 1316 1360 locum,
1328 1294 1500 1349 domicilium

321 1398 426 1453 habent
445 1399 536 1468 periti,
555 1405 633 1453 actus
653 1397 763 1454 relativi
783 1400 816 1453 ad
836 1400 965 1469 peritiam
985 1402 1118 1468 poterunt
1130 1400 1254 1469 delegari
1267 1401 1405 1455 iudicibus
1422 1401 1502 1455 illius

322 1503 401 1557 loci...
421 1522 447 1569 »ς
465 1522 489 1558 a.
508 1504 575 1559 695:
589 1519 606 1557 ‹
619 1505 703 1559 ludex
716 1506 870 1560 instructor
882 1522 946 1559 cum
964 1505 1129 1559 adsistentis
1141 1506 1311 1572 cancellarii,
1325 1506 1426 1560 auditis
1439 1524 1502 1575 par·

322 1606 397 1661 tibus
415 1612 444 1661 et
464 1608 568 1677 peritis,
588 1610 611 1663 si
631 1608 659 1663 hi
679 1608 792 1677 expiare
810 1608 930 1663 debeant
949 1608 1073 1679 aliquam
1092 1579 1292 1678 inspectionem
1311 1625 1383 1679 quae
1404 1609 1502 1677 exigat

321 1712 510 1769 visitationem
530 1714 657 1781 localem,
670 1714 823 1770 constituet
841 1714 915 1769 diem
935 1720 964 1769 et
982 1714 1079 1769 horam
1097 1716 1132 1769 ad
1150 1715 1276 1770 eamdem
1295 1715 1505 1785 perficiendam,

322 1822 386 1877 aliis
404 1822 433 1876 in
452 1821 563 1875 casibus
581 1822 719 1887 decernet,
741 1823 846 1891 peritos
864 1822 1013 1877 coadunari
1033 1822 1221 1893 collegialitsr
1239 1839 1332 1878 coram
1352 1839 1394 1887 eo,
1415 1823 1458 1877 die
1471 1829 1504 1877 et

322 1928 392 1984 hora
409 1929 523 1983 statutis
543 1946 592 1999 pro
612 1931 777 1999 recipiendis
797 1931 918 1999 partium
936 1931 1190 1997 informationibus,
1209 1937 1238 1987 et
1256 1931 1323 1985 hinc
1342 1930 1502 1999 incipienda

323 2039 425 2115 peritia
443 2055 469 2104 >3
489 2056 512 2092 a
533 2038 598 2093 701:
617 2054 634 2091 e<
654 2040 704 2094 Die
724 2039 878 2093 constituto
895 2058 913 2093 a
929 2015 1022 2095 iudice
1049 2040 1226 2106 instructore,
1246 2042 1339 2111 periti,
1359 2042 1426 2114 quin
1443 2042 1502 2095 alia

322 2144 403 2199 detur
420 2146 557 2213 invitati0,
572 2146 704 2201 accedent
723 2148 757 2201 ad
776 2147 839 2201 loca
858 2164 907 2215 pro
925 2148 1099 2216 perficiendis
1114 2148 1334 2219 inspectionibus
1352 2149 1405 2203 sibi
1424 2165 1502 2203 com·

323 2252 428 2305 missis:
449 2256 552 2321 partes,
571 2252 593 2305 si
612 2250 709 2317 velint,
729 2257 863 2321 poterunt
881 2253 986 2321 peritos
1005 2254 1132 2307 comitari
1152 2257 1201 2307 aut
1220 2270 1284 2308 suos
1307 2254 1420 2309 mittere
1438 2270 1502 2324 pro-

323 2362 465 2411 curatores
484 2372 534 2425 pro
559 2357 740 2426 suggerendis
765 2357 932 2412 necessariis
955 2358 1063 2411 notitiis
1081 2374 1106 2421 »ς
1126 2376 1150 2412 a
1168 2359 1230 2412 702:
1249 2371 1267 2411 e
1285 2356 1400 2419 Quando
1423 2358 1502 2412 nulla

322 2462 383 2517 fieri
402 2462 503 2517 debeat
522 2462 665 2533 inspecti0,
686 2464 777 2533 periti,
791 2464 835 2517 die
855 2467 884 2517 et
902 2462 972 2517 hora
990 2464 1159 2530 constitutis,
1172 2464 1316 2519 habebunt
1333 2471 1501 2520 conventum

323 2590 415 2627 coram
435 2572 524 2626 iudice
549 2574 724 2627 instructore.
745 2572 844 2626 Partes
870 2576 919 2626 aut
943 2588 1038 2626 earnm
1065 2576 1259 2641 procuratores
1284 2572 1503 2641 suppeditabunt

322 2674 419 2730 iisdem
434 2676 642 2729 informationes
655 2682 683 2729 et
698 2677 755 2729 noti
761 2677 813 2729 tias
826 2676 861 2729 ad
875 2692 933 2729 rem
946 2675 1118 2741 accomodes,
1131 2675 1216 2729 etiam
1230 2676 1385 2733 exhibendo
1397 2676 1502 2745 scripta

323 2783 515 2835 instrumenta.
536 2781 564 2835 Si
584 2782 617 2835 ad
637 2782 710 2836 hunc
729 2784 860 2837 effectum
880 2798 934 2835 non
953 2783 1072 2835 sufficiat
1091 2798 1145 2835 una
1167 2787 1277 2836 tantum
1296 2784 1389 2850 sessio,
1409 2783 1504 2852 periti,

323 2890 485 2955 successivo,
505 2889 575 2943 alias
594 2894 726 2960 poterunt
745 2888 849 2943 habere
868 2890 1016 2943 sessiones:
1035 2894 1065 2943 et
1083 2889 1165 2943 iudex
1183 2890 1344 2951 instructor,
1357 2890 1419 2942 novi
1433 2906 1502 2943 con-

323 3001 422 3050 ventus
441 2995 512 3050 diem
532 3000 561 3049 el
580 2995 675 3049 horam
689 2995 842 3049 destinabit
851 3013 882 3065 U»,
895 3014 920 3048 a.
934 2996 1000 3049 707:
1013 3010 1031 3048 ‹
1045 2994 1156 3049 Relatio
1175 2996 1326 3065 peritorum
1347 2996 1503 3051 continebit

324 3101 510 3172 inspectiones
528 3103 558 3157 in
577 3102 646 3156 locis
663 3102 761 3166 factas,
780 3102 1036 3156 animadversiones
1048 3107 1078 3156 et
1092 3102 1207 3155 notitias
1219 3102 1278 3156 sive
1297 3106 1395 3171 sponte
1413 3101 1502 3175 datas,

324 3209 383 3263 sive
403 3208 570 3279 exquisitas3
590 3223 640 3261 nec
659 3224 714 3261 non
734 3207 861 3263 exhibita
880 3208 1059 3268 documenta:
1081 3208 1190 3262 demum
1215 3208 1370 3262 continebit
1388 3212 1503 3262 senten-

324 3317 393 3369 tiam
412 3314 563 3383 peritorum
582 3314 739 3367 rationibus
758 3314 883 3368 innixam
902 3315 931 3368 in
950 3331 1033 3384 quam
1050 3313 1138 3368 maior
1151 3331 1214 3382 pars
1227 3312 1408 3378 descenderit,
1421 3314 1503 3367 iteru-

325 3434 379 3489 que
397 3415 552 3470 continebit
571 3416 693 3469 rationes
711 3416 860 3481 dissensus,
872 3417 896 3469 si
915 3416 1071 3471 sententiae
1087 3420 1153 3469 sunt
1164 3415 1310 3481 discordes,
1322 3416 1389 3485 quin
1407 3417 1505 3485 expri-
1581 3478 1586 3483 ⁴

324 3530 439 3574 moratur
456 3520 564 3589 singuli
576 3522 666 3589 periti
684 3522 836 3590 opiniones,
857 3548 891 3560 -
911 3518 1023 3573 Relatio
1042 3519 1203 3573 exarabitur
1221 3520 1255 3572 ab
1275 3535 1331 3573 uno
1343 3535 1377 3574 ex
1396 3519 1504 3588 peritis,

326 3624 523 3678 subscribenda
541 3640 558 3677 a
576 3624 712 3678 ceteris...
734 3642 749 3674 a
770 3623 865 3691 (Ratio
884 3625 919 3677 ob
939 3640 1023 3694 quarn
1042 3623 1158 3691 exprimi
1179 3640 1233 3675 non
1253 3623 1354 3677 debent
1369 3614 1504 3700 cuiusque

327 3730 408 3799 periti
427 3729 570 3799 opiniones
587 3748 650 3783 cum
668 3734 849 3799 caprasium
868 3731 987 3784 acuminis
1008 3736 1059 3795 est,
1076 3731 1142 3801 qnia
1158 3730 1239 3784 index
1255 3729 1400 3785 attendere
1419 3729 1505 3783 debet

322 3838 435 3907 pondus
449 3838 595 3905 rationum,
609 3854 663 3891 non
677 3822 871 3892 auctoritorem
884 3840 1085 3908 personarum),
1100 3857 1124 3892 a.
1138 3838 1205 3893 708:
1218 3855 1236 3891 «
1249 3838 1278 3892 ln
1291 3838 1449 3893 exhibenda
1462 3857 1507 3895 re·

326 3943 431 3997 latione
450 3944 532 3997 iudici
552 3945 722 4011 instructori,
743 3946 825 4014 periti
845 3945 978 3999 iurabunt
997 3946 1030 4000 de
1049 3947 1169 4001 varitate
1188 3964 1279 4000 rerum
1303 3946 1331 3997 in
1357 3945 1423 4013 ipsa·
1435 3961 1505 4019 con·

327 4057 502 4108 tantarum...
521 4070 538 4107 u
557 4070 581 4106 a.
600 4053 665 4106 711:
684 4068 702 4106 s
721 4054 866 4122 Expensae
885 4052 918 4105 ad
939 4053 1067 4121 peritiam
1093 4054 1256 4123 explendam
1275 4053 1304 4106 in
1329 4058 1506 4108 antecessum

327 4157 504 4212 exsolvantur
523 4158 558 4212 ab
578 4176 611 4212 ea
629 4164 708 4227 parte
727 4176 797 4229 quae
817 4160 922 4228 peritos
941 4159 1098 4228 exquisivit.
1112 4158 1188 4211 -Si
1208 4158 1309 4227 peritia
1326 4157 1455 4212 ordinata
1467 4160 1508 4213 sit

328 4284 364 4321 ex
383 4265 471 4337 officio
490 4284 506 4319 a
526 4266 623 4333 iudice,
643 4266 787 4337 litigantes
806 4272 834 4321 et
854 4267 972 4338 quisque
991 4283 1040 4335 pro
1060 4271 1121 4320 rata
1140 4267 1168 4320 in
1182 4272 1355 4321 antecessum
1369 4282 1508 4335 expensas

327 4372 515 4427 exsolvent».
