3350 5117
522 327 565 373 nr:
589 326 728 373 runicus
751 324 1020 373 aconasrasrrcis
1321 305 1364 373 83

277 453 310 537 4)
336 470 354 514 a
385 450 424 515 Ut
447 469 545 517 namo
568 450 692 515 inciens
714 467 817 536 apere
839 450 891 515 vel
915 468 1077 515 accusare
1104 454 1248 534 coeatur
1270 473 1289 512 a
1316 468 1361 516 ex

183 576 209 640 l.
225 574 274 641 55
289 574 378 640 unic.
400 572 479 640 Cori.
502 574 654 639 Utnemo
671 568 927 655 (111-7).÷-Sed
950 572 1013 637 hoc
1035 592 1100 637 non
1123 573 1274 658 prohibet
1290 595 1366 660 quo·

188 703 295 766 minus
306 701 361 765 lex
374 698 546 785 aliquando
562 700 752 785 praestituat
763 702 1016 785 peremptorium
1031 707 1166 785 tempus,
1181 722 1243 786 quo
1256 702 1366 788 elapso

187 828 324 913 amplius
335 828 386 913 agi
400 847 464 891 non
477 828 585 913 possit.
599 862 643 875 -
657 826 705 891 Re
721 846 800 890 sane
816 846 896 890 vera
911 833 1003 892 actor
1019 828 1081 891 iuri
1097 848 1155 892 suo
1172 830 1368 894 renunciare

188 958 303 1039 potest.
329 954 461 1036 inquam
484 952 554 1017 iuri
576 972 646 1023 suo,
671 972 757 1033 nam,
781 950 815 1038 a)
840 952 866 1015 si
891 954 1049 1017 actionem
1074 955 1136 1017 iam
1161 957 1367 1039 proposuerit

184 1085 223 1143 et
245 1078 333 1143 litem
362 1077 572 1157 inchoaverit,
589 1082 692 1161 potest
717 1076 756 1140 asl
780 1084 926 1161 coeptam
942 1080 1103 1142 actionem
1128 1085 1161 1145 et
1182 1079 1272 1144 litem
1296 1100 1369 1165 pro·
1435 1087 1437 1090 ’

187 1200 385 1285 sequendam
399 1202 485 1285 cogi:
499 1220 591 1265 secus
605 1200 759 1273 laederet,
772 1200 862 1265 litem
878 1200 1067 1283 deserendo,
1080 1202 1133 1267 ius
1147 1202 1207 1268 rai.
1222 1201 1254 1289 b)
1270 1202 1369 1270 Prae-

188 1330 282 1389 terea
297 1326 324 1387 si
340 1324 411 1409 quis
433 1344 475 1388 cx
499 1322 603 1387 officio
627 1330 756 1389 tenetur
772 1324 856 1389 bona
872 1330 903 1388 et
919 1324 998 1390 iuro
1014 1326 1163 1391 aliorum
1182 1328 1278 1401 tueri,
1295 1347 1370 1411 qua·

190 1448 239 1513 les
259 1454 333 1512 sunt
348 1453 482 1527 tutores,
499 1452 677 1519 curatores,
694 1453 931 1533 procuratores.
950 1449 1237 1522 administratores,
1250 1453 1370 1517 actioni

191 1576 386 1639 renunciare
409 1575 530 1657 nequit;
554 1574 671 1659 quippe
694 1580 771 1638 tunc
794 1580 844 1638 est
874 1580 966 1638 actor
991 1576 1212 1643 necessarius.
1237 1580 1370 1645 -Hic

187 1700 231 1764 de
255 1700 408 1781 actz'ona;
431 1698 471 1763 de
494 1699 707 1764 accusatione
730 1718 862 1784 agemus
884 1700 917 1763 io
941 1700 1013 1766 Lib.
1039 1702 1086 1765 Il.

342 1983 363 2064 ἓ
390 1984 417 2047 l.
443 1982 492 2048 De
516 1982 566 2047 lats
589 1982 649 2067 qni
672 1982 858 2070 lepitimam
881 1982 1003 2049 liabent
1029 2004 1218 2067 personam

610 2107 725 2173 standi
752 2107 789 2171 io
817 2108 954 2175 indicto.

189 2329 412 2386 Summarium.
430 2360 464 2372 -
483 2331 526 2386 61.
546 2330 664 2393 Quinam
683 2348 798 2401 capaces
817 2332 874 2387 sint
898 2334 998 2403 agendi
1024 2338 1053 2389 et
1079 2334 1260 2403 respondendi
1282 2336 1310 2390 in
1331 2336 1372 2390 iu·

285 2438 365 2492 dicio.
384 2466 421 2479 -
437 2440 481 2493 62
500 2438 562 2492 Non
580 2455 676 2493 omnes
700 2455 817 2508 capaces
835 2445 909 2504 sunt,
929 2439 1037 2511 ipsique
1061 2458 1178 2509 capaces
1200 2457 1256 2494 nnn
1277 2456 1375 2495 omnes

284 2547 380 2602 eodem
393 2544 473 2600 modo
485 2561 570 2615 agere
582 2550 611 2599 et
623 2544 788 2615 respondere
807 2545 918 2601 debent.
933 2575 966 2587 -
980 2545 1024 2600 63,
1036 2548 1078 2600 Ab
1091 2548 1211 2616 spendo,
1224 2563 1280 2601 uon
1292 2563 1311 2600 a
1325 2564 1374 2601 ra·

284 2654 455 2723 spondendo,
474 2651 647 2723 repelluntur
665 2652 792 2707 absoluta
811 2654 1044 2707 encommum'cati
1061 2655 1175 2707 nitardi,
1190 2683 1227 2696 -
1244 2654 1288 2709 64.
1308 2653 1372 2707 Non

286 2761 399 2827 nitardi,
412 2758 540 2813 absolute
554 2774 607 2811 non
622 2756 803 2826 repelluntur.
819 2786 856 2799 -
869 2759 914 2812 65.
934 2760 978 2812 Ab
997 2763 1105 2829 ayemto
1125 2765 1154 2815 et
1172 2761 1371 2831 respondendo

287 2866 460 2937 repelluntur
478 2864 618 2919 ordinario
632 2864 775 2933 Religioni.
787 2893 824 2906 -
841 2864 885 2918 66.
898 2863 1016 2926 Quinam
1030 2883 1079 2935 par
1091 2866 1162 2919 alios
1180 2884 1268 2937 apere
1281 2873 1311 2921 et
1324 2884 1371 2920 ra·

286 2977 425 3047 spondere
443 2974 570 3030 debeant.
589 3004 623 3016 -
642 2974 685 3027 67.
706 2973 888 3043 Explicantur
907 2976 1139 3045 praescriptiones
1158 2976 1293 3029 Bonifacii
1309 2974 1370 3029 VIII

287 3081 377 3152 quoad
396 3080 552 3149 impuberes
570 3084 600 3133 at
618 3079 745 3133 minores
760 3106 794 3119 -
806 3078 850 3132 68.
866 3082 907 3131 An
922 3078 1053 3133 mulieres
1072 3097 1121 3149 per
1134 3096 1164 3133 se
1182 3078 1228 3134 vel
1244 3097 1293 3150 par
1305 3079 1378 3135 alios

289 3186 453 3257 respondere
472 3187 598 3241 debeant.
619 3215 651 3227 -
670 3186 713 3239 69.
735 3186 789 3239 Ρι·ο
807 3185 932 3240 ecclesiis
951 3190 980 3240 et
998 3185 1062 3239 aliis
1080 3187 1205 3255 personis
1224 3187 1377 3241 moralibus

287 3306 375 3366 cpont
393 3300 422 3351 et
440 3296 609 3366 respondent
626 3294 758 3348 ordiuarii
778 3293 1035 3359 Administratores,
1054 3295 1099 3349 vel
1118 3295 1255 3364 speciales
1274 3296 1379 3349 Procu-

290 3410 404 3459 ratores.
422 3432 459 3445 -
476 3402 519 3455 70.
539 3401 677 3471 Specialia
696 3418 745 3471 pro
765 3401 857 3455 causis
875 3401 1140 3468 matrimonialibus,
1159 3403 1277 3473 aliisque
1296 3403 1378 3457 simi·

290 3512 372 3566 libus.
391 3540 425 3552 -
443 3510 486 3565 71.
507 3510 545 3565 De
564 3511 727 3581 quaestione
746 3526 782 3564 aa
803 3526 912 3580 semper
938 3510 1069 3565 constitui
1098 3512 1185 3580 possit
1204 3514 1377 3581 procurator,

290 3635 443 3674 remissive.

291 3816 343 3882 61.
368 3814 451 3890 Quia
482 3812 598 3879 iudicia
625 3812 763 3897 panIco
792 3813 994 3880 auctoritate
1026 3816 1249 3879 instaurantur
1274 3815 1320 3878 ita
1343 3817 1378 3878 ut

200 3942 297 4003 actor
320 3942 455 4002 atreus
477 3937 511 3999 in
539 3934 676 4018 publico
703 3936 905 4003 auctoretate
935 3936 1053 4000 iurium
1081 3936 1249 4000 inveniant
1276 3935 1381 4001 tuitio·

203 4080 291 4137 nam;
316 4060 520 4143 subsequitur
536 4059 761 4143 inquirendum
777 4079 818 4123 an
834 4059 964 4145 publica
979 4060 1166 4132 auctoritas,
1182 4078 1304 4153 omnes
1319 4059 1381 4123 etsi

202 4206 338 4272 capaces
361 4206 404 4253 ex
427 4187 567 4252 naturali
590 4188 661 4250 iure
685 4185 789 4251 standi
813 4185 846 4250 in
870 4185 996 4255 indicio,
1021 4184 1061 4248 ad
1088 4183 1250 4270 agendum
1274 4188 1308 4248 et
1331 4204 1383 4248 re·
1409 4188 1426 4284 l

201 4311 345 4393 spective
367 4307 408 4374 ad
432 4308 688 4395 respondendum
718 4308 874 4391 admittat,
897 4330 955 4374 seu
978 4328 1021 4371 an
1044 4328 1155 4373 omnes
1187 4307 1382 4373 indiscrimi-

204 4434 301 4499 natim
323 4434 498 4520 legitimam
522 4432 626 4499 standi
650 4435 683 4498 in
706 4432 822 4499 iudicio
846 4453 1018 4519 personam
1041 4432 1192 4497 habeant.
