3350 5117
507 305 551 352 ua
574 303 714 352 ionicus
743 301 1007 351 ucccssmsricls
1278 281 1347 348 205

165 427 311 512 exponit.
336 461 381 476 -
404 425 515 492 Veluti
539 426 642 492 Titius
663 428 745 512 petii
766 447 787 491 a
808 427 885 493 Caio
910 425 1077 510 quamdam
1101 424 1229 490 domum
1252 423 1345 488 titulo

165 549 377 627 hereditatum
400 553 476 617 item
506 551 683 617 abeodem
714 571 842 634 equum,
866 569 964 616 causa
994 551 1173 635 emptionis,
1198 567 1347 614 necnon

165 673 276 739 darum
300 675 511 741 reiectionem
541 676 602 743 sibi
624 677 707 742 illati
731 677 771 742 ob
795 677 880 742 male
903 681 1028 762 gestum
1060 675 1243 740 mandatum
1273 692 1346 758 pro·

165 803 380 866 curatoriam.
404 800 444 866 In
474 802 536 868 hoc
558 803 668 870 libello
690 809 760 872 tres
782 802 945 870 habentur
975 803 1136 888 petitionis
1167 819 1284 864 causae
1314 803 1347 864 et

166 927 328 991 cumulus
349 929 513 992 actionum
544 926 682 992 habetur
704 927 861 992 adversus
885 925 1031 993 eumdem
1062 928 1265 995 conventum,
1290 920 1346 986 scd

167 1049 209 1114 de
233 1048 371 1116 dirersis
386 1050 529 1116 obiectis.
546 1053 606 1116 Ast
620 1053 716 1116 etiam
732 1051 773 1117 de
788 1051 900 1116 eodem
924 1051 1048 1116 obiecto
1072 1050 1182 1135 plures
1202 1047 1347 1112 actiones

167 1175 294 1238 institui
317 1179 461 1260 possunt,
485 1194 546 1240 nec
569 1195 633 1240 non
664 1174 704 1240 de
734 1174 872 1240 diversis
901 1173 1033 1238 obiectis
1065 1176 1179 1238 contra
1202 1170 1347 1234 diuersos

167 1299 202 1360 iu
232 1298 345 1361 eodem
373 1297 483 1363 libello
512 1300 656 1369 actiones
691 1299 880 1364 coacervari
919 1317 976 1362 seu
1015 1295 1173 1361 cumulari
1204 1297 1345 1378 possunt.

168 1417 282 1483 Facile
305 1419 391 1482 cuim
414 1424 464 1483 est
486 1419 678 1504 intelligere,
696 1439 759 1483 uno
782 1420 946 1505 petitionis
961 1423 1046 1498 actu,
1062 1414 1181 1500 aliquid
1200 1411 1348 1500 pluribus

168 1540 210 1606 dc
235 1542 341 1607 causis
363 1546 396 1607 et
418 1561 516 1608 unum
539 1543 592 1608 uel
618 1542 723 1628 plura,
739 1542 780 1607 ab
796 1563 861 1608 uno
877 1543 930 1608 vel
946 1563 966 1608 a
989 1540 1135 1628 pluribus
1152 1539 1216 1624 peti
1232 1557 1331 1623 posse.

263 1666 337 1731 176.
354 1666 451 1731 Modo
465 1669 647 1752 quaeritur:
663 1670 792 1749 licetne,
806 1669 877 1734 iure
893 1687 975 1740 can..
989 1665 1168 1732 huiusmodi
1186 1663 1347 1728 actionum

167 1788 338 1854 cumulus?
352 1791 445 1856 Ratio
462 1789 625 1856 dubitandi
641 1798 691 1858 est
707 1793 764 1857 lex
784 1827 798 1838 -
820 1790 916 1863 Quod
932 1791 967 1856 in
984 1791 1105 1856 herede
1120 1789 1142 1871 5
1158 1789 1190 1853 Ε
1192 1789 1296 1872 liuere
1309 1789 1346 1870 ff.

168 1912 221 1977 De
244 1911 427 1978 tributario
449 1914 589 1986 actione,
614 1913 669 1979 ubi
691 1913 845 1979 edicitur:
865 1935 882 1976 c
899 1913 1039 1999 Elipere
1062 1913 1138 1996 quis
1160 1909 1254 1976 debet
1277 1927 1347 1994 qua

167 2035 303 2101 actione
318 2036 541 2119 exportatum
555 2044 672 2105 uinum
688 2039 730 2104 de
744 2039 877 2122 peculio
893 2058 941 2103 on
957 2036 1145 2107 tributario,
1164 2055 1241 2101 cum
1263 2033 1347 2098 sciet

167 2160 234 2226 siti
255 2179 452 2247 regressum
474 2163 521 2228 cd
543 2163 649 2230 otiam
672 2183 743 2230 non
763 2163 922 2244 futurum
939 2185 970 2227 ».
995 2161 1081 2228 Alibi
1105 2160 1218 2226 eadem
1241 2159 1348 2244 expri-

168 2289 270 2352 mitur
291 2287 467 2372 dispositio.

260 2411 324 2477 Sed
349 2413 431 2479 haec
454 2421 504 2482 est
525 2418 683 2502 exceptio,
708 2437 781 2481 nam
810 2417 881 2480 iure
905 2435 976 2480 can.
997 2434 1062 2480 non
1086 2433 1179 2478 secus
1202 2429 1241 2474 ac
1264 2389 1346 2474 rom.

170 2539 483 2641 iure‚arp.i.11‚ffi
498 2541 547 2607 De
561 2541 737 2616 iurisdict,
752 2543 865 2627 regula
878 2541 1041 2628 generalis
1057 2546 1114 2607 est.
1129 2557 1222 2624 posse
1238 2537 1349 2621 plures

168 2665 316 2729 actiones
346 2666 504 2731 cumulari
535 2666 690 2732 adversus
721 2667 867 2732 eumdem
900 2667 950 2731 vel
982 2665 1136 2731 diversos.
1161 2659 1348 2726 dummodo

169 2787 321 2854 actiones
341 2808 413 2856 non
434 2789 502 2854 sint
523 2790 612 2856 inter
633 2810 669 2856 se
692 2791 886 2857 contrariae
911 2795 971 2855 out
995 2785 1286 2856 contradictoriae.
1302 2819 1348 2832 -

169 2909 264 2975 Haec
286 2914 465 2978 communis
486 2914 725 2979 canonistarum
748 2917 910 2979 sententia
930 2919 989 2980 est.
1006 2946 1050 2961 ·-
1067 2911 1161 2975 Ratio
1189 2909 1349 2992 repetitur

168 3054 190 3098 a
213 3035 344 3118 publico
366 3035 460 3108 bono,
476 3036 597 3102 vitandi
622 3040 772 3103 nimirum
787 3039 917 3104 inutiles
933 3039 1034 3102 litium
1059 3035 1213 3106 circuitus
1236 3037 1268 3097 et
1283 3051 1348 3096 am-

169 3156 280 3242 bages.
304 3156 544 3224 ‹Permittitur
567 3157 625 3243 (ait
647 3160 826 3245 Schnualzg.
851 3161 898 3225 tit.
924 3161 973 3225 De
995 3157 1058 3226 obl.
1085 3157 1130 3222 tit.
1154 3176 1188 3220 n.
1215 3153 1260 3234 9),
1284 3152 1348 3217 hcc

169 3277 203 3340 iu
226 3277 375 3344 mucram
399 3279 650 3350 dirimendarum
673 3284 777 3348 litium
799 3289 833 3347 et
855 3283 981 3347 facilius
1005 3277 1283 3367 producendarum
1306 3274 1347 3340 ad

169 3406 312 3482 exitum
336 3407 461 3473 frustra
483 3410 568 3474 enim
602 3407 638 3474 fit
671 3410 816 3495 pluribus
846 3407 980 3480 iudiciis,
1005 3405 1089 3491 quod
1125 3424 1189 3470 uno
1224 3401 1346 3467 absolvi

170 3533 323 3612 potest».
350 3529 422 3595 Hoc
457 3533 596 3596 inaximo
629 3531 821 3598 observatur
856 3533 890 3597 in
925 3531 997 3595 foro
1032 3530 1111 3594 eccl.
1141 3548 1183 3592 ex
1215 3529 1349 3610 recepta

170 3654 424 3737 manicationes
447 3657 631 3739 aequitatis:
648 3657 690 3726 cf.
707 3658 878 3742 zallingeu
894 3658 975 3722 Iasi.
994 3653 1080 3720 iuris
1103 3654 1191 3719 dcci.
1209 3649 1280 3715 Lib.
1299 3648 1345 3720 ΙΙ.

176 3775 240 3841 Tit.
266 3776 334 3850 III,
357 3777 380 3858 S
403 3775 459 3841 84.

260 3900 325 3964 Sed
347 3901 487 3968 diximus
516 3905 701 3972 dummodo
732 3905 880 3972 actiones
909 3925 979 3970 non
1008 3905 1083 3970 sint.
1104 3901 1193 3966 iuter
1214 3917 1249 3963 se
1272 3917 1348 3963 cou-

171 4025 304 4092 trart'ae
344 4033 405 4092 aut
442 4031 727 4097 contradictoriae
734 4048 749 4112 ,·
779 4032 870 4095 iuxta
910 4030 1076 4115 adagium,
1109 4027 1347 4092 contrariorum

171 4148 286 4214 eadem
310 4156 359 4215 est
388 4153 480 4225 ratio,
505 4173 605 4237 quare
628 4173 692 4219 uuo
720 4154 821 4238 posito
853 4154 1102 4232 contrariorum,
1127 4151 1347 4216 necessarium

172 4278 221 4338 est
237 4271 376 4338 alterum
394 4277 564 4341 removeri.
577 4313 622 4323 —-
635 4277 672 4341 ln
688 4276 770 4359 quod
786 4278 983 4362 propositum
998 4273 1219 4346 Itaiiienstuel,
1234 4273 1278 4338 tit.
1292 4273 1345 4346 12,

172 4395 228 4464 tio.
249 4396 296 4474 2„
310 4397 351 4480 X,
376 4421 409 4465 n.
434 4399 510 4465 268
531 4371 593 4465 liae
617 4399 731 4484 regula
754 4399 947 4484 constringit
970 4418 1171 4464 communem
1196 4399 1260 4462 DD.
1278 4417 1349 4462 sen-
