3350 5117
526 311 569 357 os
594 309 730 359 tourcus
755 310 1021 358 accuesmsmcn
1300 289 1369 356 419

269 431 322 497 Ex
345 431 482 497 adverso
498 438 603 519 potest
625 452 796 518 processus
815 430 931 498 confici
954 437 1079 499 tantum
1102 451 1163 517 per
1185 435 1261 497 acte
1279 432 1364 497 scri-

177 553 241 637 ptis
271 562 423 633 exarata;
452 555 661 640 quamobrem
685 555 783 620 iudex
814 576 854 621 ea
876 561 1003 621 tantum
1026 554 1122 621 debet
1145 554 1365 641 perpendere,

176 692 261 757 quae
293 678 420 767 scriptis
455 678 644 765 consignata
672 684 756 743 sunt.
789 678 876 743 Hinc
905 678 998 743 nulla
1027 678 1168 745 habetur
1198 679 1366 744 contentio

177 802 287 875 oralis,
312 804 368 869 sed
384 806 471 890 ipsae
486 807 628 890 partium
651 806 864 891 allegationes
888 810 922 871 et
944 804 1151 871 deductiones
1177 808 1209 871 et
1231 804 1364 869 testium

175 922 391 1009 depositiones
414 928 447 992 in
478 930 607 1014 scriptis
631 929 831 1009 referuntur,
857 929 976 994 etheo
1000 929 1128 995 ratione
1144 926 1260 993 iudicis
1284 946 1366 993 exa·

147 1108 151 1123 ,
176 1048 255 1113 mini
279 1056 311 1114 et
334 1052 515 1117 sentcntiae
539 1052 761 1117 subiiciuutur.

267 1174 404 1239 Mixtum
435 1182 578 1262 systema
601 1176 731 1249 oblinet,
761 1197 859 1261 quum
889 1160 985 1241 etiarn
1009 1176 1188 1242 admittitur
1211 1176 1354 1261 partium

175 1301 343 1364 contentio
364 1302 442 1366 uiua
471 1320 550 1367 voce
572 1302 706 1387 agitata.
739 1300 796 1365 sed
820 1320 858 1365 ea
890 1301 964 1386 lege
987 1306 1023 1365 ut
1046 1304 1154 1366 omnia
1178 1302 1212 1365 in
1242 1300 1364 1367 iudicio

175 1428 251 1487 acta
273 1422 317 1489 ob
332 1425 486 1491 actuario
503 1426 630 1511 scriptis
654 1426 904 1511 consignentur;
929 1431 1137 1511 quapropter,
1153 1425 1301 1493 absoluta
1316 1428 1365 1491 iu·

175 1546 297 1610 stantia
320 1546 469 1630 iudiciali,
486 1556 659 1634 supersunt
681 1551 813 1617 tabulae
828 1568 1010 1635 processus,
1033 1570 1115 1633 quae
1131 1548 1361 1615 custodiuntur

176 1670 211 1733 in
226 1672 373 1737 archivio
397 1676 522 1749 curiae;
546 1694 722 1759 earumque
739 1676 909 1760 exemplar
932 1675 1154 1746 authenticum
1171 1673 1311 1739 traditur
1326 1675 1365 1739 li·

177 1796 362 1879 tigautibus,
378 1800 405 1863 si
425 1799 488 1864 hoc
503 1802 720 1884 expostulent,
734 1803 804 1867 sive
821 1820 881 1887 pro
896 1800 1122 1887 appellationis
1137 1798 1363 1885 prosequendo

177 1919 304 1995 iudicio,
318 1925 387 1989 sive
409 1944 468 2009 pro
492 1927 661 1992 retinenda
686 1933 979 2012 rerumgestarum
1002 1928 1125 2012 scripta
1140 1929 1360 1993 attestatione.

177 2042 249 2110 Hoc
272 2052 415 2132 systema
437 2050 557 2116 exinde
581 2051 699 2117 dicitur
721 2052 881 2127 mictum,
898 2058 1010 2138 utpote
1033 2052 1116 2136 quod
1139 2052 1294 2118 conciliat
1316 2053 1365 2119 iu-

175 2172 325 2239 dicialem
349 2174 578 2243 discussionem
597 2178 694 2244 vinae
710 2179 802 2245 uocis
825 2200 899 2245 cum
916 2179 1067 2245 methodo
1090 2176 1282 2245 conficiendi
1302 2200 1363 2265 per

176 2314 291 2361 manus
314 2298 450 2362 actuarii
474 2298 635 2383 publicum
658 2300 906 2366 instrumentum
936 2302 976 2366 de
999 2301 1148 2367 omnibus
1171 2304 1250 2367 actis
1275 2301 1359 2367 iudi-

177 2419 325 2485 cialibus.

268 2547 343 2653 393.
369 2549 442 2613 Fuit
472 2551 612 2615 maxime
639 2551 671 2614 in
696 2570 786 2615 more
812 2552 1033 2616 Romanorum
1061 2557 1096 2619 et
1117 2554 1358 2619 Germanorum

176 2672 329 2739 iudicium
352 2675 430 2739 vieo
453 2694 532 2743 uoce
554 2677 709 2761 agitatum
733 2682 765 2740 et
790 2674 974 2751 delinitum
999 2676 1056 2741 sed
1080 2676 1119 2743 ob
1144 2674 1359 2750 incommoda,

174 2792 292 2875 quibus
314 2800 417 2860 scatet
439 2796 618 2861 huiusmodi
634 2801 785 2881 systema,
804 2798 921 2880 passim
937 2796 1070 2861 inolevit
1094 2816 1162 2860 rnos
1178 2794 1353 2861 adhibendi

179 2918 338 2981 notarium
363 2916 403 2981 ad
435 2918 669 2983 conscribenda
696 2924 769 2985 acta
798 2918 1050 2986 iudicialia.1us
1081 2939 1153 2985 can.
1178 2940 1359 3001 commune,

178 3042 314 3105 mixtum
337 3041 463 3107 induxit
487 3049 629 3129 systema
652 3064 711 3129 per
735 3044 933 3109 decretalem
957 3048 1029 3111 Inn.
1055 3046 1117 3125 Ill,
1142 3064 1216 3128 cop.
1242 3045 1288 3126 11,
1312 3045 1362 3110 Dc

174 3162 285 3244 prob„
302 3166 337 3230 X
358 3162 413 3249 (ΙΙ,
434 3165 496 3251 19),
510 3179 573 3251 qua
589 3170 809 3252 praescriptus
834 3168 897 3235 iuit
919 3189 995 3233 usus
1019 3170 1239 3234 actuariorum
1254 3166 1295 3232 ad
1312 3185 1361 3232 re

177 3284 315 3351 serenda
338 3290 466 3374 scriptis
491 3290 597 3353 omnia
619 3289 727 3354 iudicii
752 3296 783 3354 et
808 3310 926 3355 causae
951 3295 1025 3355 acta
1048 3290 1107 3376 (Ι).

267 3572 305 3644 (Ι)
320 3574 398 3628 iuvat
412 3576 515 3629 referre
527 3580 632 3629 textum
646 3573 901 3645 celeberrimaejcit.
913 3574 1069 3639 decretalis,
1079 3591 1151 3645 quae
1163 3574 1205 3628 ita
1217 3591 1247 3629 se
1261 3573 1362 3629 habet:

175 3694 194 3729 s
205 3677 341 3739 Quoniam
354 3684 451 3735 contra
464 3682 562 3735 falsam
576 3682 757 3735 assertionem
771 3680 858 3751 iniqui
873 3680 972 3733 iudicis
984 3680 1117 3735 innocens
1130 3680 1259 3751 litigator
1272 3698 1362 3751 quan-

177 3784 267 3856 doque
286 3801 341 3839 uon
366 3790 457 3855 potest
481 3802 574 3839 veram
595 3786 771 3855 negationem
792 3786 925 3854 probare3
951 3800 1013 3837 cum
1033 3784 1163 3853 negantis
1181 3785 1287 3837 factum
1314 3800 1365 3853 per

179 3909 272 3947 rerum
290 3896 418 3945 naturam
438 3892 515 3947 nulla
534 3893 571 3946 sit
589 3892 695 3947 directa
715 3892 860 3961 probatio;
879 3907 915 3945 ne
928 3890 1037 3944 falsitas
1055 3889 1170 3944 ueritati
1190 3888 1364 3959 praeiudicet

174 4000 228 4049 eut
245 3996 379 4065 iniquitas
398 3997 558 4066 praevaleat
577 3996 727 4066 aequitati3
747 3994 897 4049 statuimus
916 3999 947 4048 ut
966 3999 1024 4048 tem
1043 3995 1072 4047 in
1091 3993 1231 4048 ordinario
1259 3992 1363 4047 iudicio

176 4120 261 4175 quam
280 4102 509 4169 extraordinarie,
528 4103 610 4157 iudex
627 4119 736 4171 semper
754 4102 886 4155 adhibeat
910 4082 960 4154 aui
979 4100 1119 4169 publicam
1137 4098 1172 4171 (si
1192 4104 1287 4169 potest
1305 4098 1358 4152 ha·

178 4214 254 4280 bere)
269 4229 413 4283 personam
432 4214 481 4267 aut
499 4212 567 4267 duos
586 4213 660 4266 viros
677 4212 800 4275 idoneos,
820 4214 869 4281 qui
887 4210 1007 4264 fideliter
1027 4209 1156 4263 universa
1174 4208 1273 4262 iudicii
1295 4211 1361 4261 ecte

178 4321 368 4383 conscribant,
389 4320 518 4375 videlicet
537 4319 694 4384 citationes,
713 4317 871 4383 dilationes,
888 4316 1086 4381 recusationes,
1106 4316 1293 4385 exceptiones,
1314 4330 1364 4384 pe·

176 4428 302 4497 titiones,
316 4429 521 4499 ,responsiones
540 4428 783 4497 interrogationes,
804 4428 999 4492 consessiones,
1018 4425 1132 4481 testium
1156 4425 1362 4495 depositiones,
