3350 5117
490 299 533 345 nn
557 298 696 346 tumens
720 299 986 348 eccnnsmsrrots
1264 281 1330 347 239

241 420 318 486 209.
342 421 405 488 Sed
428 421 510 487 haee
533 423 611 487 vitia
633 423 843 508 possessionis
873 423 1040 490 iuridioam
1068 425 1202 490 tutelam
1229 427 1329 511 impe-

150 546 244 612 diunt
265 547 462 612 solummodo
488 548 591 631 quoad
622 549 712 613 illum
737 569 780 614 ex
803 570 866 632 quo
894 551 1010 615 iniuste
1043 549 1238 635 possidetur;
1265 553 1329 616 ndn

149 669 309 736 adversus
335 672 431 744 elios,
460 674 509 736 rei
536 676 768 737 controversae
803 677 995 753 extraneos,
1025 693 1087 756 qus
1112 693 1148 738 re
1172 675 1204 737 in
1228 676 1248 739 l.
1269 673 1329 756 53,

149 795 248 874 549,
269 796 306 878 ff.
330 795 380 860 De
402 815 476 880 uoq.
499 797 552 861 oet
575 796 681 861 amitt.
696 816 786 881 poss.
806 795 963 862 edicitur:
983 817 1001 860 s
1019 798 1194 864 Adversus
1218 804 1329 864 entra·

149 937 233 982 neos
256 917 375 984 vitiosa
394 921 562 1002 possessio
583 921 747 1004 prodesse
769 923 851 986 sotel
873 941 903 985 ».
931 921 1008 986 Nam
1026 923 1052 986 si
1069 923 1139 1006 quis
1154 923 1259 987 solens
1279 942 1330 986 me

151 1039 269 1108 iniuste
292 1043 472 1127 possidere,
497 1063 548 1108 me
571 1044 711 1128 spoliare
734 1044 830 1124 velit,
856 1043 1025 1129 repellitur
1049 1046 1176 1110 actione
1202 1065 1329 1130 posses-

150 1167 254 1240 soria;
278 1163 486 1248 quamobrem
509 1166 543 1229 in
559 1168 580 1232 l.
598 1165 631 1239 3,
647 1169 682 1250 ff.
701 1167 732 1230 h.
750 1173 771 1232 t.
789 1166 985 1232 advertitur:
1006 1169 1077 1232 ‹in
1101 1185 1236 1233 summa
1250 1187 1329 1250 pos·

148 1290 310 1356 sessionis
338 1309 409 1357 non
437 1292 583 1360 muttum
617 1291 769 1365 interest,
793 1293 879 1358 inste
913 1293 989 1376 quis
1021 1312 1069 1358 on
1100 1293 1222 1358 iniuste
1248 1311 1330 1375 pos·

149 1416 263 1481 sideni
279 1438 310 1480 >.

241 1541 422 1606 Praeterea
443 1541 511 1624 ipse
536 1544 584 1606 rei
612 1541 758 1606 dominus
781 1547 837 1606 aut
860 1541 1021 1628 legitimus
1045 1561 1219 1627 possessor,
1246 1542 1330 1606 iniu-

148 1670 233 1729 stum
258 1684 476 1749 possessorem
492 1668 524 1731 vi
541 1667 703 1752 repellere
719 1687 784 1731 non
808 1671 922 1752 potest,
936 1667 995 1731 nisi
1021 1668 1089 1752 ipso
1105 1668 1138 1732 in
1155 1687 1330 1752 congressu

147 1805 207 1850 seu
229 1786 267 1850 in
291 1787 474 1853 continenti
503 1789 574 1853 vim
603 1790 638 1853 oi
667 1789 874 1871 repellendo,
900 1788 939 1852 ob
970 1789 1120 1854 naturale
1147 1791 1196 1854 ius
1219 1789 1329 1854 delen-

149 1912 260 1977 sionis.
287 1913 367 1976 Nam
391 1915 416 1978 si
444 1912 589 1978 turrem
615 1913 698 1979 clam
723 1920 780 1979 aut
802 1915 965 1980 violenter
987 1915 1172 1999 abreptam,
1198 1913 1331 2008 paeifioe

149 2059 263 2104 soram
289 2041 445 2105 societate
467 2040 632 2125 possidere
658 2042 854 2126 incoeperit,
881 2047 913 2108 et
936 2041 972 2105 in
995 2043 1175 2108 interuallo
1199 2043 1238 2107 ab
1263 2045 1331 2128 ipso

149 2160 282 2225 domino
313 2181 334 2225 e
363 2181 401 2224 re
424 2162 542 2226 iniuste
565 2180 712 2244 possessa
733 2163 765 2226 vi
790 2161 973 2238 deliciatum
999 2162 1170 2228 interdicto
1198 2185 1332 2248 reeupe-

149 2285 289 2350 randoe
304 2284 536 2367 possessionis,
553 2304 572 2348 a
588 2284 693 2349 iudice
708 2287 741 2349 in
757 2288 990 2371 possessionem
1014 2288 1194 2352 restituitur
1211 2288 1274 2353 fur.
1288 2324 1332 2338 -

150 2413 270 2476 Actum
297 2412 383 2476 enim
407 2416 492 2477 esset
515 2411 555 2476 de
579 2411 714 2476 iuridica
743 2413 954 2495 possessionis
978 2413 1097 2493 tulela,
1122 2413 1147 2477 si
1171 2414 1256 2497 quis,
1282 2415 1331 2478 in·

148 2537 235 2600 luitu
259 2534 391 2599 dominii
412 2540 468 2599 aut
492 2535 628 2599 iniustae
652 2536 873 2620 possessionis,
892 2537 989 2600 alium
1014 2555 1032 2600 e
1055 2537 1256 2620 possessione
1280 2536 1332 2600 de-

148 2657 276 2742 pellere
300 2661 416 2742 posset.
442 2656 568 2722 ldoirco
592 2659 624 2721 in
648 2677 723 2740 rep.
749 2657 784 2730 5,
809 2658 859 2722 De
882 2663 960 2723 rest.
984 2659 1119 2741 spoliat.
1144 2659 1179 2723 X
1200 2657 1254 2744 (ll.
1276 2660 1328 2742 13)

150 2784 299 2844 cavetur:
318 2779 492 2846 «Praedo
523 2781 624 2846 etiem
651 2786 699 2846 est
725 2781 918 2846 secundnm
947 2782 1099 2867 riporem
1122 2783 1208 2848 inris
1234 2783 1331 2848 resti·

149 2903 348 2970 tuendus».
376 2903 419 2968 Et
440 2903 503 2967 hoo
526 2903 616 2968 salva
643 2904 776 2979 lustitia;
800 2924 875 2968 uam
900 2924 1004 2970 censa
1033 2907 1242 2990 possessionis
1267 2927 1330 2972 non

147 3026 353 3112 praeiudicat
367 3047 492 3094 coenae
507 3028 721 3114 proprietatis,
739 3047 821 3111 quae
845 3029 909 3093 alis
925 3031 1053 3094 actione
1070 3028 1230 3094 definitur.

150 3873 290 3943 legitime,
308 3873 366 3928 alio
384 3873 477 3928 animo
495 3875 611 3945 incipiat
630 3875 778 3946 possidere.
799 3876 839 3931 Ut
853 3893 916 3930 ecce
933 3876 956 3929 si
970 3875 1084 3930 colonus
1097 3893 1114 3929 s
1127 3875 1237 3930 domino
1256 3881 1330 3930 emat

149 3981 277 4036 fundum.
296 3981 366 4036 Item
384 3982 432 4053 qui
450 3999 500 4036 sno
518 3986 630 4037 nomine
649 3984 778 4053 possidet,
797 3983 885 4038 ueluti
905 3981 994 4050 heres,
1016 3999 1072 4037 non
1090 3982 1166 4037 velet
1185 4000 1229 4037 res
1249 3981 1330 4037 here-

150 4088 243 4142 ditate
255 4091 386 4158 acceptes
397 4088 537 4158 possidere
550 4089 629 4160 qussi
643 4099 759 4160 emptor,
773 4093 802 4144 et
815 4090 868 4142 nisi
888 4088 960 4143 elius
979 4089 1092 4143 accedat
1106 4088 1214 4156 titulus,
1225 4107 1268 4143 res
1281 4088 1331 4144 he·

152 4193 302 4248 reditariss
319 4209 406 4265 usque
425 4195 576 4264 possidebit
594 4197 673 4266 quasi
692 4196 783 4264 heres,
801 4205 1017 4267 repraesentans
1036 4199 1166 4266 defuncti
1180 4212 1332 4266 personam

153 4316 192 4354 ex
209 4317 267 4370 quo
283 4303 348 4354 iura
360 4310 387 4356 et
399 4317 485 4356 onero
497 4303 586 4356 hebet.
605 4301 649 4356 Its
661 4301 776 4358 Codices
792 4302 849 4358 civ.
865 4301 989 4356 hodierni
1009 4303 1133 4356 referunt
1147 4301 1217 4356 hene
1231 4302 1331 4371 legem.

154 4409 222 4462 cod.
242 4407 313 4462 Gall.
332 4425 356 4462 e„
376 4409 647 4476 224031nl.2118;
667 4413 745 4464 Aust.
765 4410 827 4464 319.
