3350 5117
535 318 579 365 nn
604 318 744 366 runicus
766 317 1031 367 nccnnsrnsrrors
1303 298 1370 365 283

279 433 356 502 251.
374 436 414 502 In
426 435 511 521 quod
523 438 720 525 propositum
733 438 815 504 baec
830 443 927 524 urget
942 438 1103 522 quaestio:
1121 438 1281 518 nimirum,
1295 439 1370 523 quia

185 560 247 628 lex
262 563 350 629 iubet
364 568 472 632 autum
489 569 582 630 certa
597 563 705 630 forma
719 570 775 633 ant
790 567 917 630 ratione
932 565 1113 652 ponendum
1129 584 1217 646 esse,
1234 565 1261 630 si
1273 585 1368 652 prae·

186 691 346 776 scriptum
369 690 452 776 legis
474 711 540 756 non
554 690 757 773 observetur,
774 693 943 776 quaeritur
964 711 1006 756 an
1029 696 1120 760 actus
1143 692 1184 756 sit
1207 691 1323 757 nullus.

279 813 332 879 Ad
343 813 574 880 dimetiendum
592 820 721 881 actuum
740 813 933 880 iudicialium
946 813 1100 886 valorem,
1114 816 1166 898 qui
1180 813 1370 899 frequenter

187 933 224 998 in
246 905 503 1002 cobbo-imnum
526 939 626 1010 venit,
644 917 885 1022 haec'quaesiio
901 944 950 1004 est
972 938 1068 1022 plane
1083 939 1191 1023 magni
1207 937 1367 1022 ponderis.

188 1059 342 1124 Iamvero
365 1061 447 1130 baec
470 1066 643 1133 teneantur
665 1061 843 1147 principia:

281 1185 313 1266 Ι)
335 1187 439 1250 Actus
462 1186 514 1269 qui
539 1185 694 1252 naturali
724 1186 801 1251 iure
824 1196 873 1251 est
895 1185 1020 1251 validus
1043 1205 1099 1250 seu
1123 1185 1212 1250 nullo
1242 1185 1370 1250 laborat

186 1308 320 1375 deiectu
343 1309 554 1384 substantiali,
571 1311 627 1378 sed
651 1313 723 1376 iure
746 1313 883 1397 positivo
907 1309 1106 1396 prohibetur,
1128 1314 1177 1375 est
1199 1329 1301 1393 aeque
1316 1329 1369 1374 ra·

186 1431 273 1498 lidus
295 1433 388 1499 iuxta
410 1434 578 1518 positivum
602 1435 661 1509 ins,
681 1435 743 1499 nisi
766 1433 976 1521 prohibeatur
1000 1452 1159 1516 expresse
1172 1431 1234 1499 sub
1253 1451 1369 1518 poeno

187 1557 364 1633 nullitatis;
388 1563 424 1623 ut
446 1558 540 1624 docet
562 1558 678 1644 regula
694 1561 774 1624 iuris
789 1578 861 1624 can.
880 1579 898 1622 e
909 1557 1027 1650 Qu
1046 1557 1125 1645 fieri
1142 1555 1370 1640 probibentur

185 1699 279 1764 quae
292 1679 325 1746 si
342 1679 437 1763 saeta
450 1679 591 1763 sumat,
608 1681 756 1748 obtinent
770 1680 904 1749 roboris
925 1681 1120 1768 punitatem
1136 1702 1168 1753 a,
1182 1701 1227 1747 ex
1243 1701 1317 1765 cop.
1335 1681 1367 1752 6,

189 1782 246 1874 De
260 1783 413 1894 aequior.
431 1809 465 1873 X
486 1808 560 1894 (Ill,
577 1810 633 1893 31)
657 1810 698 1874 ci.
717 1808 838 1875 Bened.
856 1809 948 1876 XlV.
966 1809 1016 1874 De
1031 1827 1103 1894 syn.
1122 1807 1201 1882 XII,
1219 1807 1253 1888 5,
1269 1805 1294 1874 3
1310 1803 1366 1892 (Ι).

276 1933 312 2018 2)
335 1932 445 2007 Quare
468 1933 595 2018 qnando
618 1934 791 2008 dubitatur,
807 1955 849 2000 an
874 1941 964 2002 actus
988 1937 1059 1999 inre
1080 1940 1146 2000 nat.
1164 1934 1298 2006 validus,
1316 1953 1368 1996 va-

187 2057 256 2122 leat
268 2057 366 2123 etiam
386 2058 458 2122 iure
473 2059 576 2144 posit..
594 2059 778 2124 revocanda
792 2065 868 2124 sunt
890 2059 1096 2144 generaliora
1118 2059 1278 2144 principia
1296 2057 1369 2150 «λῇ

186 2181 293 2248 dubio
317 2201 418 2281 omne
438 2181 570 2266 sactum
586 2184 826 2266 praesumitur
841 2187 928 2248 reete
944 2182 1074 2265 foetum
1092 2202 1110 2246 ›
1129 2187 1161 2246 et
1179 2201 1196 2244 e
1213 2181 1250 2246 iu
1265 2179 1367 2246 dubio

185 2281 469 2389 fuffnffiadum
490 2312 537 2372 est
558 2325 624 2389 pro
647 2309 765 2373 valore
787 2313 883 2375 uetus
899 2329 929 2372 ›.
955 2307 1035 2372 Nam
1052 2307 1184 2372 nullitas
1200 2313 1249 2374 est
1264 2325 1369 2390 poena

186 2437 223 2497 et
245 2433 346 2498 nulla
364 2451 481 2516 poena
503 2431 576 2498 siae
602 2434 674 2520 tepe
697 2438 798 2498 certo.
823 2433 873 2500 Cf.
902 2431 949 2500 Ol.
975 2431 1078 2516 13ff.
1106 2432 1158 2497 De
1180 2431 1249 2498 reb.
1274 2431 1368 2514 dub.;

186 2525 428 2639 (εΗ-(ΓΜ
449 2554 539 2622 verb.
557 2555 635 2639 obl.;
658 2562 692 2623 et
716 2575 790 2640 cap.
815 2557 838 2622 5
864 2557 914 2624 De
939 2554 1027 2622 verb.
1044 2555 1160 2641 siquis.
1178 2555 1211 2620 X
1232 2553 1367 2640 (ti-40).

277 2679 312 2764 3)
327 2678 456 2744 Exinde
472 2699 612 2745 canones
623 2681 886 2766 praescribentes
898 2681 1036 2766 aliquem
1049 2685 1155 2744 actum
1174 2678 1365 2752 iudicialem,

184 2822 346 2888 expresse
368 2805 515 2874 innuunt,
533 2825 718 2890 processum
742 2802 813 2870 fieri
839 2803 972 2885 nullum,
989 2805 1048 2869 nisi
1069 2803 1261 2868 observetur
1276 2808 1368 2868 actus

185 2929 222 2989 et
243 2923 351 2990 forma
372 2926 649 3012 praescriptionis.
673 2927 866 3012 Exemplum
889 2927 1015 2992 obvium
1040 2926 1178 2990 habetur
1201 2927 1234 2990 in
1259 2927 1364 2992 Consi.

185 3048 402 3144 Benedictina
427 3051 489 3117 liei
520 3051 746 3127 mumolione,
778 3071 837 3136 pro
869 3053 975 3118 causis
997 3048 1286 3116 matrimonialibus
1317 3051 1366 3114 iu·

184 3175 295 3246 bente,
311 3173 530 3242 Defensorem
545 3176 666 3242 vinculi
689 3175 906 3241 adhibendum
922 3195 993 3242 esse
1016 3178 1049 3241 in
1072 3177 1159 3243 omni
1176 3180 1269 3261 parte
1291 3196 1367 3261 pro-

185 3319 317 3376 cessus;
341 3322 435 3368 secus
457 3307 531 3368 acta
555 3302 672 3369 nullius
696 3308 771 3368 sunt
795 3302 931 3368 roboris.

277 3427 312 3512 4)
334 3427 517 3511 Aliquando
532 3448 612 3493 vero
637 3449 700 3494 non
724 3429 889 3514 reperitur
912 3431 946 3494 in
968 3429 1040 3516 lege
1057 3449 1212 3515 expresse
1228 3435 1366 3509 cautum,

183 3555 317 3618 certum
338 3557 447 3616 actum
462 3553 583 3636 requiri
607 3551 649 3616 ad
671 3551 882 3618 substantiam
898 3573 1085 3639 processus;
1110 3552 1317 3619 nihilominus
1340 3552 1366 3615 si

275 3780 318 3850 (ll
338 3778 453 3834 Codices
471 3779 595 3834 hodierni
610 3779 702 3835 solent
716 3781 903 3849 praescribere
916 3783 1031 3834 formam
1047 3797 1189 3850 processus
1208 3783 1258 3835 snb
1278 3797 1367 3851 poena

185 3887 343 3942 nullitatis:
363 3885 404 3940 ita
423 3887 481 3939 cod.
494 3887 541 3940 cit.
555 3886 637 3955 Greg.
650 3894 702 3940 art.
717 3887 769 3938 408
788 3888 880 3941 iubet:
900 3903 916 3939 e
930 3889 1125 3958 Quaecumque
1138 3889 1254 3943 violatio
1273 3889 1366 3958 legnrn

184 3991 321 4046 iudicium
340 3991 529 4046 ordinantium
548 3993 654 4047 inducit
667 3993 827 4047 nullitatem
841 3999 931 4048 actus:
951 4005 980 4046 at
994 3993 1039 4047 hie
1054 4001 1145 4064 potest
1163 3996 1299 4060 reiterari,
1313 3995 1365 4047 nisi

183 4097 395 4169 praeterlapsae
414 4099 453 4153 eit
472 4099 608 4154 terminus
624 4103 826 4170 peremptorius
845 4119 862 4154 a
882 4101 943 4172 lege
958 4103 1142 4173 praescriptus
1157 4121 1180 4156 a.
1200 4107 1239 4156 At
1251 4102 1366 4157 nullitas

184 4222 203 4258 a
216 4209 298 4274 parte
311 4204 391 4259 cuius
405 4206 522 4260 interest
534 4206 587 4260 nisi
601 4212 767 4276 opponatur,
781 4213 911 4262 censetur
928 4211 1056 4273 remissa3
1070 4224 1105 4264 ex
1119 4215 1171 4264 art.
1184 4209 1245 4276 778,
1259 4225 1365 4277 nempe:

184 4327 203 4362 ι
216 4309 343 4365 Nullitas
361 4314 441 4364 actus
458 4311 569 4366 deiectu
582 4312 688 4366 formae
706 4311 821 4367 debebit
832 4314 935 4382 opponi
948 4315 1022 4368 intra
1041 4319 1097 4370 tres
1110 4315 1227 4370 dies....:
1246 4313 1298 4368 hoc
1316 4312 1366 4367 de·

183 4416 266 4489 lapso
285 4419 414 4486 termino,
433 4419 507 4474 ectio
526 4419 666 4475 nullitatis
685 4438 739 4475 non
759 4399 919 4477 admittitur
932 4441 956 4478 n.
