3350 5117
303 299 367 364 198
825 320 909 367 runs
933 321 955 366 1.

292 505 296 512 ,
390 441 465 506 167.
480 441 606 508 Verum
627 441 768 508 actionis
784 463 807 507 a
821 443 898 508 iure
921 449 1135 510 controverso
1151 445 1321 517 distinctio.
1339 445 1483 510 maxime
1560 481 1563 490 ·

1144 525 1279 550 *-
1339 523 1471 545 -ι-·-···”“·ι

299 563 428 666 Q?
451 567 596 663 positivo,
615 569 659 666 Q
677 571 863 633 necessaria
886 575 918 635 et
933 569 1183 635 fundamentalis
1198 571 1395 636 admittenda
1417 577 1474 636 est.

300 691 382 756 Nam
395 691 540 758 omnibus
552 694 583 756 in
598 693 744 759 confesso
757 697 870 767 estius
883 696 1052 791 positivum
1067 695 1252 779 quibusdam
1266 695 1484 781 iuribuslege·

300 815 442 879 naturali
465 816 561 900 plane
591 816 705 880 validis
737 823 769 881 et
799 816 992 892 efficacibus
1018 817 1181 904 denegare
1206 839 1309 904 posse,
1332 818 1479 904 legitima

300 941 340 1006 de
364 961 469 1014 causa,
492 941 671 1007 iudicialem
696 944 875 1008 tuitionem.
901 945 1031 1026 Revera
1062 943 1212 1010 iudicium
1241 944 1324 1028 quod
1351 947 1401 1008 est
1423 963 1483 1028 pu·

301 1063 387 1128 blica
410 1067 603 1130 auctoritate
626 1067 831 1130 constitutum
863 1065 903 1130 ad
935 1069 1051 1132 civium
1084 1069 1155 1132 iura
1177 1067 1305 1138 tuenda,
1331 1065 1474 1130 eamdem

299 1188 519 1266 defensionem
543 1211 609 1254 non
633 1191 788 1263 concedit,
802 1192 1064 1275 quotiescumque
1087 1191 1213 1276 publica
1237 1195 1376 1277 potestas
1400 1209 1483 1254 non·-

300 1315 390 1379 nulla
412 1317 485 1380 iura
507 1315 569 1380 hac
591 1318 725 1382 tuitione
741 1338 858 1382 carere
875 1317 1036 1383 decernat.
1056 1318 1134 1384 lude
1158 1319 1277 1382 sactum
1295 1321 1394 1382 estut
1410 1315 1482 1380 Ro·-

300 1458 469 1503 manorum
501 1441 579 1513 iure,
611 1441 829 1506 tantummodo
862 1441 984 1507 civibus
1015 1443 1178 1523 Roruanis,
1203 1447 1236 1506 et
1266 1440 1387 1506 iuribus
1414 1437 1480 1503 sub

302 1567 402 1630 certis
425 1565 679 1631 solemnitatibus
707 1569 910 1653 comparatis,
936 1567 1170 1632 concederetur
1197 1566 1354 1631 iudicialis
1380 1565 1474 1629 actio.

301 1694 374 1758 Hoc
396 1713 474 1757 sane
498 1711 563 1756 non
582 1698 631 1757 est
647 1693 850 1758 tribuendum
875 1693 1065 1777 perfectioni
1082 1693 1161 1756 iuris
1176 1690 1302 1776 positivi
1326 1689 1418 1774 quod,
1436 1687 1477 1752 de

299 1838 345 1890 se,
363 1837 400 1883 eo
417 1817 593 1903 perfectius
617 1818 679 1882 dici
703 1817 798 1883 debet
813 1837 876 1902 quo
891 1819 1032 1902 pressius
1049 1818 1111 1881 iuri
1127 1816 1266 1882 naturali
1284 1815 1475 1886 adhaerens,

301 1942 448 2009 omnibus
464 1944 586 2010 iuribus
601 1946 764 2030 legitimae
779 1945 974 2009 defensionis
991 1949 1178 2028 potestatem
1202 1943 1353 2028 impertit.
1371 1941 1481 2017 Quum

302 2069 387 2132 enim
410 2072 443 2132 in
466 2071 619 2134 societate
643 2070 764 2133 licitum
787 2090 852 2133 non
876 2071 917 2134 sit
940 2068 1062 2133 civibus
1078 2068 1118 2132 de
1141 2067 1263 2132 iuribus
1285 2067 1391 2146 laesis,
1408 2067 1475 2149 pri-

301 2197 377 2258 vata
392 2193 594 2263 auctoritate,
612 2190 783 2256 uindictam
800 2181 939 2272 sumere,
952 2197 1006 2255 aut
1020 2191 1058 2254 de
1075 2190 1303 2260 controversis,
1316 2187 1480 2252 arbitratu

302 2338 370 2390 suo,
395 2320 613 2401 quaestionem
637 2317 800 2389 dirimere,
817 2316 912 2381 debet
934 2319 1003 2401 ipsa
1019 2315 1145 2400 publica
1161 2315 1336 2378 auctoritas
1353 2312 1483 2378 civibus

299 2447 430 2528 praesto
453 2463 533 2514 esse,
548 2442 666 2507 eisdem
690 2463 883 2528 comparans
897 2442 1040 2527 legitima
1063 2440 1166 2505 media
1189 2440 1229 2504 ad
1246 2437 1410 2504 efficacem
1427 2439 1477 2502 iu-

300 2570 383 2634 rium
406 2570 550 2635 tutelam.
566 2607 612 2617 -
635 2569 697 2635 Sed
720 2570 753 2633 in
777 2569 863 2634 cirili
889 2568 1053 2632 hominum
1071 2567 1232 2631 consortio
1248 2563 1364 2656 adsunt
1379 2564 1478 2627 eliam

298 2697 498 2762 certissimae
523 2699 674 2777 rationes,
699 2695 738 2760 ob
762 2715 841 2779 quas
873 2695 920 2758 ius
944 2695 1113 2779 positivum
1139 2691 1275 2775 deneget
1305 2686 1478 2770 aliquando

296 2823 450 2887 actiones.

389 2947 473 3012 Sane
488 2948 535 3010 ius
548 2947 738 3010 canonicum
751 2942 889 3028 perfecit
901 2943 950 3006 ius
967 2959 1143 3020 romanum,
1158 2943 1300 3004 statuens
1313 2939 1346 3001 in
1360 2957 1433 3020 cap.
1447 2937 1476 3012 1,

299 3072 350 3137 De
372 3071 498 3144 Paetis,
522 3071 556 3134 X
577 3070 615 3154 (l,
640 3067 696 3153 35)
720 3070 826 3132 omnia
849 3073 944 3152 pacta
967 3069 1124 3130 actionem
1144 3063 1324 3128 iudicialem
1341 3062 1482 3142 habere.

299 3217 357 3262 seu
389 3214 621 3280 quamcumque
649 3194 875 3279 obligationem
907 3193 1031 3256 admitti
1061 3189 1102 3253 ad
1133 3189 1266 3254 tutelam
1293 3187 1475 3252 iudicialem

303 3325 395 3387 iuxta
410 3320 553 3384 valorem
579 3321 657 3384 iuris
681 3318 848 3398 naturalis
870 3317 951 3400 quod
974 3315 1029 3378 lex
1054 3315 1272 3377 Romanorum
1298 3330 1362 3375 non
1389 3329 1476 3376 reco-

302 3446 479 3531 gnoscebat
502 3445 541 3509 ob
572 3443 705 3509 subtiles
728 3443 947 3507 distinctiones
977 3441 1063 3504 inter
1093 3441 1287 3502 contractus
1310 3439 1341 3498 et
1358 3439 1475 3516 pocla,

298 3578 405 3657 pocla
429 3572 578 3658 leuitima
601 3576 631 3636 et
653 3589 724 3636 non
747 3568 907 3654 leyilimu
924 3572 955 3629 cl
977 3564 1046 3628 alia
1071 3561 1277 3643 leuiurnzodr}
1300 3559 1342 3624 cf.
1363 3559 1474 3624 Devoti

303 3701 377 3790 (lus
393 3723 467 3769 can.
484 3701 534 3767 De
546 3696 680 3786 poclis).
695 3696 907 3762 Nihilominus
924 3696 972 3757 ius
988 3694 1177 3756 canonicum
1193 3688 1364 3773 aliquando
1380 3689 1476 3752 actio

299 3847 374 3893 nem
399 3826 580 3911 denegavit,
604 3827 717 3908 utputa
740 3819 1041 3892 excommunicatis3
1067 3815 1211 3900 quamvis
1228 3811 1409 3895 Legislator
1425 3828 1478 3873 ca·

302 3953 438 4018 nonicus
460 3972 526 4016 non
556 3947 718 4013 inficiatur
747 3944 1058 4010 excommunicatum
1086 3957 1178 4025 posse
1209 3937 1289 4002 alios
1316 3935 1375 4002 sibi
1400 3932 1475 3997 obli-

300 4100 381 4166 gare
404 4082 438 4144 et
459 4077 530 4141 aliis
554 4074 699 4158 obligari,
723 4072 830 4157 prouti
854 4073 942 4153 patet
966 4089 1008 4133 ex
1031 4085 1104 4148 cop.
1120 4066 1147 4138 1,
1172 4057 1480 4142 Derenobilla*
1543 4145 1545 4149 ,

300 4203 357 4287 (ΙΙ,
382 4199 437 4284 12)
461 4201 525 4262 iam
549 4196 693 4281 exposito
717 4193 775 4258 sub
798 4212 832 4256 n.
859 4190 915 4272 63,
936 4211 972 4273 p.
997 4188 1052 4260 84,
1067 4208 1138 4252 cum
1162 4187 1317 4270 ageretur
1339 4180 1379 4245 de
1402 4181 1476 4244 iure

297 4324 414 4413 agendi
438 4325 471 4388 in
495 4319 789 4387 excommunicatis.
815 4318 896 4380 Nam
920 4313 1110 4399 praesertim
1134 4311 1167 4373 in
1190 4326 1335 4395 poenam,
1353 4323 1411 4369 seu
1433 4301 1479 4366 ob

298 4450 488 4526 iustissimas
512 4446 655 4511 rationes
670 4442 733 4508 illis
748 4441 941 4524 denegatum
965 4435 1025 4500 fuit
1048 4429 1238 4498 beneficium
1261 4426 1401 4496 arbonis
1420 4423 1477 4490 iu-
