3350 5117
497 310 540 355 on
564 310 703 357 1uorcns
727 310 992 359 accunsnsrrcrs
1268 297 1330 361 191

151 430 221 494 iere
238 430 375 514 rogandi
390 437 463 495 acta
479 431 706 505 ecclesiastica,
731 438 787 499 aut
810 441 900 499 certe
921 433 961 499 ab
978 436 1138 521 Episcopo
1154 436 1186 500 vi
1210 436 1332 503 decreti

150 550 240 615 Trid.
258 552 475 637 prohibendos
498 573 577 625 esse,
598 574 640 617 ne
655 554 718 619 hoc
740 574 876 619 munere
894 556 1081 640 fungantur,
1100 558 1160 621 nisi
1178 578 1334 644 expressa

149 678 287 743 accedat
317 678 514 763 approbatio.
539 679 629 753 Quod
657 678 767 744 sedulo
799 680 926 746 adverti
957 680 1052 746 debet
1080 681 1120 746 ab
1146 682 1334 749 Ordinariis

148 802 308 867 adversus
324 822 388 883 eos,
405 804 468 885 qui,
487 802 561 869 freti
578 810 752 889 praecepto
769 806 849 869 iuris
866 826 980 869 comm.
999 806 1090 879 eccl„
1109 807 1197 874 forte
1211 807 1334 872 vellent

149 944 195 989 se.
211 944 274 1008 qua
291 927 444 996 notarios.
459 927 609 1011 ingerere
625 928 657 991 in
674 928 803 1012 negotia
819 929 911 1001 eccl..
925 930 1071 1013 apposita
1083 934 1156 993 acta
1170 936 1331 1013 rogantes.

151 1052 201 1116 Cf.
228 1052 342 1123 noun,
368 1052 389 1116 i.
415 1072 442 1118 c.
462 1072 499 1135 p.
523 1052 610 1119 505.

243 1176 376 1239 Demurn
409 1196 452 1241 ex
482 1175 574 1243 dictis
605 1176 775 1244 deducitur
806 1180 963 1262 quomodo
998 1179 1262 1246 satisfaciendum
1292 1184 1332 1247 sit

149 1303 344 1384 quaestioni,
371 1322 417 1367 ao
440 1322 561 1386 nempe
577 1302 675 1368 bodie
690 1304 801 1388 mapis
817 1306 979 1387 empediot
1002 1306 1039 1369 io
1064 1306 1169 1372 curiis
1192 1309 1269 1373 ecci.
1286 1307 1333 1371 cd

149 1424 281 1490 notarii
295 1444 356 1489 ceu
372 1424 568 1490 canceltarii
592 1444 717 1490 munus
740 1425 904 1493 adbibere
923 1428 1050 1494 iaimcm
1075 1428 1256 1505 bominem,
1273 1436 1333 1494 out

145 1551 265 1633 potius
288 1526 447 1617 clericum
463 1550 571 1617 sacris
586 1551 763 1617 ordinibus
787 1551 958 1617 initiatum
974 1556 1026 1619 cet
1042 1552 1272 1621 Sacerdotem.
1287 1590 1332 1601 -

150 1676 298 1739 Diximus
312 1711 330 1723 -
344 1676 470 1740 notarii
481 1694 539 1741 seu
552 1676 747 1742 canceltarii
762 1712 790 1747 -.
806 1680 977 1742 utmorem
994 1680 1214 1761 exprimamus
1231 1680 1332 1743 curia·

150 1820 233 1867 rum,
248 1800 401 1864 nimirum
418 1798 630 1867 constituendi
648 1798 832 1870 officialem,
849 1801 1033 1882 notarium,
1051 1801 1106 1866 sed
1124 1804 1331 1880 communius,

148 1922 396 1987 cancellari-um
419 1923 622 2007 appellatum.
644 1925 695 1987 oui
714 1944 827 1989 munus
841 1924 1050 1989 committitur
1074 1924 1209 2009 rogandi
1225 1926 1333 1990 omnia

147 2052 225 2109 acta
241 2044 404 2109 iudicialia
419 2052 451 2110 et
467 2046 734 2115 extraiudicialio‚
752 2064 833 2129 quae
853 2047 885 2109 in
908 2048 1000 2111 curia
1019 2047 1133 2129 quovis
1154 2046 1187 2109 in
1204 2047 1332 2131 negotio

148 2172 226 2255 poni
250 2172 430 2235 usuveniat.
446 2206 491 2217 --
508 2172 665 2243 lamnam,
683 2172 729 2235 uti
751 2171 813 2235 iam
837 2172 1009 2252 innuimus,
1027 2172 1141 2255 praxis
1164 2172 1331 2252 hodierna,

147 2314 233 2377 pene
250 2294 444 2359 universalis
460 2298 517 2367 est,
535 2292 715 2358 huiusmodi
732 2314 847 2358 munus
863 2294 1030 2361 Sacerdoti
1046 2294 1273 2361 committendi.
1289 2334 1330 2343 -

147 2418 331 2483 Admodum
349 2437 428 2482 vero
451 2418 504 2483 bic
527 2437 596 2483 mos
613 2418 804 2503 probandus,
822 2420 897 2503 quia
920 2419 998 2484 huic
1013 2417 1146 2484 officiali
1161 2419 1332 2505 pandenda

146 2546 225 2606 sunt
249 2541 344 2627 plura
360 2541 549 2606 documenta
571 2546 626 2605 aut
649 2540 689 2605 ab
713 2543 782 2627 ipso
799 2544 1013 2607 instrumenta
1030 2547 1105 2606 sunt
1121 2540 1330 2609 conficienda.

145 2665 266 2750 quibus
296 2666 409 2729 clerici
440 2670 633 2729 accusantur
656 2670 710 2730 aut
740 2666 1004 2736 condemnantur,
1035 2686 1184 2731 necnon
1213 2666 1277 2730 alia
1300 2666 1331 2730 id

145 2808 254 2873 genus
267 2790 396 2873 negotia
409 2789 442 2851 in
458 2789 557 2852 curiis
569 2786 739 2861 habentur,
758 2788 908 2873 religioso
925 2790 1052 2853 silentio
1068 2790 1213 2853 celando.
1230 2789 1330 2853 Prae-

145 2918 242 2976 terea
267 2910 361 2975 hodie
385 2931 481 2995 quum
509 2911 582 2977 laici
615 2912 772 2975 curiosius
796 2912 992 2976 clericorum
1024 2933 1132 2976 mores
1156 2913 1327 2995 inquirant,

145 3044 179 3101 et
202 3038 368 3101 curiarum
385 3036 525 3117 decreta,
543 3036 761 3101 ordinationes
784 3042 981 3109 scrutentur,
999 3044 1034 3101 ut
1051 3037 1177 3121 publice
1192 3038 1331 3122 prodant

144 3170 247 3244 atque
271 3162 429 3240 incusant,
446 3160 540 3245 plane
565 3162 666 3247 magis
691 3162 820 3245 expedit
844 3164 1009 3237 curiarum
1032 3169 1105 3227 acta
1129 3164 1331 3227 committere

147 3284 296 3371 roganda
313 3286 433 3350 clerico
457 3306 550 3369 quarn
574 3286 656 3351 laico
681 3288 822 3361 notario;
847 3293 879 3350 et
901 3288 1033 3371 pianum
1056 3294 1114 3353 est.
1142 3290 1189 3353 Cf.
1215 3290 1328 3362 Bouix,

146 3415 168 3477 i.
196 3434 226 3478 c.
248 3433 285 3495 p.
311 3413 384 3479 492
407 3412 464 3499 (l).

243 3540 317 3604 159.
332 3541 385 3603 Ius
401 3558 571 3603 commune
587 3538 667 3602 nibil
685 3541 896 3625 praescripsit
919 3538 958 3605 de
983 3541 1199 3624 qualitatibus,
1217 3541 1330 3625 quibus

147 3664 328 3727 instructus
351 3680 421 3727 esse
444 3660 558 3725 debeat
581 3662 743 3735 notarius3
769 3662 923 3743 quocirca
939 3660 1136 3726 ordinarius
1158 3668 1282 3728 tantum
1298 3664 1331 3727 in

146 3803 186 3848 eo
206 3786 350 3867 requirat
372 3782 590 3847 necessariam
606 3781 799 3866 probitatem
816 3788 849 3847 et
871 3784 1052 3863 scientiam,
1066 3804 1121 3847 seu
1138 3783 1331 3868 probitatem

240 4096 281 4167 (l)
302 4096 445 4165 Porpauca
463 4101 529 4149 sunt
547 4099 611 4149 acta
622 4096 651 4149 in
664 4096 749 4149 coriis
768 4096 899 4165 roganda,
913 4112 984 4166 quae
1001 4097 1082 4150 fidem
1097 4096 1198 4151 habore
1212 4096 1333 4152 debeant

147 4218 245 4257 coram
266 4202 339 4255 laica
357 4206 510 4271 potestat03
530 4218 656 4272 quaeque
677 4202 791 4271 proinde
810 4220 827 4255 a
848 4201 921 4255 laico
940 4205 1051 4257 notario
1075 4204 1247 4259 conficienda
1265 4206 1332 4261 sint.

150 4306 227 4361 Hace
247 4322 302 4361 non
322 4310 387 4359 sunt
405 4306 590 4360 instrumenta
609 4304 721 4359 maioris
740 4305 877 4375 ponderis,
897 4310 927 4361 et
946 4311 1012 4361 tunc
1034 4308 1125 4361 facilis
1144 4314 1187 4363 cst
1205 4326 1333 4365 recursus

148 4414 186 4467 ad
205 4412 309 4468 laicum
330 4414 477 4468 notarium.
