3350 5117
484 338 528 384 nn
554 336 693 385 ruamus
717 336 982 384 ucarusmsrrcrs
1257 317 1323 381 539

140 461 203 525 iuri
229 460 427 525 Iustinianeo
450 460 542 525 iuxta
566 460 587 525 l.
612 459 700 523 Ante
723 456 933 528 sententiam,
951 478 978 523 c.
1001 456 1152 528 Quorum
1175 458 1324 540 appella·

142 586 260 652 tiones.
287 582 483 649 -,Dicitur
516 602 597 649 vero
633 550 792 647 sententia
823 582 1069 647 interlocutoria
1102 583 1167 645 vim
1201 581 1324 646 habere

144 709 340 783 definitivae,
366 709 492 794 quando
525 711 593 774 eius
625 708 743 775 decisio
768 706 872 774 influit
902 710 935 772 in
965 709 1156 774 sententiam
1184 705 1324 773 definiti-

143 854 229 919 vam,
246 855 304 900 sen
328 834 448 919 aliquid
470 834 618 900 decernit
641 834 725 918 quod
751 834 898 919 reparari
923 853 989 899 non
1012 838 1117 919 potest
1131 854 1151 897 a
1165 833 1325 899 sententia

140 956 317 1023 definitiva.
340 956 452 1023 Veluti
481 958 508 1021 si
535 956 633 1021 index
656 958 697 1021 sit
720 960 889 1040 suspectus
911 960 944 1021 et
966 958 1125 1021 sententia
1147 955 1324 1021 interlocu-

142 1083 227 1145 toria
251 1081 460 1156 decernatur,
484 1081 616 1145 minima
640 1084 790 1145 constare
814 1080 854 1144 de
877 1081 1057 1165 suspicione
1080 1078 1203 1158 iudicis,
1227 1096 1324 1160 quum

143 1224 261 1290 reapse
277 1204 374 1269 iudex
391 1224 457 1267 non
473 1206 514 1269 sit
530 1203 680 1268 immunis
695 1224 715 1268 a
731 1202 833 1269 studio
858 1206 995 1288 partium
1012 1223 1068 1267 seu
1083 1204 1198 1268 merito
1215 1201 1256 1267 sit
1275 1220 1324 1265 su·

139 1336 279 1416 spectus,
294 1327 491 1395 definitivam
507 1329 654 1415 proferet
666 1330 868 1402 sententiam,
882 1350 964 1414 quae
976 1329 1072 1395 tacite
1088 1328 1195 1394 laedet
1210 1329 1259 1392 ins
1271 1346 1324 1393 ex·

144 1455 304 1539 cipieutis.
323 1453 373 1521 Ad
398 1452 480 1537 quod
498 1453 677 1538 periculum
702 1452 971 1537 praecavendum,
996 1453 1161 1537 excipiens
1176 1452 1326 1537 suspicio

145 1600 222 1644 nem
255 1578 368 1646 iudicis
395 1578 610 1675 admittendus
641 1583 690 1643 est
720 1580 815 1643 etiam
843 1577 926 1663 apud
957 1578 1095 1642 iudicem
1125 1578 1325 1663 superiorem

146 1722 207 1789 pro
231 1703 296 1767 suis
320 1701 474 1787 urgendis
498 1701 685 1768 rationibus.
710 1700 797 1766 Hinc
820 1706 909 1786 patet
931 1700 1109 1768 huiusmodi
1134 1701 1325 1765 sententiam

144 1828 440 1895 interlocutoriam
456 1847 539 1913 pene
555 1804 622 1893 vim
639 1826 761 1891 habere
774 1824 966 1897 definitivae,
983 1847 1040 1891 seu
1057 1845 1236 1911 gravamen
1252 1844 1323 1891 con·

140 1958 253 2025 tinere
276 1977 341 2021 non
367 1955 550 2041 reparabile
573 1976 632 2041 per
656 1956 848 2021 sententiam
872 1953 1078 2021 definitivam.

233 2082 310 2146 543.
338 2078 551 2145 Nihilominus
584 2080 652 2163 ipse
683 2078 780 2143 iudex
802 2080 857 2161 'qui
881 2080 1071 2145 sententiam
1101 2077 1327 2161 pronunciavit

143 2205 448 2279 interlocutoriam,
482 2202 626 2268 eamdem
658 2222 816 2269 revocare
839 2223 897 2268 seu
928 2204 1095 2288 corrigere
1118 2202 1214 2266 valet.
1244 2201 1323 2265 Nam

143 2330 211 2395 hoc
228 2330 393 2415 proprium
412 2334 461 2394 est
476 2330 568 2394 istius
583 2331 773 2411 sententiae,
791 2331 907 2413 quippe
922 2348 985 2393 non
1004 2326 1186 2393 definitivae
1208 2326 1324 2400 iudicii,

142 2460 180 2519 nt
205 2473 270 2518 non
295 2454 448 2519 terminet
471 2452 726 2517 iurisdictionem
754 2452 867 2517 iudicis
890 2452 1043 2538 delegati,
1067 2472 1172 2534 neque
1196 2451 1326 2536 expleat

143 2598 263 2643 munus
287 2578 400 2643 iudicis
424 2577 605 2652 ordinaria
625 2579 677 2660 qui
702 2577 869 2643 dumtaxat
884 2581 955 2662 post
977 2577 1168 2643 sententiam
1193 2574 1326 2641 definiti·

142 2724 231 2776 vam,
255 2703 325 2770 sice
350 2702 432 2769 deae
448 2703 518 2768 sice
540 2704 630 2767 male
653 2720 796 2767 munere
818 2722 879 2769 aaa
894 2702 1035 2786 sanctas
1048 2707 1105 2767 est.
1123 2701 1170 2769 cf.
1191 2720 1266 2784 cap.
1292 2706 1324 2774 9,

139 2828 193 2894 Dc
210 2829 266 2911 off.
283 2828 388 2913 delep.
408 2834 440 2893 et
460 2846 538 2893 aaa.
560 2825 655 2897 llaad
679 2826 770 2895 bene.
792 2844 884 2892 raas.
910 2828 941 2899 6,
959 2846 990 2911 q.
1008 2826 1032 2890 4
1047 2831 1079 2889 et
1103 2821 1324 2899 Reiffenstuel,

138 2952 191 3017 De
209 2957 293 3018 sent.
318 2956 348 3017 et
363 2970 402 3018 re
419 2952 499 3033 lad,
516 2972 551 3016 n.
570 2949 626 3017 93.
643 2948 785 3015 Proinde
801 2954 853 3035 qui
871 2972 905 3017 se
920 2956 1088 3037 gravatum
1110 2952 1206 3015 sentit
1221 2970 1240 3014 a
1255 2970 1325 3015 sen·

140 3074 247 3138 tentia
269 3073 525 3147 interlocutoria,
543 3064 619 3139 suae
644 3072 797 3157 querelae
816 3075 960 3139 rationes
983 3079 1124 3157 exponat
1146 3073 1204 3158 ipsi
1229 3072 1324 3137 iudici

140 3200 197 3282 qui
223 3199 357 3284 protulit
381 3200 584 3265 sententiam.
602 3199 644 3263 Et
660 3197 714 3262 hic
730 3197 783 3262 vel
806 3198 997 3263 seutentiam
1021 3203 1156 3263 reuocat
1177 3202 1233 3263 aut
1256 3218 1325 3263 cor·

138 3322 221 3405 rigit
252 3320 292 3385 ad
323 3321 508 3406 petitionem
541 3320 741 3406 excipientis,
768 3320 819 3385 vel
852 3317 1030 3386 confirmat.
1057 3322 1095 3385 ln
1122 3321 1224 3405 priori
1247 3340 1324 3386 casu

102 3526 105 3535 Ι
136 3448 205 3511 iam
230 3448 307 3511 satis
325 3446 510 3512 estfactum
526 3446 675 3515 instantis
699 3448 879 3513 intentioni.
898 3448 935 3511 ln
960 3447 1100 3511 secundo
1124 3451 1231 3511 autem
1248 3466 1326 3512 casu

134 3573 164 3637 si
190 3572 450 3639 interlocutoria
466 3572 529 3636 virn
554 3573 673 3637 habeat
687 3570 881 3653 definitivae,
894 3576 983 3657 patet
1005 3572 1108 3639 aditus
1131 3570 1171 3637 ad
1187 3572 1323 3639 iudicem

141 3697 349 3782 superiorem
366 3698 397 3762 vi
414 3698 654 3784 appellationis;
680 3718 773 3764 secus
788 3697 902 3763 iudicis
916 3700 1094 3764 sententiae
1117 3699 1325 3782 acquiescen-

140 3818 221 3884 dum
246 3824 304 3885 est.
322 3818 371 3887 Cf.
390 3821 422 3893 9,
446 3818 497 3887 De
514 3823 569 3905 off.
585 3820 656 3886 lad.
674 3822 779 3907 dalea.
794 3820 829 3885 X
842 3820 880 3904 (Ι,
902 3820 958 3907 39)
983 3826 1016 3887 et
1040 3817 1260 3902 Reiffenstnel,
1277 3822 1327 3888 De

141 3945 274 4028 appell.
299 3963 358 4009 nn.
382 3944 434 4025 16,
458 3944 532 4011 101.
556 3944 749 4009 —Exinde
773 3950 901 4010 cautum
926 3950 983 4018 est,
1001 3946 1034 4009 in
1057 3944 1166 4010 libello
1189 3946 1327 4032 appella·

138 4072 243 4138 tionis
259 4072 440 4138 sententiaa
457 4071 719 4137 interlocutoriae
743 4072 880 4156 exprimi
897 4074 1041 4137 rationes
1058 4072 1225 4155 quereiae3
1243 4072 1326 4157 quod

134 4217 208 4263 non
234 4198 412 4281 requiritur
435 4198 468 4261 in
493 4195 708 4281 appellatione
731 4214 751 4259 a
773 4197 935 4263 sententia
958 4193 1131 4261 definitiva.

236 4322 313 4388 544.
339 4325 465 4408 Exprta
493 4324 717 4389 controversia
740 4322 903 4397 incidenti,
933 4322 1032 4388 iudex
1061 4344 1122 4409 per
1150 4323 1327 4420 legitimam

141 4448 333 4514 citationem
351 4448 392 4514 de
408 4448 531 4515 obiecto
556 4449 751 4533 quaestionis
775 4454 807 4513 et
830 4454 977 4535 tempore
993 4454 1026 4513 et
1048 4448 1119 4513 loco
1136 4446 1328 4513 definitionis
