3350 5117
519 350 562 399 11
586 349 726 398 runicus
749 350 1013 399 nocuusmsrrors
1291 332 1350 397 171

268 472 341 537 133.
366 474 410 538 At
431 474 514 559 legis
536 479 569 538 et
591 473 730 539 iustitiae
753 473 855 538 tutela
875 471 1093 577 diversimode
1115 470 1255 540 officium
1276 474 1356 537 Pro

171 599 337 666 curatoris
352 600 379 665 F
380 600 488 665 iscalis
503 601 696 687 expostulat.
713 600 752 665 ln
768 602 837 685 ipsa
851 600 1067 687 appellatione
1081 601 1145 666 boc
1160 600 1354 666 adiectirum

170 726 290 810 fiscale
313 726 470 811 designat,
493 746 564 793 esse
587 727 659 791 iura
675 724 886 810 Reipublicae
909 726 1099 797 communia,
1112 725 1145 788 in
1168 724 1249 810 fisco
1265 743 1354 789 com·

171 846 349 930 prehensa,
364 866 446 930 quae
457 848 552 913 buius
565 848 793 914 Procuratoris
808 848 1052 913 committuntur
1068 845 1197 911 tutelae.
1211 880 1254 895 -
1268 844 1356 910 Hinc

171 972 346 1040 diversitas
369 972 466 1040 officii
490 975 718 1041 Procuratoris
742 972 877 1039 Fiscalis
899 994 919 1037 a
941 973 1059 1038 iunium
1089 970 1284 1039 tuendorum
1307 970 1355 1035 di·

171 1098 330 1163 versitate
354 1097 531 1183 repetenda
553 1104 611 1165 est.

265 1218 379 1297 Quoad
407 1220 553 1286 ordinem
583 1220 1169 1313 111119111911-1111111111919911,
1196 1220 1353 1289 11Ρ1ο9.

172 1344 261 1409 Fisc.
285 1342 457 1429 aliquando
479 1348 589 1445 partes
603 1347 672 1411 sive
686 1347 807 1411 actoris
826 1346 967 1439 sive-rei
990 1347 1025 1439 in
1047 1345 1165 1410 iudicio
1186 1350 1264 1435 agat
1286 1346 1355 1430 ipse

171 1442 278 1552 offis]
287 1444 459 1567 alb-qnando
480 1439 854 1567 ι1911111--111911111111
877 1473 905 1557 ej
922 1472 984 1561 qui
1007 1474 1076 1557 agit
1092 1471 1146 1538 191
1168 1469 1353 1559 respondet,

171 1574 331 1699 adiutans
354 1597 530 1689 inus..
476 1595 890 1689 1111911111
913 1595 1136 1695 crinorum

205 1692 341 1784 ”134
357 1721 439 1805 lpse
459 1720 585 1809 agitet
607 1720 781 1805 respondet
804 1722 900 1786 Proc.
924 1719 1022 1793 Fisc„
1047 1739 1209 1817 qua-pars
1231 1720 1354 1804 princi·

171 1846 266 1931 palis.
281 1846 314 1910 in
337 1846 376 1909 iis
400 1846 504 1911 causis
526 1846 560 1909 in
583 1844 697 1929 quibus
719 1846 826 1930 agitur
849 1844 1004 1943 directius
1026 1843 1066 1909 de
1088 1843 1172 1909 bono
1191 1846 1353 1909 communi

151 1950 476 2056 ''Reipublicaffqir'o
505 1942 894 2055 'ipsoei'suo'munere
912 1970 998 2037 tueri
1014 1968 1117 2041 debet.
1134 1969 1354 2056 promovendo

173 2069 345 2159 instantias
368 2092 541 2159 iudiciales.
559 2090 749 2159 Huiusmodi
772 2098 848 2157 sunt
862 2112 979 2158 causae
994 2092 1189 2166 criminales,
1207 2112 1287 2176 quas
1302 2094 1353 2157 in·

171 2220 299 2281 staurat
321 2216 521 2281 Procurator
545 2214 689 2287 Fiscello,
713 2234 871 2280 accusans
894 2216 982 2279 etin
1006 2214 1156 2281 iudicium
1172 2234 1353 2300 provocans

171 2341 377 2413 9111911911,
395 2360 438 2405 cx
460 2340 709 2407 denunciatione
724 2339 776 2405 191
799 2360 843 2405 ex
858 2340 1036 2424 praemissa
1051 2341 1264 2424 inquisitione,
1281 2360 1354 2425 gra·

170 2465 259 2529 11191
281 2468 464 2548 suspectum
479 2462 519 2527 de
536 2463 681 2536 crimine,
699 2461 738 2529 dc
755 2482 816 2547 quo
832 2469 1002 2528 accusatus
1017 2481 1053 2529 se
1068 2461 1244 2528 defendere
1258 2462 1355 2528 debet

171 2592 206 2655 in
222 2589 339 2655 iudicio
362 2594 478 2655 contra
497 2590 735 2655 accusationem
753 2590 983 2656 Procuratoris
998 2590 1148 2665 Fiscalis;
1163 2611 1258 2656 secus
1274 2610 1353 2656 con-

170 2712 388 2779 demuabitur.

265 2836 338 2903 135.
364 2838 489 2903 Verum
513 2836 593 2902 nihil
616 2835 775 2923 probibet,
800 2838 970 2920 quominus
992 2838 1089 2903 etiam
1108 2858 1225 2903 causae
1248 2838 1353 2902 crimi-

170 2960 273 3033 nales,
287 2960 441 3026 directius
463 2962 673 3047 respicientes
688 2961 808 3026 bonum
824 2961 1034 3047 Reipublicae
1050 2981 1227 3035 commune,
1244 2963 1278 3026 in
1301 2963 1352 3027 iu·

171 3084 291 3151 dicium
314 3083 516 3150 adducantur
537 3104 558 3149 a
579 3086 706 3171 privato
729 3086 809 3158 cive,
824 3084 951 3170 quando
967 3086 1036 3170 ipsa
1058 3085 1115 3151 lex
1129 3086 1352 3170 positivacui-

170 3226 309 3292 cumque
333 3206 398 3271 9111
421 3208 470 3272 ius
493 3211 712 3293 recognoscat,
735 3208 800 3271 imo
822 3206 1007 3272 mandatum
1030 3207 1132 3273 faciat
1145 3207 1256 3273 tuendi
1280 3210 1353 3273 iura

171 3328 384 3416 Reipublicae
400 3329 589 3403 communia
607 3330 724 3415 quippe
743 3328 825 3393 haec
847 3331 921 3395 iura
942 3332 1012 3395 sive
1026 3330 1120 3404 bona,
1138 3334 1283 3415 quamvis
1303 3329 1351 3396 di-

170 3456 294 3521 rectius
317 3454 433 3519 civium
465 3454 710 3519 universitatem
737 3456 908 3540 attingant,
931 3460 1041 3522 111191
1066 3456 1225 3525 indirecte
1255 3457 1351 3523 etiam

169 3578 318 3666 singulos
340 3580 526 3666 respiciunt
546 3580 593 3645 uti
616 3580 747 3665 planum
771 3586 828 3645 est
854 3616 897 3629 -
920 3576 986 3647 Sed
1008 3602 1051 3646 11
1075 3583 1264 3666 cuicumque
1287 3583 1352 3647 civi

169 3705 335 3787 competat
363 3720 463 3787 agere
486 3703 519 3766 iu
542 3703 595 3771 his
617 3704 764 3788 negotiis,
788 3702 843 3768 vel
864 3705 969 3789 potius
998 3704 1164 3769 exclusive
1188 3705 1350 3771 Procura-

168 3827 236 3892 tori
259 3826 380 3891 Fiscali
402 3844 460 3891 seu
482 3823 609 3911 publico
639 3827 851 3912 magistratui,
879 3827 934 3892 vel
961 3828 1156 3893 cumulatire
1177 3827 1241 3893 hoc
1263 3848 1351 3893 com·
1446 3814 1452 3823 ’

169 3954 261 4037 petat
283 3956 316 4015 et
340 3951 552 4017 Procuratori
575 3950 692 4017 Fiscali
716 3956 749 4018 et
771 3951 911 4029 civibus3
935 3955 998 4019 hoc
1027 3952 1237 4039 repetendum
1260 3958 1310 4021 est
1331 3975 1352 4021 a

168 4072 244 4160 lege
267 4073 406 4159 positiva
428 4073 581 4157 cuiusque
604 4074 743 4140 civitatis
766 4074 822 4161 (1).

259 4247 300 4318 (1)
319 4248 446 4303 Historia
464 4249 543 4303 Proc.
556 4248 674 4304 Fiscalis
687 4251 810 4306 tenebris
823 4250 983 4307 obvolvitur
994 4254 1152 4308 remotioris
1164 4253 1350 4324 antiquitatis,

168 4358 295 4411 atcerte
314 4356 344 4409 in
364 4356 425 4410 iure
443 4372 504 4409 can.
523 4374 603 4410 snum
622 4354 734 4411 initium
752 4356 846 4413 habet.
865 4357 936 4411 Nam
955 4359 984 4414 in
1003 4358 1176 4416 documentis
1193 4361 1263 4415 iuris
1281 4378 1349 4417 rom.

170 4459 292 4517 hebetur
310 4477 423 4529 nomen,
435 4460 483 4517 sed
495 4462 656 4516 institutum
669 4462 832 4518 hodiernum
847 4464 925 4518 Proo.
938 4464 1055 4520 Fiscalis
1067 4483 1123 4521 non
1136 4466 1263 4523 babetur.
1278 4466 1349 4522 Nam
