3350 5117
499 342 542 387 na
567 340 706 388 romeus
731 338 995 387 nocunsrnsrrcrs
1275 320 1340 384 417

250 466 326 532 388.
352 466 498 532 Primum
522 468 714 553 principium
744 471 802 547 est,
828 465 1014 531 introducto
1037 465 1154 531 iudicio
1177 464 1258 529 nihil
1287 466 1340 550 agi

30 615 31 657 ι
159 590 280 657 debere
303 592 344 655 ab
369 611 432 657 una
455 596 557 677 parte,
582 592 687 657 attera
709 591 865 671 inaudita,
883 610 940 657 seu
956 592 1063 655 omnia
1077 588 1202 675 agenda
1217 610 1287 654 esse
1304 592 1342 655 in

158 717 434 789 contradictorio,
459 716 539 781 adeo
563 721 598 781 ut
622 734 781 801 unapars
804 714 939 781 alterius
962 716 1172 780 intentionem
1197 714 1342 779 refutare

157 841 283 915 valeam
308 861 401 907 secus
425 838 496 905 fleri
518 844 627 924 posset
649 844 684 903 ut
715 840 785 923 quis
813 831 1008 911 indefensus
1033 844 1147 903 contra
1171 840 1340 910 iustitiam,

159 963 380 1038 damnaretur,
405 964 512 1049 prouti
535 968 631 1027 cavet
653 963 674 1027 t.
690 962 717 1035 1,
741 963 776 1045 ff.
804 960 855 1026 De
876 979 947 1047 rey.
972 962 1052 1025 iure
1079 947 1227 1045 «Neque
1256 961 1340 1024 enim

159 1090 305 1156 inaudita
335 1110 433 1155 causa
463 1107 653 1173 quemquam
685 1088 831 1152 damnari
857 1088 1028 1169 aequitatis
1059 1090 1142 1152 ratio
1165 1088 1287 1171 patitur
1311 1108 1340 1150 ›.

163 1214 254 1281 Idem
277 1214 457 1280 decernunt
480 1236 506 1280 c.
524 1236 551 1279 c.
568 1214 612 1307 2,
629 1213 677 1279 De
699 1217 781 1278 sent.
806 1218 839 1278 et
861 1234 900 1281 re
915 1216 997 1287 iud..
1021 1214 1059 1277 in
1084 1214 1187 1280 Clam.
1212 1209 1268 1295 (11,
1287 1212 1342 1293 11)

161 1343 193 1403 et
215 1340 244 1413 1,
269 1339 320 1406 De
343 1358 435 1405 eous,
456 1358 548 1422 poss.
572 1344 603 1405 et
628 1339 806 1422 proprtct„
832 1340 868 1404 X
888 1339 944 1421 (11.
973 1339 1035 1424 12),
1056 1339 1088 1403 in
1112 1359 1174 1423 quo
1202 1337 1343 1402 advertit

163 1464 337 1530 Pontifex:
364 1486 381 1527 c
406 1462 478 1531 Nec
499 1484 562 1531 nos
585 1472 704 1532 contro
731 1466 925 1533 inauditam
945 1474 1082 1552 partem
1104 1468 1237 1553 aliquid
1262 1493 1342 1557 pos-

163 1604 283 1653 sumus
305 1588 487 1654 memore
502 1610 532 1651 s.
557 1586 719 1662 Quocirca
742 1594 815 1653 acta
839 1592 935 1655 etiam
960 1593 1187 1659 causae'inter
1204 1618 1258 1662 eos
1274 1603 1344 1664 tan·

162 1717 229 1777 tum
253 1712 365 1776 valere
389 1718 536 1797 possunt..
562 1712 632 1796 qui,
659 1715 702 1777 uti
727 1718 855 1799 partes,
883 1715 917 1779 in
942 1715 1057 1781 iudicio
1084 1720 1183 1787 auditi
1206 1721 1339 1789 fuerunt

165 1857 223 1901 sua
246 1838 319 1902 iura
342 1857 486 1922 congrue
516 1836 736 1903 defendentes.

253 1962 329 2026 389.
355 1961 501 2025 Alterum
526 1962 717 2047 principium
742 1964 929 2029 continetur
952 1986 991 2030 ea
1013 1968 1145 2052 regula:
1172 1970 1274 2037 «Res
1290 1972 1342 2038 in·

165 2086 216 2147 ter
238 2083 326 2148 otios
348 2087 435 2153 acta,
459 2082 555 2148 nobis
578 2102 641 2148 nec
663 2102 785 2150 nocere
809 2104 873 2150 nec
891 2086 1055 2168 prodesse
1073 2094 1183 2171 potest
1206 2112 1237 2155 ›.
1263 2093 1344 2157 Nam

165 2225 204 2270 ea
227 2207 336 2270 omnia
360 2227 441 2291 quae
473 2206 588 2273 iudicio
613 2214 823 2294 peraguntur,
848 2209 1016 2276 subiacent
1047 2217 1186 2278 examini
1211 2222 1243 2282 et
1266 2239 1344 2283 con·

164 2335 300 2398 tentioni
324 2334 526 2420 litigantium.
551 2336 665 2419 quibus
696 2336 833 2421 proinde
863 2343 987 2404 tautum
1014 2339 1057 2406 ab
1080 2342 1163 2424 ipsis
1186 2349 1262 2409 octa
1285 2366 1343 2410 no-

166 2463 349 2522 cumentum
374 2463 429 2522 aut
452 2460 699 2525 emolumenturn
735 2456 856 2524 afferre
892 2460 1019 2526 debent.
1057 2463 1105 2528 Ita
1139 2463 1277 2532 edicitur
1310 2468 1344 2532 in

167 2603 193 2647 c.
218 2602 246 2647 e.
272 2580 304 2651 6,
329 2580 379 2646 De
402 2582 469 2665 sicle
495 2581 602 2651 insta..
627 2583 660 2645 X
682 2580 739 2665 (11,
764 2582 820 2666 20)
846 2583 960 2655 ereo,
984 2584 1036 2657 17,
1061 2585 1111 2650 De
1140 2593 1221 2653 sent.
1247 2594 1279 2654 et
1306 2609 1346 2656 re

166 2706 247 2777 iud..
266 2706 369 2792 X(11.
388 2706 453 2790 27),
472 2707 504 2770 in
528 2726 590 2789 quo
614 2712 775 2790 postremo
800 2707 1004 2774 decernitur:
1031 2730 1049 2771 c
1072 2730 1128 2777 res
1150 2712 1240 2777 inter
1260 2712 1346 2779 alios

167 2837 244 2898 octa
267 2850 337 2897 non
364 2836 483 2897 noceat
510 2831 715 2916 regulariter
738 2832 816 2897 otiis
843 2833 943 2899 iuncta
967 2836 1216 2903 constitutiones
1242 2858 1345 2905 cono·

167 2951 264 3017 tricas
280 2958 311 3017 et
327 2952 439 3018 ciuiles
451 2972 482 3017 ›.
501 2953 670 3017 Rationem
696 2953 843 3025 reddunt,
869 2973 939 3039 req.
956 2955 1009 3019 22
1031 2956 1097 3021 ίαν.
1113 2958 1150 3022 in
1174 2958 1215 3022 6:
1242 2978 1346 3025 «non

167 3072 265 3139 debet
279 3072 405 3157 aliquis
421 3073 561 3139 atterius
578 3074 655 3140 odio
668 3075 882 3160 perororari
898 3096 928 3147 s,
947 3080 979 3140 et
994 3078 1051 3142 tear
1065 3079 1100 3161 ff.
1114 3078 1164 3143 De
1179 3098 1249 3165 reo.
1266 3079 1346 3145 tua:

171 3217 277 3263 «nott
301 3198 395 3264 debet
419 3198 519 3264 ottera'
537 3218 605 3281 per
627 3199 774 3265 alterum
798 3200 919 3284 iniqua
942 3201 1087 3267 conditio
1110 3202 1235 3286 inferat
1257 3225 1288 3267 ›.

124 3324 125 3327 ’
230 3366 231 3371 1
258 3321 334 3387 390.
361 3322 484 3387 Passim
509 3324 703 3396 canonistae,
722 3325 758 3387 ut
772 3330 846 3388 acta
870 3342 986 3389 causae
1009 3326 1095 3388 inter
1119 3325 1247 3389 easdem
1270 3347 1346 3411 per·

170 3462 266 3508 sonas
283 3442 414 3507 valeant
436 3443 470 3505 in
493 3442 557 3506 alia
573 3442 733 3517 instantia,
751 3443 857 3508 soient
879 3442 999 3508 addere
1015 3443 1238 3519 conditionem,
1251 3446 1347 3512 dum·

168 3568 271 3635 modo
294 3588 365 3635 non
386 3570 541 3635 varietur
563 3570 685 3636 modus
709 3570 858 3656 coendi5
881 3569 923 3635 cf.
942 3568 1107 3637 Reiffeust.
1133 3571 1179 3638 tit.
1201 3574 1251 3639 De
1273 3573 1344 3639 iud.

168 3713 201 3757 η.
226 3693 299 3758 101.
325 3691 413 3757 Idem
444 3699 558 3758 auctor
582 3693 668 3759 hano
699 3692 805 3759 reddit
837 3696 1012 3760 rationem:
1041 3695 1134 3761 «Sic
1166 3696 1250 3760 enim
1274 3700 1347 3762 acta

168 3818 356 3903 probatoria
380 3840 436 3885 seu
454 3822 675 3887 attestationes
699 3826 850 3905 receptae
866 3822 899 3884 in
923 3821 1040 3886 iudicio
1063 3823 1235 3887 summario
1251 3818 1346 3885 fidem

169 3963 234 4009 uon
259 3944 383 4010 iaciunt
406 3946 439 4009 in
462 3945 579 4012 iudicio
603 3946 767 4010 ordinario
790 3966 822 4010 ».
841 3945 931 4020 Quae
953 3951 1062 4011 tamen
1086 3947 1200 4031 regula
1223 3947 1267 4011 ita
1289 3967 1347 4032 ge-

171 4070 330 4137 neraliter
346 4072 518 4136 enunciata
534 4090 599 4135 non
622 4070 750 4135 ridetur
766 4090 856 4143 vera,
871 4090 931 4135 uec
948 4070 1126 4137 desumitur
1142 4092 1184 4136 ex
1199 4090 1274 4154 cop.
1287 4070 1345 4145 38,

170 4192 221 4259 De
238 4198 306 4259 test.
325 4200 355 4259 et
378 4199 501 4267 attest,
526 4195 561 4258 X
576 4196 631 4275 (11.
646 4194 712 4278 20),
729 4195 875 4279 quamvis
898 4194 966 4259 eius
988 4195 1216 4260 sanctuarium
1240 4196 1285 4260 ita
1306 4196 1348 4260 sit

173 4320 381 4401 conceptum:
410 4318 645 4385 Attestotiones
675 4322 829 4401 receptae
860 4317 897 4382 in
925 4319 1115 4383 summario
1144 4319 1248 4402 fidem
1277 4338 1347 4384 nort

172 4436 307 4519 faciunt
329 4439 366 4504 in
385 4442 544 4524 plenario
569 4440 692 4506 iudicio
718 4463 747 4504 ».
772 4437 973 4505 Summano
996 4441 1146 4523 capitum
1170 4442 1255 4506 euim
1275 4461 1348 4505 con·

318 4566 377 4620 Soc.
399 4566 483 4635 Leda.
1170 4567 1205 4618 27
