3350 5117
299 266 345 334 52
827 284 911 332 rans
936 284 958 331 1.

300 408 444 495 gravior.
461 408 586 474 Verum
611 409 638 473 si
661 410 805 493 quaestio
820 409 1041 477 restitutionis
1064 410 1101 477 in
1118 411 1292 499 inteprnnc
1312 411 1482 477 exoriatur

299 530 481 598 incidenter
510 550 554 596 ex
584 531 688 596 altera
718 550 825 613 causa,
849 533 913 596 iam
944 530 1145 597 arbitrorum
1176 530 1399 600 deliberationi
1422 532 1479 599 de-

297 655 467 731 mandata3
490 659 633 721 tuncne
656 674 769 719 eorum
791 651 931 719 officium
954 655 1193 742 praepediatur,
1210 658 1407 741 permittitur
1423 678 1479 723 oo-

297 779 398 867 gnitio
420 780 518 843 etiam
545 777 641 843 huius
669 794 787 843 causae
817 774 1000 851 incidentis;
1024 797 1095 862 arg.
1120 797 1194 861 rap.
1220 780 1244 844 9
1265 779 1316 845 De
1337 784 1416 845 rest.
1440 780 1480 845 in

299 902 360 991 int.
372 902 407 967 X
417 901 524 987 (1-41),
534 900 588 965 ubi
604 900 666 966 hoc
681 899 882 965 decernitur:
895 920 914 962 ‹
927 948 979 964 .....
993 898 1118 970 Arbitri
1134 899 1174 965 de
1186 899 1248 965 hac
1264 920 1362 967 causa
1374 900 1477 987 (resti-

296 1026 432 1092 tutionis
454 1026 488 1090 in
511 1022 686 1111 integrum)
702 1042 901 1109 cognoscere
923 1028 1096 1106 nequeunt,
1114 1024 1175 1090 nisi
1199 1044 1310 1089 coram
1326 1026 1374 1089 eis
1390 1030 1478 1097 mota

296 1150 397 1217 fuerit
419 1150 611 1217 incidenter,
628 1150 667 1215 In
681 1149 909 1215 matrimoniali
933 1167 1059 1233 quoque
1080 1169 1187 1223 causa.
1204 1151 1329 1217 liberali
1346 1150 1399 1215 vel
1415 1151 1476 1215 cri·

295 1272 419 1347 minali
432 1292 511 1339 enm
526 1274 674 1338 nraines
688 1272 816 1338 iudices
828 1271 979 1357 enipant,
992 1270 1116 1337 arbiter
1129 1274 1239 1358 nequit
1251 1274 1369 1339 assumi
1382 1296 1401 1335 »
1416 1273 1474 1359 (l).

384 1401 438 1467 23.
463 1399 584 1501 Deinde
615 1398 835 1484 quaerendum
865 1403 914 1463 est
944 1418 964 1462 a
990 1418 1128 1483 quonam
1160 1395 1371 1485 designentur
1399 1422 1473 1488 per-

293 1544 393 1591 sonae
416 1502 624 1597 arbitrorum
641 1524 813 1609 praecipue
828 1522 935 1607 inris;
958 1542 1000 1588 au
1024 1543 1140 1610 nempe
1163 1545 1184 1589 a
1206 1526 1397 1611 magistratu
1421 1526 1475 1591 rel

293 1619 604 1717 acontendentibus
635 1650 805 1735 eligantur.
831 1650 979 1713 lamvero
1010 1649 1203 1735 principium
1236 1651 1391 1736 generale
1413 1658 1472 1727 est,

291 1772 441 1841 arbitros
463 1773 635 1860 elipandus
656 1790 728 1838 esse
750 1772 950 1854 apartibus
973 1773 1257 1855 contendentibus,
1282 1773 1323 1839 cf.
1341 1794 1410 1860 cap.
1432 1775 1473 1841 14

292 1902 341 1967 De
364 1900 531 1986 rescriptis
554 1901 587 1965 X
602 1896 692 1984 (1-3).
707 1918 778 1965 non
800 1917 823 1963 a
844 1896 956 1964 indice
977 1916 1038 1963 sen
1061 1918 1083 1964 a
1107 1898 1320 1984 naptarum,
1344 1901 1413 1967 nisi
1434 1902 1472 1968 in

292 2024 524 2093 controversia
546 2028 577 2088 et
599 2022 672 2106 ipse
691 2040 778 2106 pars
798 2022 861 2105 sit,·
884 2026 996 2106 utputa
1019 2022 1052 2086 in
1075 2041 1173 2089 causa
1198 2022 1344 2090 obiectae
1368 2026 1471 2110 suspi-

291 2149 404 2229 cionis,
420 2167 464 2213 ex
486 2166 561 2230 cop.
578 2144 628 2211 39
643 2146 694 2210 De
711 2142 772 2228 Off.
795 2149 828 2209 et
836 2150 909 2227 pol.
933 2144 954 2210 i.
972 2145 1004 2211 d.
1021 2146 1054 2210 X
1069 2144 1178 2233 (1-29).
1196 2180 1240 2197 ·-
1266 2145 1368 2213 ludex
1390 2166 1473 2214 vero

290 2272 397 2349 debet,
410 2272 584 2344 ordinario,
597 2270 637 2335 ad
650 2270 832 2335 instantiam
845 2270 946 2354 partis
957 2270 1114 2336 interesse
1126 2269 1284 2345 habentis,
1298 2272 1472 2357 aliquando

290 2400 389 2465 etiam
411 2420 455 2465 ex
470 2396 575 2464 officio
599 2417 666 2470 suo,
686 2398 837 2483 supplere
860 2398 999 2483 partium
1014 2398 1254 2483 negligentiam,
1271 2402 1298 2464 si
1322 2399 1472 2467 arbitros

289 2526 379 2593 iuris
394 2526 517 2612 eligere
539 2524 715 2610 negligant,
732 2543 794 2588 nec
815 2544 879 2589 non
895 2524 1044 2605 arbitros,
1062 2526 1120 2589 etsi
1138 2526 1467 2609 compromissarios,

290 2673 412 2739 urgere
436 2656 471 2717 ut
492 2670 608 2717 munus
631 2655 813 2733 susceptum
837 2650 900 2715 rite
922 2648 1085 2733 expleant.
1110 2668 1179 2735 arg.
1197 2669 1271 2732 cap.
1289 2650 1342 2717 cit.
1359 2648 1417 2717 39.

377 2774 431 2839 24.
458 2772 536 2838 Cum
560 2776 669 2857 partes
688 2770 777 2855 ipsae
793 2767 1023 2833 contendentes
1046 2768 1187 2835 arbitros
1203 2769 1272 2834 sive
1288 2769 1377 2835 iuris
1398 2772 1470 2837 sive

289 2899 608 2983 compromissarios
631 2896 754 2982 eligere
777 2892 923 2966 debeant,
949 2892 1174 2977 inquirendum
1198 2898 1256 2975 est,
1281 2895 1480 2991 Qut-'Q

289 3022 430 3116 arbitros
453 3021 578 3115 assumi,
594 3020 724 3105 possint.
741 3054 785 3067 -
809 3017 892 3092 Quia
914 3016 1052 3083 edictum
1067 3016 1109 3081 de
1125 3016 1257 3083 arbitris
1283 3022 1331 3083 est
1354 3018 1467 3102 prohi-

292 3112 454 3227 bitorium,
472 3145 513 3209 cf.
531 3146 552 3209 l.
569 3144 622 3218 12,
638 3146 673 3227 ff.
692 3142 741 3209 De
761 3142 906 3223 iudiciis,
923 3160 980 3205 seu
999 3140 1144 3207 excludit
1158 3146 1290 3207 ‘tantum
1316 3160 1469 3226 eosquos

289 3270 443 3360 prohibet
465 3286 629 3354 expresso,
661 3266 776 3361 arbitri
805 3270 938 3350 possunt
969 3284 1040 3330 esse
1067 3284 1179 3330 omnes
1203 3266 1256 3350 qui
1280 3284 1345 3329 non
1370 3284 1466 3351 repe-

285 3398 419 3462 riuntur
440 3392 605 3480 prohibiti.
631 3427 650 3439 -
675 3391 792 3474 Nequit
815 3410 886 3455 esso
908 3388 1040 3463 arbiter,
1178 3370 1182 3375 ⁶
1224 3378 1229 3385 ⁵
1318 3371 1324 3378 ¹
1352 3370 1462 3395 -......

377 3516 410 3604 l)
434 3516 586 3603 pupillus,
610 3518 727 3595 mutus,
750 3511 875 3593 surdus,
899 3511 1049 3612 furiosus,
1067 3510 1108 3575 cf.
1134 3512 1155 3575 l.
1178 3510 1249 3593 7,§
1271 3510 1307 3588 2,
1324 3514 1359 3595 ff.
1378 3510 1409 3576 b.
1428 3516 1467 3595 t,-

374 3644 410 3727 2)
434 3643 474 3707 ob
487 3642 648 3706 defectum
659 3638 782 3711 aetatis,
790 3638 896 3701 minor
908 3636 1021 3723 viginti
1034 3636 1137 3717 annis,
1146 3655 1189 3700 ex
1202 3635 1224 3701 l.
1234 3656 1312 3702 cnm
1326 3636 1464 3723 lepe46,

375 3872 414 3943 (l)
429 3871 551 3940 Legibus
564 3868 685 3923 romanis
699 3881 748 3936 per
760 3866 906 3919 arbitrium
920 3864 1030 3920 decerni
1044 3880 1099 3919 non
1111 3870 1240 3934 poterant
1253 3882 1355 3920 causae
1366 3876 1464 3934 stntns,

283 3982 394 4037 scilieet
412 3981 600 4051 inportabatis,
616 3976 764 4040 natalium,
783 3974 928 4039 libertatis,
946 3978 1030 4044 atque
1052 3974 1173 4029 actiones
1188 3974 1346 4045 populares
1369 3978 1398 4027 et
1416 3977 1463 4044 sa·

283 4104 396 4143 mosae:
414 4086 449 4141 ef.
463 4083 480 4137 l.
496 4083 514 4137 l.
527 4082 571 4148 32,
590 4082 646 4147 §tt
659 4081 685 4147 7,
701 4078 728 4133 h.
741 4084 760 4133 t.
775 4080 801 4131 ff.
816 4106 830 4119 ·
844 4077 873 4133 ln
893 4078 986 4133 codice
1005 4077 1133 4147 Gregorii
1154 4078 1219 4132 XVI
1239 4077 1349 4147 saepius
1368 4077 1416 4131 cit.
1433 4078 1465 4133 in

281 4198 335 4247 art.
354 4192 423 4246 1748
441 4192 535 4263 (quem
555 4186 644 4240 latine
661 4184 785 4247 reddam)
803 4188 932 4239 cavetur:
945 4198 962 4237 a
976 4183 1033 4238 Lex
1051 4188 1130 4238 vetat
1149 4184 1376 4254 compromissum
1396 4184 1463 4238 iniri

280 4303 310 4357 in
329 4297 527 4356 controversiis
545 4298 726 4350 donationum
748 4297 777 4347 et
796 4292 955 4361 lepatornnr
980 4308 1043 4345 cum
1066 4292 1146 4345 titulo
1168 4292 1206 4345 ad
1223 4292 1373 4357 alimenta,·
1393 4292 1463 4346 item

281 4408 312 4463 in
329 4406 527 4463 controversiis
545 4414 632 4458 status
647 4416 838 4473 personarum
857 4404 885 4453 et
905 4398 933 4451 in
951 4398 1073 4467 negotiis
1091 4398 1195 4452 ordinis
1214 4396 1317 4467 publici
1331 4414 1356 4453 a.
