3350 5117
333 268 399 334 688
794 286 904 335 moun
931 288 1051 336 nunun

332 405 393 461 358.
412 407 544 462 Siccusn
562 407 686 463 incidens
711 410 748 464 sit
773 407 891 465 ulterius
908 410 978 475 fori,
996 409 1079 464 iudex
1103 409 1283 481 supsmedere
1307 410 1389 464 debet

438 516 593 570 definitioni
611 517 719 587 negotii
738 516 947 588 principaliori·
986 557 1344 573 .........
1374 536 1441 590 paq.
1460 517 1520 573 395

331 621 392 678 459.
411 622 574 678 Sententiae
591 623 621 678 in
639 623 731 708 cuneis
749 623 938 678 incidentibus
955 623 1087 677 dicuntur
1105 623 1341 681 interlocutorias
1378 664 1385 678 .
1422 639 1440 682 »
1474 623 1515 678 ibi

847 833 945 888 Gneus
964 832 996 887 ll.

555 980 588 1014 1>ss
605 979 722 1016 TEUPOR!
738 981 769 1014 ΕΤ
785 979 850 1014 Loco
868 980 904 1014 ΔΙ)
920 980 989 1014 nen
1004 977 1143 1014 tunicum
1158 978 1287 1014 smmis.

294 1209 299 1222 ,
330 1152 391 1206 360.
410 1152 568 1209 Servandus
586 1159 651 1208 sunt
669 1153 756 1209 fenico
774 1152 920 1208 iudiciales
934 1191 1340 1207 ..........
1373 1169 1440 1223 paq.
1459 1151 1518 1205 396

330 1257 390 1314 361.
411 1258 441 1314 ln
459 1259 556 1314 diebus
574 1259 681 1314 ferietis
700 1263 765 1313 sunt
783 1258 918 1329 prohibiti
939 1263 1019 1313 nctus
1036 1258 1214 1325 contentiosi,
1227 1275 1283 1313 non
1300 1259 1386 1313 ceteri

453 1371 533 1420 actus
551 1367 697 1436 strepitum
717 1369 856 1422 lonensem
875 1364 949 1420 hund
968 1367 1185 1420 secumfenentee
1198 1405 1383 1419 .....
1422 1364 1514 1419 »397

329 1475 390 1528 362.
409 1475 480 1535 Quia
492 1474 592 1530 adsunt
604 1474 690 1530 senine
703 1491 754 1545 pro
763 1474 928 1546 quibusdem
938 1475 1024 1529 curiis
1036 1473 1198 1544 peculiares
1209 1471 1262 1529 hee
1275 1489 1388 1528 servan·

452 1582 504 1639 due
516 1590 589 1650 sunt,
601 1583 728 1653 quemvis
746 1582 894 1652 litigantes
907 1583 1067 1652 pertineant
1079 1581 1115 1636 nd
1126 1581 1212 1636 sliam
1224 1580 1380 1636 dioecesim.
1422 1596 1439 1636 »
1457 1580 1515 1636 398

328 1689 389 1744 363.
408 1690 549 1751 Quomodo
567 1693 764 1759 computentur
781 1689 842 1744 dics
885 1727 1383 1743 ............
1420 1703 1438 1745 »
1472 1690 1515 1751 ibi

328 1793 388 1848 364.
407 1795 468 1856 Qun
487 1797 566 1863 pente
584 1793 641 1848 diei
660 1797 739 1847 actus
757 1792 903 1848 iudiciales
922 1791 1043 1862 ponendi
1061 1797 1127 1848 suut
1154 1833 1382 1846 ......
1420 1811 1438 1852 »
1472 1795 1514 1848 ibi

328 1897 388 1954 305.
409 1898 559 1954 Disseritun
577 1898 611 1952 de
630 1896 691 1952 loco
709 1896 796 1967 legali
819 1897 854 1951 ed
873 1896 977 1952 iudicia
996 1897 1129 1967 agitanda
1156 1937 1384 1952 ......
1422 1896 1519 1954 »399

835 2109 932 2165 cneus
951 2109 995 2162 lll.

800 2255 833 2288 DE
850 2253 1034 2289 mummuli&

327 2431 387 2484 366.
407 2429 511 2484 Dilatio
529 2431 619 2487 tendit
637 2429 671 2484 sd
690 2429 889 2500 assignandum
910 2430 1060 2484 terminum
1085 2429 1114 2482 in
1139 2442 1196 2499 quo
1220 2430 1300 2480 actus
1318 2426 1384 2496 poni

450 2538 559 2605 debent,
578 2537 622 2593 vel
642 2537 750 2609 lapsum
769 2537 905 2608 temporis
923 2538 1000 2592 intra
1017 2535 1091 2608 quod
1109 2535 1174 2606 poni
1193 2533 1293 2589 debeat
1329 2573 1336 2586 .
1369 2551 1437 2603 paq.
1456 2533 1508 2586 401

326 2643 386 2698 367.
407 2643 559 2698 Dilutiones
578 2643 650 2698 uliae
668 2646 733 2697 sunt
751 2660 768 2697 c
787 2642 866 2713 lege,
886 2642 959 2697 cline
978 2641 1105 2697 uindice
1129 2657 1177 2696 seu
1201 2641 1236 2694 eb
1261 2637 1384 2706 homine,

450 2747 523 2803 uliae
542 2766 558 2802 n
577 2747 697 2817 partium
717 2746 901 2816 conventione
930 2782 1382 2799 ...........
1420 2741 1507 2799 »401

326 2855 386 2909 368.
406 2854 559 2909 Dilutiones
577 2851 721 2907 iudiciales
739 2852 829 2923 quoad
848 2851 984 2921 temporis
1002 2850 1221 2919 assignationem
1247 2854 1313 2903 sunt
1336 2865 1383 2901 ur-

433 2958 566 3013 bitnuriue
574 2991 1381 3010 ...................
1419 2950 1512 3006 »402

325 3066 385 3122 360.
406 3065 558 3122 Dilutionee
576 3065 683 3135 legales
701 3066 760 3121 fene
782 3079 894 3134 semper
912 3062 1058 3117 continent
1082 3058 1299 3131 peremptorium
1324 3063 1382 3113 ter·

431 3173 537 3226 minum
555 3189 572 3226 u
591 3171 654 3241 lege
672 3171 928 3241 praefixum,quem
948 3167 1032 3222 iudex
1051 3166 1160 3222 variare
1180 3180 1235 3219 non
1255 3167 1347 3234 potest
1374 3204 1380 3215 .
1418 3163 1512 3219 »403

325 3275 385 3331 370.
404 3275 434 3332 ln
453 3276 630 3332 iudicialibus
648 3275 829 3330 dilationibus
854 3273 1037 3328 concedendis
1061 3272 1143 3325 umbo
1168 3268 1313 3340 litigantes
1336 3285 1385 3322 eu·

431 3381 521 3436 diendi
545 3385 611 3435 sunt
612 3412 1379 3432 ..................
1417 3387 1436 3426 »
1468 3371 1509 3424 ibi

325 3490 385 3545 371.
405 3491 527 3545 Effectus
545 3488 709 3544 dilationum
747 3518 1381 3541 ...............
1418 3491 1436 3533 »
1454 3477 1510 3532 404

324 3598 385 3652 372.
404 3595 546 3660 Quomodo
564 3600 673 3665 tempus
691 3593 907 3664 computandum
927 3594 964 3646 sit
983 3591 1013 3646 in
1030 3591 1165 3645 diletione
1183 3587 1379 3656 assignatum.
1416 3599 1435 3642 »
1467 3585 1508 3639 ibi

833 3805 930 3861 cunni·
949 3805 996 3860 IV.

542 3960 575 3993 DE
591 3957 737 3992 tunnuuu'ro
755 3954 902 3990 cntuuntnn
919 3954 966 3988 SEU
983 3953 1014 3986 DE
1030 3951 1152 3986 an'l'A'l'B
1168 3948 1289 3984 nictum·

324 4136 384 4190 373.
403 4135 497 4190 liuere
516 4132 549 4189 de
569 4131 770 4186 calumniabat
789 4127 939 4199 protestari
959 4127 1059 4179 bonnm
1078 4122 1161 4177 fidem
1180 4139 1210 4176 se
1228 4119 1333 4176 habere
1366 4133 1433 4189 paq.
1454 4116 1512 4170 406

323 4237 383 4292 374.
404 4237 496 4306 Magis
521 4234 734 4289 determinatum
759 4231 813 4285 fuit
837 4229 890 4284 hoc
917 4227 1102 4282 iuremeutum
1128 4241 1177 4295 per
1202 4221 1278 4277 uliud
1303 4223 1381 4276 iuru-

430 4347 553 4399 mentum
573 4347 631 4397 tum
650 4341 684 4396 de
702 4339 821 4394 veritate
839 4334 956 4390 dicenda
975 4338 1034 4388 tum
1052 4331 1086 4386 de
1106 4329 1242 4385 malitis.
1280 4365 1288 4381 .
1325 4367 1331 4378 .
1370 4367 1376 4378 .
1415 4340 1433 4382 »
1467 4324 1510 4377 ibi
