3350 5117
309 300 374 364 478
832 319 916 365 uuas
941 319 963 363 1.

307 439 407 503 fuerit
430 442 554 512 iurare,
568 413 758 505 sententiam
784 439 901 504 exinde
929 440 1072 504 obtineat
1096 440 1319 505 favorabilem.
1344 440 1487 505 -Hoc

307 566 522 630 iuramentum
546 571 595 630 est
617 566 948 649 voluntariumque
964 586 1007 630 ex
1024 567 1237 631 conventione
1253 567 1285 629 in
1303 565 1419 630 iudicio
1434 564 1487 630 de

308 688 430 763 fertur;
456 708 529 775 erp.
556 690 576 753 t.
601 689 652 762 17,
676 691 711 773 ff.
738 688 787 753 De
808 688 962 763 iuretur„
985 694 1018 755 et
1045 690 1108 753 hac
1139 710 1182 752 ex
1213 694 1304 773 parte
1336 691 1488 753 convenit

306 831 381 876 cum
405 814 585 876 iuramento
616 812 854 878 extraiudiciali
885 819 917 877 et
947 811 1065 877 exinde
1089 812 1134 897 (l)
1167 812 1309 876 continet
1339 810 1485 893 speciem

307 936 572 1019 medandicum
607 936 762 1020 siquidem
797 938 1012 1001 renunciatur
1048 937 1195 1001 ulteriori
1230 935 1336 1000 iudicii
1375 956 1487 1020 prose·

308 1064 426 1128 cutioni
458 1070 490 1128 et
518 1046 613 1128 etiam
641 1063 857 1147 appellationi.
891 1063 1033 1127 Proinde
1060 1063 1239 1128 huiusmodi
1271 1064 1487 1128 iuramentum

307 1186 405 1250 habet
427 1191 495 1254 tres
519 1184 651 1251 effectus
674 1206 773 1271 supra
796 1188 989 1259 recensitos.

394 1309 602 1374 Disconvenit
624 1329 707 1388 ¹vero
739 1310 778 1374 ab
811 1309 1060 1386 extraiudiciali,
1084 1310 1159 1393 quia
1189 1315 1238 1372 est
1261 1307 1486 1390 iudiciale,ad

306 1432 389 1515 quod
412 1432 637 1518 praestandum
663 1434 839 1497 intervenit
856 1432 969 1496 iudicis
985 1432 1169 1495 auctoritas.
1196 1432 1281 1496 Hinc
1296 1433 1485 1518 interposito

306 1560 404 1623 semel
428 1558 541 1624 iudicis
564 1558 695 1623 decreto
719 1560 935 1625 iuramentum
960 1556 1169 1642 approbante,
1187 1559 1250 1621 hoc
1265 1556 1301 1622 fit
1317 1560 1361 1621 ita
1377 1578 1486 1623 neces·

306 1685 425 1747 sarium
449 1691 484 1748 ut
510 1704 585 1769 pars
616 1685 667 1748 cui
698 1683 852 1766 (defertur
875 1684 926 1747 vel
959 1686 1083 1749 emittat
1114 1684 1329 1748 iuramentum
1352 1683 1404 1747 vel
1429 1684 1476 1749 te-

304 1808 420 1894 pitime
444 1814 571 1872 recuset
594 1809 646 1872 vel
670 1808 799 1889 referet
821 1807 1019 1887 adversario,
1045 1810 1097 1892 qui
1130 1828 1194 1872 non
1218 1812 1322 1892 potest
1350 1828 1385 1871 se
1414 1810 1483 1872 exi-

304 1953 393 1997 mere
416 1953 436 1997 a
459 1934 638 1998 iuramento
662 1932 873 2017 praestando,
899 1934 960 1997 nisi
991 1932 1073 1997 adsit
1094 1932 1257 2016 'tepitimo
1285 1952 1411 2013 coeam
1435 1951 1479 1997 ex

305 2075 381 2138 cop.
396 2058 455 2121 ult.
473 2056 522 2120 De
544 2056 685 2121 iuretur.
704 2056 753 2119 X:
777 2076 871 2119 secus
887 2054 1027 2119 habetur
1043 2075 1102 2139 pro
1127 2054 1283 2119 confessa.
1302 2090 1346 2103 -
1369 2056 1408 2119 In
1432 2075 1486 2139 ge-

305 2201 386 2246 nere
408 2202 506 2247 causa
520 2181 664 2267 legitima
688 2182 901 2247 recusationis
921 2188 978 2262 est,
992 2183 1016 2245 si
1038 2182 1159 2246 factum
1183 2180 1392 2245 asserendum
1417 2201 1483 2244 non

307 2306 347 2369 sit
369 2306 535 2388 pertinens
558 2304 597 2367 ad
622 2324 750 2368 causam
777 2304 826 2367 vel
852 2302 893 2366 ad
917 2304 1060 2367 notitiam
1086 2304 1190 2383 huius,
1208 2306 1261 2386 qui
1284 2302 1420 2366 deberet
1435 2304 1482 2365 iu-

308 2448 392 2507 rare,
409 2448 474 2491 non
490 2430 645 2513 pervenit.
672 2428 743 2492 Hoc
768 2428 900 2491 evenire
924 2434 1029 2511 potest
1052 2428 1084 2489 in
1110 2426 1240 2505 herede,
1259 2426 1311 2507 qui
1332 2427 1381 2489 sui
1403 2427 1484 2489 auc'·

307 2552 386 2615 toris
409 2551 495 2615 facta
511 2552 649 2635 ignorat.
666 2586 710 2598 -
729 2552 852 2615 Verum
869 2551 894 2613 is
911 2550 961 2614 cui
978 2548 1142 2630 defertur,
1156 2550 1232 2631 quin
1249 2547 1327 2611 illud
1344 2552 1483 2619 recuset,

307 2682 409 2759 potest
424 2676 518 2739 alteri
534 2674 676 2757 referre,
695 2682 728 2740 ut
751 2678 818 2759 ipse
842 2676 947 2760 potius
970 2674 1092 2738 factum
1116 2682 1275 2737 assertum
1301 2676 1484 2738 iuramento

308 2796 492 2873 confirmet;
517 2818 592 2884 erp.
626 2799 678 2863 cit.
711 2817 785 2879 cap.
809 2799 868 2863 ult.
894 2798 925 2860 h.
951 2803 971 2862 t.
998 2796 1082 2861 Pars
1116 2817 1196 2861 vero
1231 2816 1312 2880 qnae
1347 2797 1486 2861 relatum

307 2928 451 3001 recusat,
477 2943 541 2987 non
575 2943 703 3007 semper
738 2924 865 3008 cogitur
896 2924 1111 2986 iuramentum
1138 2921 1281 3004 referre,
1314 2924 1389 3004 quia
1425 2921 1486 2985 ali-

396 3156 435 3221 (lt
454 3154 517 3208 Scio
536 3154 662 3224 equidem
682 3154 753 3221 apud
772 3153 885 3205 iuristas
905 3169 959 3205 non
979 3169 1039 3205 esse
1053 3152 1201 3221 pacificum
1214 3168 1249 3203 an
1269 3150 1424 3203 huiusmodi
1440 3151 1486 3204 iu-

306 3269 432 3317 ramento
451 3262 611 3331 recognosci
625 3262 725 3315 debeat
744 3260 866 3331 qualitas
879 3261 1083 3313 transactionis.
1099 3260 1233 3313 Nonnulli
1249 3264 1360 3329 negant,
1375 3260 1416 3312 uti
1431 3258 1487 3313 Do-

306 3368 397 3421 nellus
415 3368 532 3436 (t'omm.
552 3368 589 3420 od
607 3369 646 3420 o't.
667 3368 709 3421 De
728 3384 780 3419 mr.
800 3368 829 3437 ff.
850 3383 909 3433 cap.
931 3365 958 3429 9,
978 3384 1003 3417 η.
1018 3366 1057 3431 4),
1075 3366 1140 3434 quia
1160 3381 1213 3417 non
1237 3363 1355 3417 habetor
1375 3381 1410 3416 ex
1430 3379 1488 3416 una

306 3479 335 3528 et
353 3492 387 3528 ex
406 3474 496 3527 altera
515 3480 593 3543 parte
613 3472 718 3542 aliquid
736 3470 841 3535 datum.
860 3470 966 3539 aliquid
987 3470 1141 3533 remissum,
1153 3488 1168 3521 u
1182 3481 1211 3521 ae
1230 3471 1414 3523 iureiurando
1433 3467 1489 3540 (ait

307 3582 353 3635 cit.
372 3580 480 3646 auctor)
495 3580 536 3633 sic
556 3580 591 3631 lis
609 3579 748 3631 deciditur
768 3588 796 3629 ut
814 3580 839 3629 si
857 3588 936 3629 octor
952 3578 1034 3642 iurat,
1046 3586 1133 3629 totum
1145 3578 1263 3644 accipiat
1276 3577 1350 3643 quod
1359 3577 1430 3644 petit
1442 3593 1450 3626 :
1462 3577 1489 3626 si

306 3695 425 3750 recusat,
437 3694 523 3737 totum
542 3686 569 3737 ci
587 3684 745 3737 remittatur
765 3700 789 3735 ».
810 3680 998 3733 Nihilominus
1017 3680 1185 3733 assentimur
1199 3679 1356 3731 contrariae
1374 3680 1486 3731 senten-

307 3792 372 3858 tiae,
382 3792 448 3861 quia
465 3790 494 3843 iu
512 3788 660 3843 deferendo
678 3788 835 3841 iuramento
855 3803 892 3841 aa
910 3788 1091 3839 conuentione
1110 3784 1239 3838 deserens
1264 3784 1412 3837 renunciat
1431 3783 1486 3837 iuri

307 3896 488 3967 prosequendi
509 3896 600 3959 litem3
620 3896 714 3947 iurans
733 3910 800 3947 vero
819 3892 928 3963 aliquid
949 3896 1071 3961 praestat
1097 3908 1146 3944 seu
1171 3907 1241 3943 onus
1266 3890 1375 3943 iurandi
1394 3890 1486 3956 subit3

307 4020 393 4074 quare
412 4019 466 4057 non
485 4002 603 4057 habetur
622 4000 726 4071 aliquid
745 4000 839 4053 datum
860 4004 888 4053 et
907 3999 1052 4052 remissum
1077 3998 1152 4051 ultro
1178 3998 1305 4066 citroque
1326 3996 1355 4047 in
1373 3997 1435 4064 ipsa
1452 4012 1488 4049 re

307 4115 485 4159 controuerso
502 4104 549 4159 sed
568 4106 596 4157 in
615 4106 674 4174 ipso
693 4104 774 4156 modo
795 4103 910 4172 apemti5
931 4111 960 4154 et
978 4102 1031 4154 hoc
1050 4098 1151 4153 sufficit
1170 4100 1204 4152 ad
1223 4097 1385 4151 salvandam
1405 4099 1488 4151 natu·

308 4232 367 4267 ram
386 4214 589 4266 transactionis.
602 4242 637 4253 -
651 4213 718 4267 ltem
740 4212 793 4264 Di).
813 4227 869 4265 nou
887 4210 1065 4275 conveniunt,
1079 4226 1114 4261 un
1127 4210 1319 4262 voluntarium
1335 4207 1389 4259 dici
1403 4207 1488 4262 debet

308 4322 494 4373 iuramentum
513 4318 676 4373 decisoriam
696 4316 838 4381 iudiciale;
858 4322 888 4368 at
906 4314 959 4368 hoc
978 4330 1038 4369 esse
1057 4318 1086 4368 et
1104 4314 1158 4367 dici
1172 4313 1272 4368 debere
1291 4313 1488 4365 voluntarium

286 4490 287 4493 Ἰ
306 4430 388 4484 docet
407 4428 510 4483 Devoti·
524 4428 589 4481 last.
610 4444 668 4481 can.
690 4428 735 4479 uo.
757 4424 813 4490 ΙΙΙ,
834 4426 873 4477 tit.
895 4424 922 4489 9,
941 4429 959 4489 g
978 4426 1029 4490 24,
1047 4434 1103 4476 aot.
1122 4426 1151 4478 2.
