3350 5117
332 298 394 362 190
853 319 937 366 rans
963 320 984 364 1.

327 422 422 505 tionis
445 439 626 505 ordinatum
657 442 746 506 iuxta
770 442 1042 527 praescriptiones
1075 444 1154 508 iuris
1186 446 1321 517 romani,
1348 466 1506 511 exercere

329 566 440 630 clerici
457 566 648 638 ambiebant,
673 566 712 631 ob
729 568 864 652 pingues
887 568 1011 635 reditus
1034 570 1152 634 exinde
1169 570 1372 646 derivantes;
1389 577 1421 637 et
1437 593 1508 655 pro

329 692 514 757 bibitionem
538 694 633 757 etiam
657 697 819 778 spectasse
848 694 888 757 ad
911 694 1018 759 forum
1041 696 1132 765 eccl..
1150 697 1225 779 quia
1240 697 1294 761 bic
1314 698 1405 761 forus
1429 704 1507 763 tunc

328 817 482 900 temporis
506 816 686 881 secularem
710 836 791 901 pene
811 815 1012 885 absorbebat.
1039 823 1073 882 et
1089 819 1164 903 quia
1188 820 1366 883 notariatus
1392 840 1508 883 munus

329 941 425 1003 eliam
450 942 483 1003 in
507 942 566 1003 isto
583 940 655 1003 foro
671 946 819 1005 naturam
837 942 1063 1024 negotiationis
1078 940 1326 1007 secumferebat.
1344 976 1388 989 ··-
1405 942 1507 1022 Unde,

330 1082 434 1147 prono
458 1063 551 1127 alveo
574 1060 653 1136 fluit,
678 1063 740 1128 hac
764 1062 893 1147 dempta
918 1068 995 1127 nota
1018 1062 1143 1127 vilioris
1173 1060 1283 1135 officii,
1305 1063 1343 1127 in
1366 1066 1510 1150 nepoliic

329 1190 561 1255 ecclesiasticis
584 1190 645 1255 hoc
669 1210 784 1255 munus
808 1189 946 1253 clericos
970 1209 1033 1252 non
1059 1188 1217 1254 dedecore
1241 1194 1274 1253 et
1296 1190 1368 1254 fore
1391 1189 1509 1273 ubique

328 1312 362 1377 in
388 1316 486 1379 curiis
504 1315 581 1378 eccl.
607 1334 649 1379 ex
673 1313 903 1381 consuetudine
927 1312 967 1377 ad
991 1314 1131 1378 clericos
1145 1324 1304 1397 spectare.
1328 1313 1377 1379 cf.
1393 1314 1508 1378 Mona·

329 1404 413 1505 delli.
432 1438 547 1503 Forat.
574 1438 690 1522 lepalc,
711 1443 803 1520 pari.
823 1440 850 1509 I,
875 1439 921 1501 til.
937 1440 965 1513 1,
983 1438 1085 1520 saian.
1102 1438 1136 1506 5.
1153 1436 1268 1503 adnot.
1286 1437 1320 1501 6:
1336 1443 1368 1501 et
1391 1438 1507 1517 Ilouix,

332 1564 381 1628 De
403 1562 473 1627 incl.
499 1564 526 1632 Ι,
547 1582 584 1645 p.
611 1562 692 1643 492,
718 1564 779 1627 ait:
806 1564 915 1647 «Epo
939 1567 1052 1627 aulem
1084 1560 1200 1627 testari
1225 1580 1368 1643 poscam
1391 1580 1510 1627 omnes

331 1688 576 1754 hodiernorum
603 1686 736 1752 Galliae
760 1686 1010 1768 Episcopornm
1033 1684 1256 1751 cancellarios
1279 1704 1349 1750 erse
1369 1684 1510 1751 clericos

327 1812 529 1895 eosdemque
545 1810 581 1875 in
598 1808 712 1875 Sacris
736 1808 930 1875 constitutos
1013 1813 1044 1872 el
1060 1806 1190 1889 (pracati
1212 1806 1297 1871 niti
1318 1808 1509 1873 retulerunt

329 1934 395 1999 ciri
417 1934 483 2019 fiale
508 1933 614 2019 clipei)
640 1933 675 1995 in
696 1930 872 2015 plerisque
902 1931 1044 2014 insuper
1073 1930 1195 1995 martell
1222 1930 1377 1996 catholici
1399 1932 1509 2017 reaia·

327 2056 427 2122 nibus
446 2078 474 2120 ».
499 2093 542 2105 -
567 2056 596 2120 Α
619 2060 764 2140 tempore
795 2074 875 2118 vero
907 2073 969 2137 quo
998 2054 1080 2119 haec
1107 2052 1269 2120 scribebat
1291 2054 1345 2121 cit.
1369 2052 1508 2131 Auctor,

330 2182 384 2245 bic
408 2201 476 2245 mos
500 2183 595 2245 etiam
619 2182 720 2264 magis
743 2179 880 2244 invaluit
902 2181 935 2241 in
961 2178 1064 2259 Italia,
1085 2178 1125 2243 de
1148 2197 1211 2263 qua
1234 2179 1408 2263 praecipue
1431 2182 1509 2243 scri-

327 2306 421 2371 bebat
447 2306 629 2391 Fagnanus‚
652 2306 672 2369 l.
690 2326 717 2371 c.
734 2326 768 2369 n.
786 2303 833 2370 63
857 2306 965 2368 aiens:
990 2323 1008 2365 ‹
1031 2303 1161 2388 Ubique
1183 2306 1337 2369 locorum
1360 2304 1509 2369 actuarii

328 2447 388 2494 sen
411 2428 608 2495 cancellarii
631 2427 883 2510 Episcoperam
905 2431 984 2491 nint
1006 2424 1131 2491 laici».

419 2552 492 2617 157.
518 2552 602 2616 Sana
618 2570 715 2633 quum
739 2569 781 2613 ex
797 2550 869 2613 iure
885 2548 1101 2613 Decretalium
1116 2545 1313 2632 prohibitum
1329 2546 1429 2609 fuerit
1444 2546 1507 2610 boc

328 2696 442 2741 munus
455 2676 592 2749 clericis,
606 2676 681 2739 laici
694 2672 883 2738 admittendi
900 2679 994 2740 erant
1010 2675 1107 2738 etiam
1121 2676 1153 2737 in
1166 2673 1238 2737 foro
1250 2673 1330 2736 eccl.
1348 2671 1508 2756 iidemque

327 2800 455 2873 notarii,
480 2799 519 2863 ab
543 2800 735 2863 auctoritate
767 2798 850 2863 laica
879 2779 1054 2869 constituti,
1078 2795 1180 2885 habiti
1211 2801 1287 2862 sunt
1309 2801 1345 2860 ut
1367 2794 1505 2880 legitimi

327 2926 443 2991 notarii
457 2928 553 2989 etiam
567 2945 625 3010 pro
638 2925 710 2988 loro
724 2924 803 2988 eccl.
818 2926 996 2987 -Tamen
1009 2924 1095 2989 cavit
1106 2922 1228 2988 Concil.
1241 2922 1330 2987 Trid.
1344 2922 1429 2989 Sese.
1443 2923 1506 3003 22,

327 3068 354 3113 c.
371 3049 424 3119 10,
443 3068 483 3112 ne
501 3048 650 3133 Episcopi
667 3047 837 3111 admittant
858 3048 1011 3118 notarios,
1030 3022 1126 3111 etiam
1142 3047 1326 3131 apostolica,
1344 3046 1506 3130 imperiali

327 3180 383 3238 aut
406 3174 498 3259 regia
521 3176 712 3239 auctoritato
737 3179 874 3240 creatos.
892 3175 953 3238 nisi
977 3176 1062 3258 ipsos
1083 3173 1338 3239 attaminatione
1353 3172 1507 3238 adbibita

327 3296 459 3359 idoneos
492 3297 693 3381 repererint;
719 3296 941 3379 delinquentes
963 3316 1043 3359 vero
1069 3296 1110 3360 ad
1140 3300 1267 3378 tempus
1293 3300 1348 3360 aut
1377 3296 1408 3359 in
1432 3316 1506 3379 per-

330 3420 459 3500 petuum
485 3416 675 3501 prohibeant
699 3415 738 3479 ab
763 3414 947 3480 exercendo
970 3417 1102 3501 proprio
1126 3435 1261 3479 munere
1284 3417 1318 3478 in
1335 3391 1441 3480 curiis
1457 3434 1508 3479 ec-

326 3538 523 3603 ciesiasticis.
541 3538 668 3612 -Quo
685 3538 816 3603 decreto
832 3538 952 3603 lactum
969 3543 1017 3604 est
1039 3544 1075 3602 ut
1091 3538 1239 3622 quamvis
1254 3537 1345 3621 Papa
1358 3556 1418 3622 pro
1434 3538 1507 3601 uni-

327 3682 422 3727 verso
439 3662 517 3727 orbe
534 3664 617 3728 cath.
640 3666 787 3728 notarios
810 3683 926 3728 creare
949 3663 1066 3743 valeat,
1083 3667 1192 3727 tamen
1215 3662 1394 3746 Episcopus
1409 3663 1506 3728 etiam

326 3790 503 3869 lernaeam
520 3784 692 3871 delepatns
707 3784 805 3850 Sectis
829 3782 1044 3866 Apostolicae
1059 3784 1118 3848 hos
1134 3781 1273 3870 probare
1295 3784 1396 3867 possit
1418 3789 1451 3847 et
1466 3783 1506 3847 ab

326 3907 430 3973 officio
454 3928 519 3975 non
542 3910 673 3975 idoneos
697 3908 881 3994 prohibere.

417 4035 488 4101 158.
515 4036 619 4101 Hodie
647 4056 727 4101 vero
757 4038 831 4119 quia
862 4036 980 4099 notarii
1003 4054 1023 4099 a
1046 4034 1130 4100 laica
1161 4040 1320 4121 potestate
1351 4040 1508 4101 creantur

324 4161 444 4246 absque
468 4162 534 4227 ullo
558 4162 685 4227 delectu
708 4164 794 4227 inter
810 4161 987 4227 catholicos
1011 4167 1044 4228 et
1059 4160 1257 4227 acatholicos
1279 4162 1333 4225 rel
1348 4159 1506 4234 infideles,

326 4288 412 4354 inter
441 4288 555 4373 impios
579 4293 611 4354 ct
635 4289 802 4375 religiosos
833 4287 990 4369 homines,
1014 4306 1093 4353 sane
1123 4293 1221 4373 patet,
1246 4286 1429 4353 huiusmodi
1452 4308 1507 4353 no·

324 4413 435 4488 iarios,
453 4434 496 4478 ex
515 4414 584 4499 ipsa
606 4414 784 4478 intentione
801 4414 880 4477 iuris
897 4413 1082 4487 communis,
1099 4418 1156 4477 aut
1171 4417 1328 4497 potestate
1346 4432 1413 4477 non
1435 4413 1507 4499 pol·
