3350 5117
504 315 548 361 DE
572 312 710 360 lUDlCllS
734 310 999 361 sectastnsttots

626 630 806 697 TITULUS
836 631 896 695 Xl.

490 846 542 891 De
574 845 1035 899 Pnansustt’ttoufflus

604 970 654 1011 unc
669 967 710 1009 nt.
726 968 772 1009 ru.
788 966 822 1021 aa,
838 967 876 1012 uu.
891 968 922 1010 u.

177 1145 394 1203 summarium.
412 1174 448 1187 -·
466 1146 527 1201 519.
547 1145 632 1199 Notio
651 1146 945 1215 praesumptionis-
966 1147 1028 1200 520.
1048 1147 1113 1201 ntia
1132 1149 1209 1210 iuris.
1229 1148 1286 1202 alia
1305 1150 1354 1203 ho·

266 1252 355 1305 minis
370 1253 474 1306 -521.
495 1252 579 1307 Notio
598 1257 627 1307 et
645 1252 723 1307 valor
735 1254 972 1324 praesumptionis
990 1256 1060 1307 iuris
1079 1258 1108 1309 et
1121 1256 1353 1325 praesumptionis

265 1359 337 1413 iuris
351 1368 376 1411 et
395 1359 430 1413 de
449 1360 520 1413 iure.
532 1387 565 1399 -
575 1358 636 1411 522.
651 1356 785 1427 Exempla
802 1362 1039 1429 praesumptionis
1057 1361 1182 1415 iuris·
1194 1360 1256 1414 523.
1269 1362 1354 1417 Prae·

266 1463 387 1533 sumptio
411 1466 481 1519 iuris
500 1475 526 1519 et
551 1466 587 1519 da
605 1468 675 1529 iure,
696 1480 750 1517 uon
776 1464 899 1518 admittit
917 1465 1063 1531 directam,
1081 1465 1128 1519 sed
1154 1482 1209 1519 non
1228 1466 1352 1539 excludit

266 1572 432 1625 indirectam
451 1572 642 1641 probationem
662 1572 838 1627 contrariam.
859 1600 893 1612 -
918 1574 979 1627 524.
1000 1572 1048 1627 Vis
1067 1559 1212 1642 probatius
1231 1574 1353 1629 eiusdem

267 1680 344 1733 varia
366 1685 412 1735 est
440 1680 519 1733 iuxta
542 1678 614 1749 quod
640 1684 684 1733 est
708 1659 904 1749 praesumptio
917 1680 995 1747 lacis,
1012 1681 1117 1749 procis,
1135 1682 1290 1735 vehentem.
1318 1712 1353 1723 —

266 1788 327 1842 525.
339 1787 482 1849 Quomodo
494 1787 624 1841 differant
636 1787 710 1841 inter
722 1803 752 1841 se
767 1786 854 1840 relate
868 1786 902 1839 ad
914 1788 1081 1841 sententiam
1091 1786 1262 1842 definitivam
1275 1806 1353 1859 prae·

266 1895 437 1963 sumptiones
451 1896 523 1949 iuris
537 1904 563 1948 ct
581 1895 617 1949 de
636 1896 699 1949 iure
712 1898 741 1948 et
760 1894 1000 1971 praesumptiones
1017 1896 1259 1950 hominis.-526.
1271 1898 1352 1952 Prae·

265 2002 436 2069 sumptiones
454 1999 560 2069 legales
572 2000 781 2066 distinguuntur
792 2018 810 2053 a
827 2002 984 2071 fictionibus
1002 2003 1081 2055 iuris.
1096 2030 1130 2043 —
1142 2003 1205 2056 527.
1225 2003 1350 2073 Explicit

265 2109 402 2159 tractatus
420 2106 454 2161 de
473 2107 690 2174 probationibus.

267 2302 342 2369 519.
368 2302 491 2368 Titulus
514 2301 703 2367 inscribitur
718 2300 776 2366 sub
800 2322 936 2367 numero
960 2304 1078 2388 plurali
1101 2309 1134 2369 et
1156 2306 1281 2371 ratione
1300 2326 1354 2391 ge·
1445 2390 1448 2398 1

178 2426 391 2510 noricensis
414 2426 497 2491 aliae
528 2426 652 2511 species
683 2424 907 2509 probationum
932 2430 1024 2492 ortae
1047 2445 1090 2491 ex
1120 2426 1253 2511 speciali
1278 2434 1353 2492 actu

177 2548 362 2635 probatorio
378 2551 543 2636 proprium
560 2551 740 2617 sortiuntur
763 2570 895 2625 nomen;
920 2550 993 2615 dum
1009 2512 1285 2637 praesumptiones
1301 2553 1354 2618 de-

177 2680 348 2741 sumuntur.
372 2696 414 2740 ex
446 2675 581 2747 indiciis,
606 2674 765 2741 adiunctis
789 2682 821 2740 et
845 2676 1049 2759 qualitatibus
1071 2677 1233 2743 sactorum
1260 2680 1354 2752 notis,

176 2816 221 2862 ex
245 2798 357 2882 quibus
370 2800 422 2864 vel
439 2800 515 2883 ipsa
532 2800 589 2865 teca
612 2800 663 2864 vel
680 2818 776 2865 meus
792 2799 905 2864 iudicis
922 2800 1052 2864 coniicit
1067 2799 1106 2864 de
1129 2784 1216 2864 facto
1232 2801 1352 2885 ignoto.

179 2921 290 3004 ltaque
315 2920 466 2985 dicuntur
489 2920 694 3005 probationes
717 2920 931 3004 impropriae
953 2940 1024 2985 cum
1045 2920 1170 2986 directe
1193 2940 1259 2985 non
1281 2942 1353 3008 prn-

176 3040 254 3110 bent
276 3044 396 3109 lactum
420 3049 676 3125 controversum,
694 3043 750 3109 sed
767 3045 947 3109 innitantur
961 3044 1057 3110 lactis
1071 3047 1188 3109 naturis
1203 3047 1262 3109 sut
1280 3065 1354 3109 con-

176 3170 356 3234 trouersiae
380 3168 708 3253 extraneis'ideoque
726 3169 964 3253 praesumptio
981 3170 1071 3235 dicto
1090 3175 1138 3235 est
1153 3190 1173 3234 a
1188 3169 1356 3235 vocabulis

172 3316 261 3379 prae
277 3302 309 3362 et
324 3297 470 3379 sumptio
487 3296 576 3379 quasi
589 3298 837 3379 comsumptio,
851 3297 967 3380 quippe
982 3302 1057 3361 ante
1072 3302 1179 3361 suetas
1194 3297 1356 3382 legitimas

172 3420 391 3501 probationes
413 3420 534 3503 aliquid
557 3420 653 3485 sumit
663 3440 731 3503 pro
754 3440 834 3487 vero
860 3442 917 3485 seu
939 3419 1126 3501 omistmiti,
1150 3419 1231 3485 datis
1255 3424 1355 3486 certis
1433 3434 1440 3442 ’

177 3544 311 3614 indiciis.
329 3552 362 3610 et
383 3550 488 3629 potest
511 3542 655 3610 deliniri:
674 3565 692 3607 ‹
710 3544 904 3612 coniectura
919 3566 964 3611 em
979 3546 1095 3631 atiquo
1114 3546 1287 3632 sipno‘seu
1305 3547 1353 3610 in·

177 3669 264 3735 dicio
290 3676 366 3735 orta
389 3676 421 3737 et
444 3677 502 3737 out
526 3691 548 3736 o
573 3674 643 3757 lopo
675 3672 822 3757 oltepoto
846 3677 907 3736 out
929 3692 951 3735 o
975 3671 1085 3737 imlice
1108 3676 1285 3753 assumpto
1308 3650 1366 3735 od

176 3791 425 3857 adstruendum
448 3793 500 3857 rei
524 3792 647 3859 ttttbiae
663 3794 799 3879 fidem»
827 3796 919 3859 iuxta
940 3795 1019 3860 iuris
1042 3794 1189 3880 regulam
1206 3794 1249 3857 45
1265 3793 1297 3857 in
1314 3792 1353 3857 6:

179 3938 198 3979 c
222 3918 412 4003 lnspicimus
444 3918 478 3982 in
508 3916 651 3982 obscuris
674 3917 757 4000 quod
781 3923 830 3982 est
852 3919 1069 3992 verisimilius,
1095 3919 1148 3983 vel
1179 3917 1262 4003 quod
1284 3919 1354 4003 ple-

176 4062 312 4127 rumque
335 4041 407 4107 fieri
432 4044 598 4107 consuevit
620 4063 652 4105 a.

221 4190 223 4194 ·
267 4166 344 4231 520.
363 4166 454 4231 Haec
478 4168 561 4231 ratio
585 4166 745 4231 humanae
770 4168 886 4231 rationi
910 4168 992 4233 adeo
1007 4188 1148 4233 consona
1164 4166 1354 4233 coniiciendi

174 4291 214 4355 de
238 4293 414 4356 existentia
437 4296 470 4356 et
493 4292 630 4356 veritate
655 4292 701 4355 rei
719 4311 761 4355 ex
785 4292 930 4357 relativis
954 4292 1087 4366 indiciis,
1103 4290 1313 4357 discurrendo
1334 4311 1356 4355 a

173 4438 271 4484 causa
295 4418 335 4483 ad
352 4415 501 4483 ellectum
517 4422 573 4482 aut
588 4436 683 4482 versa
699 4418 780 4499 vice,
798 4416 970 4483 adhibetur
985 4422 1052 4483 tum
1068 4438 1088 4481 a
1106 4419 1181 4484 iure
1196 4418 1270 4501 ipso
1285 4422 1353 4481 tum
