3350 5117
402 342 467 408 494
927 363 1009 410 raas
1035 363 1055 409 1.

401 487 486 551 tibus
500 484 635 570 aliisque
646 485 789 551 testibus.
808 487 943 571 lnquam
954 488 1077 573 raguta
1088 488 1252 572 poemati,
1267 507 1339 550 uam
1350 486 1511 572 adtemptat

402 631 497 678 casus
511 629 573 695 quo
585 610 737 696 expediat
746 615 861 677 testem
874 611 917 676 ab
929 611 1130 678 adversario
1144 611 1194 678 vel
1208 631 1253 677 em
1265 612 1368 696 officio
1382 611 1513 696 productum

404 737 608 832 interrogare
623 755 734 800 coram
757 756 805 816 eo,
821 736 978 800 adversus
993 757 1087 819 quem
1103 732 1250 801 affertur.
1272 737 1352 802 Pars
1371 737 1440 802 enim
1452 752 1515 820 potes·

404 861 499 926 iudici
515 881 694 946 suggerere
709 861 804 926 utiles
816 863 1102 948 interrogationes;
1118 862 1174 928 sed
1192 882 1246 928 res
1257 862 1386 948 periculi
1399 863 1472 948 plena
1483 881 1517 926 et,

404 993 438 1052 et
453 987 625 1072 praecipue
648 988 739 1052 testis
754 1005 800 1053 em
814 987 923 1072 officio
948 987 1120 1073 productus
1136 1009 1198 1052 non
1216 987 1312 1054 debet
1328 989 1412 1053 lacile
1427 987 1517 1052 subniti

405 1110 583 1178 huiusmodi
608 1111 797 1194 quaestioni
818 1133 876 1178 seu
901 1112 1160 1194 comparationi,
1186 1112 1229 1178 uti
1255 1113 1340 1177 solet
1360 1113 1413 1176 dici
1432 1111 1474 1194 (lt.

495 1233 571 1300 479.
594 1233 673 1300 Cum
703 1233 802 1300 iudex
823 1253 867 1298 ex
897 1233 1031 1299 testibus
1055 1235 1213 1300 laetorum
1241 1236 1410 1302 scientiam
1434 1235 1521 1298 hauin

406 1355 529 1428 «tabeat
554 1358 637 1422 haec
659 1357 771 1422 sedulo
794 1357 1081 1424 animadvertenda
1104 1365 1196 1426 sunt:

500 1480 529 1564 l)
555 1483 830 1566 interrogationes
853 1481 1042 1567 dirigendae
1065 1490 1138 1548 sunt
1164 1503 1227 1547 non
1244 1485 1347 1548 silum
1371 1486 1398 1547 in
1419 1483 1524 1547 lactina

408 1609 500 1688 parte
515 1605 722 1688 propositum,
735 1603 792 1668 scd
808 1607 905 1670 etiam
922 1607 953 1670 in
970 1606 1169 1671 conditiones
1184 1627 1241 1672 seu
1258 1607 1419 1690 qualitates
1432 1607 1525 1669 testiuu.

410 1727 512 1790 ludex
535 1728 621 1792 enim
644 1736 819 1813 cognoseat
842 1733 969 1813 oportet
990 1732 1082 1796 testis
1104 1735 1252 1801 aetatem,
1276 1731 1417 1814 patrimi,
1435 1725 1526 1790 officim

408 1859 441 1920 et
457 1855 630 1920 relationes
649 1876 721 1920 cum
745 1856 810 1920 alia
825 1861 919 1942 parte
943 1862 975 1922 et
998 1877 1068 1922 cum
1086 1857 1172 1922 facto
1188 1857 1378 1928 attestando,
1395 1863 1425 1922 ut
1443 1857 1493 1920 eius
1504 1866 1530 1914 a·

409 1983 595 2048 testationes
626 1983 688 2048 rite
711 1981 898 2066 perpendat.
926 1981 1015 2048 Unde
1044 1983 1297 2067 interrogatoria
1329 1983 1425 2048 solent
1446 1997 1529 2062 senpu

410 2109 506 2192 incipi
530 2129 603 2172 cum
627 2109 697 2172 istis
720 2107 1027 2193 interrogationibus
1050 2127 1132 2191 quae
1156 2107 1308 2173 dicuntur
1331 2108 1488 2195 perscruta.

500 2233 533 2317 2)
558 2235 643 2298 lstae
673 2236 848 2348 praecipue
870 2235 1054 2320 diriguntur
1085 2235 1125 2300 ad
1149 2234 1403 2319 investigandum
1428 2230 1533 2296 sciendo

411 2357 531 2420 sontem
554 2377 611 2422 seu
636 2357 763 2434 modum
786 2378 850 2443 quo
873 2360 962 2423 testis
987 2379 1055 2422 rem
1080 2357 1198 2422 didicit.

501 2484 613 2548 Testes
635 2485 720 2548 enim
744 2483 798 2548 alii
822 2489 897 2548 sunt
920 2483 959 2548 de
983 2484 1132 2564 seientia,
1156 2483 1210 2548 alii
1234 2483 1274 2547 de
1303 2481 1486 2549 medulitatc.
1502 2475 1535 2536 all

412 2609 451 2674 de
474 2610 605 2684 auditu,
629 2609 683 2674 alii
707 2609 746 2674 de
768 2609 878 2692 famo.
1299 2689 1303 2694 Ι

502 2733 537 2818 α)
559 2733 619 2799 Est
641 2733 681 2799 dc
703 2732 844 2800 scientio
868 2735 920 2819 qui
945 2734 1065 2800 factum
1090 2735 1241 2820 cognovit
1264 2754 1310 2800 ca
1332 2753 1377 2814 se,
1396 2752 1446 2798 sau
1463 2730 1537 2792 uetur

413 2858 504 2923 diota
519 2858 640 2924 factum
655 2859 801 2944 percepit
817 2877 876 2942 per
892 2859 1040 2924 naturale
1056 2879 1214 2944 organum
1230 2859 1419 2944 cognitionis
1437 2853 1473 2918 illi
1487 2853 1539 2913 iactr

413 2983 639 3068 adaequatum
655 2984 779 3049 scilicet
795 2983 874 3051 vidit
897 2984 1112 3060 homicidium,
1129 2985 1253 3050 audivit
1275 2983 1496 3068 blasphemiam.
1510 2995 1542 3058 pi

414 3108 511 3172 stavit
534 3128 603 3172 rem
628 3127 823 3172 venenosam
848 3115 880 3172 et
903 3107 948 3171 ita
971 3127 1080 3190 porro.

504 3235 537 3320 d)
561 3237 619 3301 Est
641 3235 680 3300 de
704 3235 903 3300 credulitate
926 3235 978 3317 qui
1003 3254 1067 3299 non
1084 3233 1277 3300 imozediotc
1302 3233 1419 3298 lactum
1433 3224 1541 3314 percepit

415 3361 471 3426 sed
494 3360 632 3432 desumit
654 3380 714 3446 per
736 3363 948 3430 coniecturas,
968 3365 1078 3444 utputa
1102 3360 1153 3444 qui
1172 3357 1286 3423 videns
1310 3359 1444 3441 aliquem
1464 3369 1544 3440 praa.-

416 3488 513 3571 pitem
529 3485 644 3572 lugere
659 3487 851 3572 suspicatur,
870 3487 956 3550 huuc
971 3483 1175 3549 interfecisse
1191 3503 1263 3548 eum
1281 3484 1440 3546 hominem
1454 3471 1543 3562 postla

416 3633 596 3697 exanguem
621 3613 796 3678 inventum.

506 3741 536 3820 c)
562 3739 619 3802 Est
641 3737 681 3802 de
705 3738 826 3804 aedito
850 3739 902 3821 qui
927 3737 1002 3802 facti
1025 3736 1247 3802 narrationem
1273 3731 1404 3797 audivit.

506 3862 541 3948 d)
566 3863 624 3927 Est
647 3862 686 3927 de
708 3863 807 3946 saroa
829 3863 882 3946 qui
900 3861 1029 3946 deponit
1052 3859 1091 3925 de
1114 3860 1200 3924 lacto
1224 3863 1381 3944 percepto
1404 3873 1443 3918 ex
1461 3843 1546 3936 perol

418 3994 494 4074 gata
523 3987 631 4074 populi
655 3987 814 4073 opinione.
849 3983 949 4055 Patet,
975 3985 1057 4070 quod
1089 3986 1260 4054 maximam
1290 3981 1387 4048 fidem
1417 3980 1547 4044 mereatu.

419 4113 538 4177 ceteris
567 4111 707 4198 paribus,
732 4116 830 4178 testes
862 4113 904 4176 de
934 4111 1082 4184 scicntia,
1107 4109 1148 4174 cl.
1173 4129 1199 4176 c.
1225 4129 1252 4176 c.
1286 4107 1413 4180 15-aa
1436 4118 1509 4170 coast·
1530 4090 1549 4160 3»

492 4291 531 4361 (l)
552 4291 581 4345 ln
601 4289 792 4345 criminalibus
810 4289 929 4360 aliisque
952 4288 1042 4342 causis
1062 4303 1097 4340 ex
1112 4286 1199 4354 officio
1219 4285 1298 4351 aclis,
1312 4283 1415 4354 quibus
1431 4275 1514 4334 ueritas
1531 4283 1549 4320 t·

420 4399 541 4470 quiritur
553 4407 734 4468 comparatur
746 4397 826 4452 testis
838 4411 901 4449 cum
915 4393 971 4446 alio
986 4397 1056 4448 teste
1070 4391 1114 4447 vel
1130 4408 1192 4444 cum
1206 4392 1293 4461 parte,
1307 4388 1329 4441 si
1345 4386 1416 4442 baec
1433 4379 1543 4436 admittam

421 4507 454 4562 ad
468 4507 617 4562 audiendas
630 4505 706 4561 illius
718 4504 913 4576 depositiones,
928 4505 959 4556 ut
977 4502 1120 4556 subsumat
1132 4499 1176 4554 vel
1196 4496 1318 4567 explicet
1330 4495 1379 4551 vel
1398 4493 1451 4548 alia
1466 4487 1546 4544 dalis1²
