3350 5117
511 334 556 383 oa
578 335 718 385 moscus
742 338 1007 389 ecouxsmsrrcrs
1282 327 1345 395 153

168 472 245 519 nam
267 454 409 523 leviores
437 477 554 523 causae
584 458 753 527 habendae
783 464 857 537 sint,
882 464 979 531 iudex
1001 466 1148 534 omnibus
1177 471 1346 555 perpensis

167 575 334 643 decernet.

260 702 335 787 Ipse
363 688 467 771 Bonis.
494 706 576 773 VIII
604 708 686 791 ing
715 710 775 775 ult.
804 710 857 777 cit.
886 712 1009 797 camd
1039 713 1187 801 disponit,
1215 715 1348 800 quodsi

167 824 266 889 alicui
290 846 446 895 concesse
472 832 514 897 sit
538 833 645 915 plena
669 840 701 898 et
724 833 830 901 libera
857 836 1110 907 administratio
1134 842 1348 927 negotiorum,

169 973 254 1037 quae
278 957 411 1023 concedi
434 960 517 1025 solet
539 960 598 1028 sub
622 963 766 1029 clausula
789 984 869 1031 cam
897 964 1005 1031 lebera
1027 965 1080 1030 vel
1103 972 1143 1033 ut
1164 968 1253 1033 alter
1274 987 1349 1055 epo,

170 1086 421 1161 praesumantur
443 1084 584 1149 mandati
608 1085 704 1151 etiam
727 1104 821 1151 casus
844 1086 974 1153 aliunde
995 1089 1136 1174 speciale
1166 1086 1350 1154 mandatum

170 1205 388 1287 requirentes,
405 1209 517 1291 quales
540 1214 614 1275 suut
636 1209 869 1277 iuramentum
884 1211 1030 1295 deferre,
1048 1214 1247 1299 occepere,
1265 1232 1353 1280 com·

166 1327 372 1408 promittere
394 1330 432 1395 in
455 1330 611 1406 arbitros,
640 1333 779 1419 ccipere
810 1334 948 1408 credita,
973 1338 1103 1403 soluere
1133 1336 1254 1417 debita,
1275 1354 1353 1420 per·

172 1456 319 1525 mutare,
350 1454 512 1522 alienare.
539 1456 633 1521 Ratio
665 1456 843 1543 repetenda
868 1467 960 1524 esta
984 1466 1101 1525 natura
1131 1460 1353 1525 administra-

172 1575 277 1643 tionis
307 1577 443 1654 liberae,
475 1584 679 1667 exposcentis
711 1584 936 1651 tractationem
967 1586 1100 1652 istorum
1131 1588 1353 1672 negotiorum

174 1698 261 1765 unde
284 1720 325 1766 ea
347 1707 469 1767 tantum
494 1704 711 1771 excluduntur
734 1708 911 1793 simplicem
927 1708 1237 1775 administrationem
1262 1728 1357 1775 exce-

174 1822 296 1907 dentia,
314 1827 421 1911 qualia
443 1836 518 1895 sunt
541 1849 665 1897 causae
680 1833 959 1906 matrimoniales,
975 1834 1174 1901 (testationes
1197 1840 1230 1900 et
1244 1836 1355 1901 huius-

175 1947 277 2024 m0u;
303 1950 345 2013 cf.
370 1951 391 2015 ι.
408 1952 429 2017 t.
452 1951 502 2017 ss
524 1957 555 2017 a
577 1952 627 2019 se
647 1954 683 2037 ff.
701 1954 1063 2037 depromamus,
1088 1960 1121 2021 a
1142 1956 1165 2020 7
1186 1957 1285 2040 poe
1301 1956 1357 2023 aa·
1435 1930 1438 1936 ’

176 2073 384 2142 nationibus.
396 2110 440 2125 —
458 2077 500 2142 lo
515 2096 590 2161 cop.
604 2079 629 2145 5
644 2079 681 2145 ia
697 2080 720 2145 6
736 2080 787 2148 De
796 2086 974 2162 procurat.
991 2080 1031 2161 (l,
1052 2080 1105 2166 19)
1121 2081 1272 2146 statuitur
1287 2100 1358 2165 pro

176 2201 365 2265 curatorem
381 2202 429 2266 ad
442 2203 579 2289 nepotis
596 2206 812 2277 constitutum,
830 2226 893 2270 non
910 2206 1012 2270 solum
1030 2204 1069 2268 ad
1091 2203 1358 2285 extraiudicielia‚

175 2319 236 2385 sed
260 2320 300 2385 ad
325 2322 487 2390 iudicialis
508 2326 644 2411 intelligi
668 2328 892 2402 constitutum;
917 2346 992 2391 nam
1011 2328 1057 2392 ait
1071 2326 1241 2392 Pontifex:
1259 2346 1277 2389 s
1297 2326 1360 2397 Oai

176 2448 389 2531 peneratiter
411 2452 617 2518 constituitur
640 2452 680 2517 ad
703 2454 833 2538 negotia
855 2458 1060 2539 procurator,
1078 2470 1191 2517 scaea
1212 2456 1244 2515 et
1259 2470 1361 2517 exea·

180 2589 257 2636 mm
288 2578 402 2657 potest.
434 2576 579 2660 exceptis
602 2576 652 2642 his
675 2576 801 2641 casibus
832 2578 886 2660 qui
917 2576 1102 2641 mandatum
1127 2576 1262 2661 exigunt
1293 2595 1362 2660 spe·

179 2696 268 2761 ciale
284 2719 316 2761 a.

268 2823 478 2907 Erocuaator
502 2824 644 2911 adstas
667 2829 863 2915 pgr-nstitutus
890 2831 996 2911 potest
1025 2846 1129 2913 apere
1159 2832 1191 2891 et
1220 2845 1362 2909 respon·

181 2948 289 3031 dere3
312 2949 376 3013 imo
390 2949 417 3011 si
434 2948 625 3014 constitutus
640 2950 682 3013 sit
696 2950 917 3015 tantummodo
932 2952 979 3015 ad
994 2950 1177 3037 apeadam,
1192 2950 1312 3035 poterit
1330 2952 1365 3012 et

184 3068 385 3155 respondere
401 3089 458 3135 seu
483 3068 579 3135 etiam
608 3072 655 3137 rei
676 3076 785 3157 partes
802 3072 894 3137 obire
908 3072 949 3137 ad
962 3071 1197 3138 defendendum
1213 3068 1365 3134 mandan-

184 3200 268 3269 tem;
285 3196 361 3277 quia
376 3197 601 3262 accessorium
618 3192 703 3281 (rep.
717 3195 774 3267 le,
792 3196 860 3259 iar.
878 3194 916 3259 io
936 3194 973 3280 6)
996 3196 1141 3280 sequitur
1160 3194 1366 3277 principata.

186 3318 231 3383 At
248 3324 298 3383 est
313 3320 530 3403 praesumptio
546 3319 635 3400 iuris,
654 3317 772 3383 cedens
791 3318 920 3383 veritati
937 3338 995 3383 seu
1010 3318 1168 3382 voluntati
1185 3316 1367 3381 mandantis

184 3440 286 3505 aliter
309 3460 495 3525 expressae
519 3443 555 3503 ut
577 3458 655 3505 ecce
678 3440 706 3504 si
730 3458 807 3503 reus
831 3438 997 3502 exclusive
1020 3440 1193 3503 constituat
1215 3455 1368 3522 procura·

188 3570 294 3630 torem
318 3562 359 3629 ad
382 3564 561 3649 agendum,
586 3569 663 3631 tunc
687 3568 777 3649 patet
799 3564 869 3628 eius
891 3561 1042 3629 voluntas
1065 3562 1098 3626 in
1121 3562 1177 3627 illa
1194 3581 1292 3625 causa
1314 3565 1369 3625 aut

189 3708 249 3773 per
273 3707 308 3752 se
332 3694 388 3753 aut
410 3707 470 3773 per
493 3687 592 3752 alium
614 3706 651 3751 se
673 3683 879 3751 defendendi.

282 3810 358 3877 122.
382 3812 431 3877 lte
454 3811 581 3897 quidem
604 3831 694 3885 vera,
718 3812 789 3875 iure
817 3830 888 3875 can.
913 3830 977 3875 nou
1009 3810 1152 3894 exigitur
1184 3807 1369 3873 mandatum

190 3938 327 4023 scriptis
350 3938 469 4019 datum,
485 3936 541 4002 sed
565 3934 682 4001 sufficit
704 3936 871 4021 expressio
886 3954 1087 4019 quocumque
1103 3932 1196 3998 modo
1212 3932 1300 3997 facta
1317 3950 1371 3997 vo

191 4060 326 4131 luntatis
341 4060 529 4133 mandantis,
543 4059 748 4126 manifestata
763 4057 964 4123 mandatario
980 4057 1144 4141 praesenti
1166 4055 1219 4119 vel
1235 4052 1370 4125 absenti,

194 4188 365 4255 dummodo
388 4186 518 4274 probari
542 4186 605 4251 hoc
627 4185 726 4271 possit
748 4186 782 4250 iu
805 4183 934 4249 iudicio.
949 4182 1059 4257 Quare
1075 4182 1253 4247 admittitur
1277 4181 1372 4243 etiam

194 4315 381 4381 mandatnm
404 4314 663 4399 procuratorium
683 4315 958 4393 praesumptam.
983 4310 1026 4374 At
1049 4308 1089 4373 ob
1112 4307 1232 4393 negotii
1263 4304 1373 4391 gravi-

194 4449 293 4511 tatem
318 4442 433 4508 melius
456 4458 534 4507 sane
559 4444 616 4512 est,
633 4438 754 4524 scripto
777 4438 823 4501 uti
848 4435 1007 4517 mandato,
1023 4454 1134 4499 omnes
1150 4433 1374 4521 limites-con·
