3350 5117
507 300 550 345 oe
576 299 713 349 ruotctrs
738 300 1002 348 acouasrusrrcrs
1274 278 1336 345 131

159 420 264 483 nium
288 421 364 487 titis.
382 459 425 472 -
441 423 590 509 Vestigia
612 423 707 488 huius
722 422 936 507 dispositionis
951 424 1152 489 inveniemus
1176 424 1209 487 in
1234 423 1341 489 Consi.

165 546 272 609 Bonis.
287 547 370 612 VIII
389 548 419 611 b.
434 552 455 613 t.
468 548 505 611 ia
517 548 549 629 6,
563 546 606 629 cs.
620 568 648 613 c.
661 568 688 613 c.
702 548 717 610 1
734 552 764 612 et
777 546 800 613 6
811 546 867 613 De
877 552 1052 630 procurat.
1067 545 1175 633 (t-ltt),
1189 564 1271 631 quae
1286 565 1347 611 suo

163 671 238 737 Ioco
255 673 342 737 inira
358 694 565 759 exponemus.
581 708 626 721 -
643 674 774 739 Demum
791 673 875 757 apud
891 676 976 759 ipsos
992 674 1125 759 populos
1140 674 1345 759 germanIcos

162 798 402 881 antiquioribus
418 798 541 883 legibus
564 797 749 863 difficillime
772 798 912 863 admissa
927 798 988 863 fuit
1002 818 1142 884 persona
1160 802 1347 884 procurato-

166 940 241 985 rum
265 922 298 984 in
322 921 469 985 civilibus
500 940 625 1005 quoque
657 923 761 987 causis
791 921 933 1008 agendis.
959 922 1039 987 Nam
1065 920 1204 987 rudioris
1234 919 1342 1005 populi

164 1064 276 1109 mores
300 1047 408 1110 sinere
431 1065 495 1109 non
519 1045 622 1109 solent
644 1046 741 1111 alium
766 1065 866 1131 agere
889 1046 940 1109 vei
966 1044 1162 1132 respondere
1186 1065 1245 1129 pro
1268 1044 1344 1123 alie,

163 1171 223 1252 qui
248 1168 335 1234 solus
367 1188 481 1255 reapse
504 1169 697 1255 obligatione
720 1168 865 1235 solvendi
881 1170 935 1235 vel
957 1170 1076 1253 aliquid
1096 1156 1281 1255 praestandi
1305 1173 1351 1232 te-

167 1301 280 1358 netur:
305 1293 380 1377 quid
405 1295 490 1358 enim
514 1295 541 1359 si
564 1295 623 1359 iste
648 1293 728 1357 nolit
751 1300 823 1358 rata
846 1294 968 1358 babere
984 1299 1061 1359 acta
1076 1314 1096 1355 a
1113 1290 1347 1377 procuratore?

164 1415 337 1490 Quomodo
353 1418 532 1484 sententiae
556 1419 705 1483 executio
733 1418 902 1503 urgebitur
925 1421 957 1482 in
982 1438 1073 1482 reum
1097 1418 1150 1501 qui
1174 1415 1352 1480 nullimode

168 1544 202 1605 iu
228 1542 347 1608 iudicio
372 1545 558 1629 comparuit
582 1563 679 1628 quum
710 1564 769 1629 per
799 1545 899 1609 alium
931 1542 1154 1628 responderit?
1179 1544 1238 1608 Oui
1270 1539 1350 1607 diffi-

166 1668 283 1733 cultati
309 1676 344 1733 ut
366 1672 616 1756 prospiceretur,
634 1672 696 1735 iam
718 1690 852 1735 romano
876 1672 946 1735 iure
962 1668 1164 1735 introductae
1179 1674 1254 1735 sunt
1272 1688 1351 1733 cau-

166 1794 275 1857 tiones
297 1793 340 1858 de
367 1800 442 1859 reto
467 1793 646 1879 exigendae
669 1814 688 1857 a
711 1800 925 1879 procuratore
951 1794 1085 1867 uctoris;
1115 1798 1148 1857 et
1177 1793 1346 1857 cautiones

167 1916 213 1981 dc
234 1916 386 1983 iudicato
409 1917 567 1982 ..soluendo
591 1936 611 1979 a
635 1918 682 1981 rei
707 1923 919 2001 procuratore
942 1915 1155 2003 praestandae
1182 1918 1238 2000 (I).

171 2164 247 2217 mine
260 2162 370 2231 indigni
383 2162 472 2217 babiti
485 2168 558 2216 suut.
569 2192 602 2205 -
614 2163 643 2216 In
663 2164 834 2217 documentis
853 2165 922 2217 iuris
941 2163 1008 2217 eccl.
1029 2163 1129 2232 prioris
1147 2164 1249 2218 aetatis
1262 2162 1353 2215 nomi-

172 2276 285 2336 nantur,
299 2271 461 2340 iurisperiti,
479 2272 643 2335 scholastici,
665 2274 756 2339 topati,
775 2273 910 2325 advocati.
924 2300 959 2311 -
972 2269 1103 2325 Celebrcs
1121 2275 1186 2324 sunt
1205 2270 1234 2323 in
1253 2272 1350 2323 Anna-

173 2374 247 2427 libus
265 2373 409 2428 Ecclesiae
426 2376 561 2428 Advocati
574 2374 780 2430 Ecclesiurum:
799 2380 880 2430 eraut
895 2378 1051 2447 presbyteri
1071 2382 1120 2429 aut
1139 2377 1203 2429 laici
1219 2375 1303 2430 electi
1320 2375 1354 2427 ad

168 2480 354 2545 defendenda,
369 2481 530 2549 praesertim
544 2482 572 2533 in
586 2482 702 2547 iudIciis,
725 2482 785 2535 iura
804 2482 1007 2548 Ecclesiarum3
1026 2484 1157 2553 quocirca
1185 2487 1358 2538 renovarunt

174 2587 202 2639 iu
217 2586 343 2641 Ecclesia
361 2591 405 2640 ius
420 2597 584 2657 patronatus
598 2589 697 2657 prioris
710 2588 831 2657 epochae
845 2606 984 2643 romanae.
995 2618 1029 2631 -
1041 2591 1087 2652 At,
1102 2589 1174 2643 melo
1187 2591 1254 2654 tato,
1268 2589 1354 2643 huius

171 2694 338 2748 advocatiae
357 2711 465 2760 munus,
484 2695 610 2749 advocati
629 2700 780 2765 coeperunt
799 2696 826 2749 in
846 2714 926 2749 suurn
945 2697 1163 2751 emolumentum
1185 2702 1349 2752 convertere

172 2820 238 2856 cum
257 2803 381 2855 maximo
400 2802 587 2857 Ecclesiarum
605 2804 712 2865 damno:
727 2821 780 2859 nou
800 2822 879 2859 secus
898 2822 931 2858 ac
951 2805 1149 2874 praestiterunt
1167 2805 1353 2857 Commendo·

172 2923 250 2963 teres
275 2908 471 2974 Ecclesierum,
492 2909 590 2963 harum
618 2911 709 2965 effecti
739 2912 849 2979 pessimi
875 2915 1037 2966 vastatores
1058 2940 1091 2951 -
1115 2910 1194 2966 Unde
1222 2913 1354 2965 rrdoocuti

177 3013 372 3068 Ecclesiamm
397 3030 413 3065 a
441 3013 531 3068 medio
558 3014 646 3068 ablati
673 3018 752 3068 sunt:
776 3015 810 3068 ci.
834 3015 1016 3079 Thomassin,
1042 3016 1097 3070 Vct.
1124 3027 1150 3070 et
1175 3017 1247 3069 Noe.
1274 3016 1362 3080 Eccl,

174 3122 289 3193 discipl.
305 3120 372 3187 P.I,
393 3122 452 3175 Lib.
467 3120 504 3186 ll,
523 3140 546 3175 c.
561 3121 617 3188 97;
630 3122 796 3175 etFerratis
816 3122 928 3175 Bitttor.
949 3140 1008 3175 can.
1035 3122 1063 3174 V.
1084 3124 1260 3177 Adsecutus.

268 3226 309 3296 (Ι)
329 3226 368 3280 De
392 3226 500 3296 origine
520 3231 549 3281 et
568 3232 776 3295 procuratorum
802 3227 1001 3282 constitntIone
1027 3228 1087 3281 iure
1113 3243 1227 3281 romano
1254 3228 1362 3299 aliquid

176 3334 321 3405 eprIcare
339 3348 451 3387 necesse
469 3336 520 3398 est,
539 3333 604 3403 quia
625 3333 779 3387 huiusmodi
800 3334 959 3388 institutum
985 3349 1106 3387 canones
1127 3335 1187 3388 tere
1212 3334 1360 3404 integrum

177 3444 352 3511 exceperunt
370 3456 387 3493 a
404 3441 465 3493 iure
483 3455 605 3493 romano.
623 3468 660 3480 -
674 3438 722 3493 Uti
742 3440 796 3493 iam
817 3440 964 3506 innuimus,
976 3440 1131 3509 aritiquitus
1150 3456 1205 3493 non
1224 3442 1364 3496 concede·

180 3549 272 3611 batur,
292 3546 381 3599 etium
400 3562 454 3615 pro
479 3546 536 3597 alio
561 3546 590 3597 in
614 3544 717 3597 iudicio
741 3562 843 3613 apere3
863 3544 904 3597 uti
929 3544 1010 3599 docet
1038 3544 1124 3598 Gaius
1142 3545 1219 3615 (inst.
1245 3546 1363 3614 Ili-825:

179 3666 274 3705 ecum
298 3651 374 3715 cirin,
395 3666 448 3719 quo
472 3658 597 3719 tempore
623 3649 693 3717 lepis
717 3649 838 3702 actiones
858 3652 887 3701 in
905 3666 958 3701 teu
983 3651 1111 3719 fuissent,
1128 3650 1222 3703 alieno
1247 3653 1364 3703 nornine

178 3770 268 3823 apere
277 3770 334 3806 non
346 3754 450 3817 liceret,
461 3754 515 3805 nisi
521 3768 573 3822 pre
583 3752 686 3821 popuio
698 3761 723 3803 ct
735 3752 871 3805 libertatis
882 3767 967 3805 causo
982 3768 1005 3802 ›.
1019 3750 1122 3805 Deinde
1136 3752 1187 3804 sub
1200 3757 1361 3819 systemate

180 3865 375 3935 formularum
394 3862 505 3915 admissi
523 3865 588 3915 sunt
600 3864 756 3931 cepnitercs
769 3866 796 3916 et
807 3872 1026 3931 procuratores:
1039 3863 1074 3916 ci.
1090 3863 1194 3927 Keller,
1214 3864 1269 3919 Cio.
1282 3865 1365 3917 Proc

181 3974 293 4037 Rom.§
310 3972 361 4023 52.
376 3972 414 4025 nt
433 3971 500 4024 iuris
519 3970 595 4040 rigor
613 3986 669 4024 non
686 3970 780 4025 statim
795 3971 967 4034 remittitur3
981 3970 1043 4025 ideo
1056 3974 1212 4043 copnitores
1226 3972 1358 4026 constitui

182 4092 237 4129 uon
249 4079 382 4146 poterant
395 4075 447 4128 nisi
456 4085 601 4145 percerte
614 4085 641 4129 et
654 4076 789 4130 soternniu
804 4078 889 4130 rerba
901 4091 995 4129 coram
1008 4077 1184 4145 magistratut
1197 4077 1245 4131 sed
1259 4078 1361 4146 passim

182 4182 364 4237 incaluerunt
372 4192 582 4252 procuratores.
597 4182 771 4248 Procurator,
785 4184 825 4235 ait
838 4182 923 4236 Gaius
936 4181 1013 4252 (inst.
1024 4182 1134 4250 iver),
1147 4201 1163 4235 ‹
1176 4184 1266 4237 nullis
1280 4189 1364 4239 certis

182 4289 276 4341 serbis
288 4288 318 4341 in
331 4287 412 4342 litem
424 4286 617 4341 substituitur:
636 4286 684 4341 sed
703 4304 737 4342 ex
756 4286 815 4341 solo
829 4290 967 4351 mandato,
987 4293 1016 4341 et
1034 4288 1149 4343 absente
1168 4293 1198 4344 et
1216 4289 1364 4358 ignorante

182 4392 343 4448 adversario
362 4392 555 4447 constituitur:
575 4393 740 4463 quinetiam
758 4398 824 4446 sunt
842 4394 889 4464 qui
905 4397 1004 4463 putant
1016 4394 1061 4449 sel
1074 4410 1138 4449 eum
1152 4400 1361 4465 procuratorem
