3350 5117
284 258 351 326 100
809 278 894 325 rans
917 277 940 323 1.

282 402 477 490 pretaudum
508 408 540 467 et
570 399 795 488 applicandum
825 401 875 465 ius
905 401 938 465 in
969 420 1046 467 casu
1068 400 1268 487 particulari,
1292 402 1405 484 utputa
1427 399 1463 463 in

281 532 388 597 causis
404 528 634 611 criminalibus,
647 527 968 615 comprehenduntur
982 526 1040 593 sub
1055 528 1185 593 nomine
1200 526 1442 594 iurisdictionis
1447 547 1465 609 ,·

280 660 315 721 et
329 673 448 720 revera
463 654 533 718 sine
547 658 707 740 potestate
730 652 817 719 iuris
838 652 975 720 dicendi
998 654 1148 719 exerceri
1172 672 1237 719 non
1259 653 1380 719 valent.
1397 652 1464 716 Re-

279 780 369 864 liqua
398 798 478 843 vero
508 796 584 862 pars
614 774 712 842 offleii
742 775 873 856 nobilis,
897 774 1046 841 ordinata
1074 776 1117 841 ad
1146 776 1325 861 urgendum
1351 777 1461 861 legum

232 920 235 929 “
281 905 457 991 praecipue
472 902 654 989 poenalium
678 902 913 975 executionem,
929 900 970 967 ad
986 900 1177 986 exequenda
1192 906 1366 988 praecepta
1380 902 1466 967 iuris

283 1029 462 1093 communis
484 1027 537 1092 vel
561 1024 693 1091 decreta
715 1025 837 1099 iudicis,
855 1045 898 1090 ex
913 1023 1020 1090 cilicio
1036 1045 1103 1097 suo,
1119 1024 1238 1109 aliquid
1254 1023 1466 1090 decernentis

281 1152 324 1218 ad
354 1151 547 1217 servandam
577 1152 771 1235 aequitatem
800 1152 889 1217 inter
913 1156 1037 1235 partes,
1068 1150 1151 1215 haec
1180 1151 1288 1213 omnia
1318 1168 1465 1234 compre-

280 1275 549 1343 hendebantur-a
577 1276 713 1341 Romani
741 1275 799 1341 sub
827 1280 984 1360 potestate
1010 1274 1148 1359 imperii
1169 1294 1228 1340 seu
1251 1275 1464 1341 executionis.

282 1397 648 1483 cf.Schmalzgruebe1·
672 1397 718 1463 tit.
742 1396 792 1463 De
814 1399 870 1482 off.
894 1398 965 1463 ind.
988 1418 1023 1461 n.
1047 1394 1143 1484 lp).

374 1525 428 1591 78.
454 1523 556 1589 ludex
572 1543 651 1588 vero
674 1524 743 1589 sive
766 1543 808 1588 ex
831 1523 936 1590 nobiti
958 1523 1028 1594 sive
1050 1544 1094 1589 ex
1115 1522 1328 1590 macenaria
1352 1519 1465 1586 officio

282 1650 455 1739 procedat,
480 1653 548 1717 eius
579 1656 628 1716 est
656 1650 762 1737 legem
792 1652 880 1716 inter
901 1655 1012 1736 partes
1041 1651 1222 1736 applicare,
1246 1671 1304 1716 seu
1331 1650 1465 1716 edicere

283 1774 368 1862 quod
392 1775 559 1841 conforme
583 1775 645 1840 iuri
673 1775 846 1842 constituto
876 1780 909 1839 at
937 1776 1088 1859 aequitati
1113 1782 1173 1841 est.
1199 1776 1286 1841 Hinc
1316 1777 1467 1859 quamvis

282 1902 343 1987 ipsi
367 1902 424 1967 lem
446 1900 595 1965 videatur
618 1901 723 1966 minus
743 1919 856 1984 aequa,
880 1906 988 1967 tamen
1012 1900 1099 1966 hane
1120 1902 1212 1985 sequi
1234 1900 1343 1975 debet,
1368 1900 1463 1967 dum·

281 2023 375 2089 modo
399 2024 525 2088 notorie
549 2042 613 2087 non
636 2028 750 2108 peccet
765 2027 881 2087 contra
896 2023 944 2088 ius
960 2022 1102 2088 divinum
1118 2028 1174 2088 aut
1189 2024 1354 2099 naturale,
1370 2024 1467 2091 iusta

281 2150 303 2213 l.
327 2147 636 2231 Prospenil12ff.
663 2148 725 2219 Qui
748 2152 779 2213 et
801 2167 823 2212 a
846 2147 969 2232 quibus
991 2149 1210 2215 manumissis
1235 2148 1367 2220 ‹Qteod
1389 2149 1463 2233 qni-

281 2272 361 2338 dam
380 2292 447 2357 per
469 2292 575 2357 quarn
598 2273 726 2338 durum
749 2278 806 2347 est,
830 2273 891 2339 sed
913 2273 962 2338 ita
983 2274 1043 2339 lex
1064 2273 1193 2357 scripta
1216 2281 1264 2341 est
1278 2296 1309 2339 ».

371 2396 454 2471 Quia
477 2394 589 2461 iudicis
613 2401 663 2463 est
685 2396 789 2481 legem
813 2399 941 2481 exequi,
955 2398 1035 2471 hino
1059 2398 1270 2464 iurisdictioni
1293 2400 1378 2464 inest
1399 2399 1463 2464 mi·

281 2528 382 2589 atam
404 2521 599 2605 imperinm,
624 2540 679 2585 seu
702 2522 751 2587 ius
773 2519 946 2586 adhibendi
976 2521 1133 2587 modicam
1165 2524 1394 2590 coercitionem
1425 2525 1460 2589 in

282 2648 490 2719 reluctantes,
516 2647 561 2711 uti
585 2646 647 2709 iam
671 2644 888 2730 probavimus.
912 2645 1003 2722 Quae
1025 2653 1165 2733 potestas
1196 2648 1401 2714 coercitionis
1424 2668 1464 2713 se

281 2772 420 2857 porrigit
442 2770 538 2838 etiam
562 2768 602 2833 ad
626 2788 780 2854 personas
804 2769 835 2832 in
860 2770 978 2835 iudicio
1005 2775 1129 2856 partam
1160 2770 1317 2837 habentes
1348 2790 1462 2838 acces-

281 2894 427 2966 sorium,
452 2892 551 2957 veluti
582 2897 812 2978 procuratores
842 2898 875 2957 et
904 2892 1088 2959 advocatos.
1114 2896 1167 2959 lus
1190 2914 1269 2960 vero
1297 2914 1460 2959 cannen

280 3018 478 3083 determinat
501 3017 651 3083 lucrative
681 3036 800 3101 poenas
831 3038 911 3102 quas
941 3018 1038 3084 iudex
1068 3018 1248 3085 decernere
1274 3019 1378 3093 debet
1402 3019 1460 3085 sed

279 3147 350 3213 eius
373 3144 523 3230 prudenti
546 3140 682 3207 arbitrio
705 3142 933 3228 relinquuntur
954 3142 1227 3216 determinandae,
1253 3164 1296 3209 ex
1318 3164 1345 3209 c.
1371 3165 1399 3210 c.
1422 3146 1464 3209 1!

280 3266 331 3332 De
356 3265 478 3349 poenis
501 3266 536 3329 X
556 3264 611 3350 (V,
628 3263 693 3349 37),
718 3273 752 3332 et
773 3267 792 3329 1
814 3266 920 3332 einsd.
944 3267 991 3331 tit.
1016 3268 1053 3332 in
1076 3267 1099 3332 6
1122 3265 1177 3352 (V,
1198 3266 1242 3351 9).
1268 3266 1462 3333 Huiusmodi

281 3386 435 3453 coercitio
457 3390 565 3451 tamen
597 3406 725 3471 semper
747 3386 810 3452 erit
838 3388 971 3460 modica,
995 3389 1140 3455 mitiores
1162 3389 1360 3474 amplectens
1387 3410 1462 3475 poe-

280 3530 355 3587 nas;
371 3510 522 3578 videlicet
545 3510 842 3594 reprehensionem
865 3532 922 3577 seu
946 3513 1161 3583 monitionem.
1177 3514 1341 3579 inulctam
1363 3532 1461 3599 pecu·

280 3640 428 3713 mariam,
452 3638 504 3704 vel
534 3639 789 3721 suspensionem
815 3638 856 3703 ab
886 3638 1002 3704 officio.
1029 3640 1070 3706 Ut
1095 3660 1183 3715 ecce,
1205 3640 1381 3709 advocatus
1405 3643 1462 3727 qui

369 3869 409 3941 (l)
424 3868 475 3923 Hic
489 3869 574 3924 etiam
591 3872 715 3938 praestat
728 3868 852 3933 innuere,
865 3868 1002 3940 quomodo
1014 3869 1085 3925 istae
1101 3870 1295 3926 distinctiones
1307 3872 1377 3926 iuris
1390 3889 1459 3927 rona

279 3974 353 4046 apud
373 3977 533 4032 canonistas
551 3980 679 4032 servatae
697 3992 752 4031 non
770 3976 835 4043 sint,
854 3977 902 4032 sed
920 3977 1064 4031 vocabulis
1081 3979 1281 4033 iurisdictionis
1299 3984 1329 4035 et
1347 3981 1465 4051 imperii

278 4081 352 4137 aliae
370 4082 595 4137 accommodatae
614 4084 670 4137 sint
684 4081 912 4151 significationes
929 4083 971 4137 lta
984 4083 1120 4139 Schmalz.
1134 4083 1152 4138 1.
1165 4102 1188 4139 c.
1204 4085 1257 4139 nti
1275 4103 1387 4141 merum
1403 4089 1459 4140 ina·

275 4192 392 4260 perium
411 4190 561 4260 distinguit
579 4194 609 4245 in
626 4208 677 4245 sen·
691 4194 806 4261 prodas,
820 4192 978 4263 incipiendo
996 4211 1014 4246 a
1031 4195 1154 4249 macinm
1167 4198 1285 4267 imperio
1298 4197 1371 4267 quod
1388 4196 1463 4253 deli·

281 4297 357 4350 nitur
370 4309 388 4350 c
399 4298 554 4351 iurisdictio
574 4315 644 4367 qnae
656 4299 744 4353 nobili
756 4300 866 4367 iudicio,
881 4298 979 4369 officio,
991 4301 1141 4357 utilitatem
1152 4304 1296 4372 publicam
1308 4314 1463 4374 spectante,

280 4406 432 4453 enervetur
444 4416 468 4450 ».
491 4398 532 4453 lbi
552 4398 706 4455 iurisdictio
725 4401 876 4455 assumitur
893 4418 975 4456 sensu
994 4403 1063 4457 iuris
1080 4420 1141 4459 can.
