<?xml version="1.0" encoding="UTF-8"?>
<!DOCTYPE html PUBLIC "-//W3C//DTD XHTML 1.0 Transitional//EN"
    "http://www.w3.org/TR/xhtml1/DTD/xhtml1-transitional.dtd">
<html xmlns="http://www.w3.org/1999/xhtml" xml:lang="en" lang="en">
 <head>
  <title>
</title>
<meta http-equiv="Content-Type" content="text/html;charset=utf-8" />
  <meta name='ocr-system' content='tesseract 3.04.00' />
  <meta name='ocr-capabilities' content='ocr_page ocr_carea ocr_par ocr_line ocrx_word'/>
</head>
<body>
  <div class='ocr_page' id='page_1' title='image "./praelectionesin01legagoog_0146.png"; bbox 0 0 3350 5117; ppageno 0'>
   <div class='ocr_carea' id='block_1_1' title="bbox 317 284 972 351">
    <p class='ocr_par' dir='ltr' id='par_1_1' title="bbox 317 284 972 351">
     <span class='ocr_line' id='line_1_1' title="bbox 317 284 972 351; baseline -0.002 -2"><span class='ocrx_word' id='word_1_1' title='bbox 317 284 381 349; x_wconf 82' lang='lat'>144</span> <span class='ocrx_word' id='word_1_2' title='bbox 521 336 523 339; x_wconf 88' lang='lat'>.</span> <span class='ocrx_word' id='word_1_3' title='bbox 842 303 925 351; x_wconf 74' lang='lat' dir='ltr'>raas</span> <span class='ocrx_word' id='word_1_4' title='bbox 950 304 972 349; x_wconf 88' lang='lat'>1.</span> 
     </span>
    </p>
   </div>
   <div class='ocr_carea' id='block_1_2' title="bbox 313 425 1500 1257">
    <p class='ocr_par' dir='ltr' id='par_1_2' title="bbox 313 425 1498 885">
     <span class='ocr_line' id='line_1_2' title="bbox 317 425 1495 512; baseline 0.001 -20"><span class='ocrx_word' id='word_1_5' title='bbox 317 426 435 492; x_wconf 78' lang='lat' dir='ltr'>cedere</span> <span class='ocrx_word' id='word_1_6' title='bbox 458 426 613 491; x_wconf 90' lang='lat' dir='ltr'>creditum</span> <span class='ocrx_word' id='word_1_7' title='bbox 643 425 727 510; x_wconf 93' lang='lat' dir='ltr'>quod</span> <span class='ocrx_word' id='word_1_8' title='bbox 750 425 818 511; x_wconf 87' lang='lat' dir='ltr'>ipse</span> <span class='ocrx_word' id='word_1_9' title='bbox 842 425 967 491; x_wconf 87' lang='lat' dir='ltr'>debitor</span> <span class='ocrx_word' id='word_1_10' title='bbox 983 427 1150 492; x_wconf 86' lang='lat' dir='ltr'>confossus</span> <span class='ocrx_word' id='word_1_11' title='bbox 1166 432 1224 492; x_wconf 88' lang='lat' dir='ltr'>est.</span> <span class='ocrx_word' id='word_1_12' title='bbox 1243 428 1287 493; x_wconf 79' lang='lat' dir='ltr'>At</span> <span class='ocrx_word' id='word_1_13' title='bbox 1301 428 1384 493; x_wconf 89' lang='lat' dir='ltr'>haec</span> <span class='ocrx_word' id='word_1_14' title='bbox 1399 433 1495 512; x_wconf 83' lang='lat' dir='ltr'>pacta</span> 
     </span>
     <span class='ocr_line' id='line_1_3' title="bbox 315 548 1498 634; baseline -0.001 -19"><span class='ocrx_word' id='word_1_15' title='bbox 315 571 380 615; x_wconf 91' lang='lat' dir='ltr'>non</span> <span class='ocrx_word' id='word_1_16' title='bbox 405 549 555 617; x_wconf 70' lang='lat' dir='ltr'>tumulive</span> <span class='ocrx_word' id='word_1_17' title='bbox 571 550 627 615; x_wconf 89' lang='lat' dir='ltr'>sed</span> <span class='ocrx_word' id='word_1_18' title='bbox 643 549 906 618; x_wconf 78' lang='lat' dir='ltr'>demonstrative</span> <span class='ocrx_word' id='word_1_19' title='bbox 929 548 1091 634; x_wconf 87' lang='lat' dir='ltr'>prohibita</span> <span class='ocrx_word' id='word_1_20' title='bbox 1105 556 1194 627; x_wconf 88' lang='lat' dir='ltr'>sunt;</span> <span class='ocrx_word' id='word_1_21' title='bbox 1210 557 1244 616; x_wconf 86' lang='lat' dir='ltr'>et</span> <span class='ocrx_word' id='word_1_22' title='bbox 1262 551 1343 616; x_wconf 91' lang='lat' dir='ltr'>iuris</span> <span class='ocrx_word' id='word_1_23' title='bbox 1358 552 1498 617; x_wconf 85' lang='lat' dir='ltr'>intentio</span> 
     </span>
     <span class='ocr_line' id='line_1_4' title="bbox 316 673 1498 761; baseline -0.003 -20"><span class='ocrx_word' id='word_1_24' title='bbox 316 680 366 741; x_wconf 89' lang='lat' dir='ltr'>est</span> <span class='ocrx_word' id='word_1_25' title='bbox 388 676 421 740; x_wconf 90' lang='lat' dir='ltr'>iu</span> <span class='ocrx_word' id='word_1_26' title='bbox 437 694 568 761; x_wconf 82' lang='lat' dir='ltr'>genere,</span> <span class='ocrx_word' id='word_1_27' title='bbox 585 674 643 740; x_wconf 89' lang='lat' dir='ltr'>sub</span> <span class='ocrx_word' id='word_1_28' title='bbox 666 694 867 758; x_wconf 88' lang='lat' dir='ltr'>quocumque</span> <span class='ocrx_word' id='word_1_29' title='bbox 890 674 1020 739; x_wconf 86' lang='lat' dir='ltr'>nomine</span> <span class='ocrx_word' id='word_1_30' title='bbox 1041 679 1076 740; x_wconf 88' lang='lat' dir='ltr'>ot</span> <span class='ocrx_word' id='word_1_31' title='bbox 1098 678 1202 758; x_wconf 86' lang='lat' dir='ltr'>pacto,</span> <span class='ocrx_word' id='word_1_32' title='bbox 1220 673 1351 739; x_wconf 77' lang='lat' dir='ltr'>fraudes</span> <span class='ocrx_word' id='word_1_33' title='bbox 1368 677 1498 738; x_wconf 83' lang='lat' dir='ltr'>atanto</span> 
     </span>
     <span class='ocr_line' id='line_1_5' title="bbox 313 796 668 885; baseline -0.008 -20"><span class='ocrx_word' id='word_1_34' title='bbox 313 819 449 865; x_wconf 84' lang='lat' dir='ltr'>munere</span> <span class='ocrx_word' id='word_1_35' title='bbox 472 818 588 864; x_wconf 88' lang='lat' dir='ltr'>arcere</span> <span class='ocrx_word' id='word_1_36' title='bbox 613 796 668 885; x_wconf 79' lang='lat'>(1).</span> 
     </span>
    </p>

    <p class='ocr_par' dir='ltr' id='par_1_3' title="bbox 315 924 1500 1257">
     <span class='ocr_line' id='line_1_6' title="bbox 407 924 1500 1009; baseline -0.004 -17"><span class='ocrx_word' id='word_1_37' title='bbox 407 926 481 993; x_wconf 80' lang='lat'>112.</span> <span class='ocrx_word' id='word_1_38' title='bbox 497 927 583 1001; x_wconf 88' lang='lat' dir='ltr'>Quas</span> <span class='ocrx_word' id='word_1_39' title='bbox 606 924 818 1009; x_wconf 75' lang='lat' dir='ltr'>obligationes</span> <span class='ocrx_word' id='word_1_40' title='bbox 842 930 877 989; x_wconf 94' lang='lat' dir='ltr'>ut</span> <span class='ocrx_word' id='word_1_41' title='bbox 891 930 1025 990; x_wconf 80' lang='lat' dir='ltr'>servent</span> <span class='ocrx_word' id='word_1_42' title='bbox 1041 924 1198 996; x_wconf 79' lang='lat' dir='ltr'>advocati.</span> <span class='ocrx_word' id='word_1_43' title='bbox 1215 944 1355 991; x_wconf 84' lang='lat' dir='ltr'>necnon</span> <span class='ocrx_word' id='word_1_44' title='bbox 1373 930 1407 989; x_wconf 93' lang='lat' dir='ltr'>ut</span> <span class='ocrx_word' id='word_1_45' title='bbox 1423 924 1500 989; x_wconf 87' lang='lat' dir='ltr'>iura</span> 
     </span>
     <span class='ocr_line' id='line_1_7' title="bbox 316 1047 1496 1135; baseline -0.004 -19"><span class='ocrx_word' id='word_1_46' title='bbox 316 1051 375 1117; x_wconf 88' lang='lat' dir='ltr'>sibi</span> <span class='ocrx_word' id='word_1_47' title='bbox 399 1050 612 1135; x_wconf 77' lang='lat' dir='ltr'>competentia</span> <span class='ocrx_word' id='word_1_48' title='bbox 635 1048 867 1129; x_wconf 81' lang='lat' dir='ltr'>custodiantur,</span> <span class='ocrx_word' id='word_1_49' title='bbox 891 1070 960 1113; x_wconf 90' lang='lat' dir='ltr'>mos</span> <span class='ocrx_word' id='word_1_50' title='bbox 984 1055 1032 1113; x_wconf 86' lang='lat' dir='ltr'>est</span> <span class='ocrx_word' id='word_1_51' title='bbox 1055 1049 1146 1113; x_wconf 92' lang='lat' dir='ltr'>utin</span> <span class='ocrx_word' id='word_1_52' title='bbox 1170 1047 1239 1132; x_wconf 92' lang='lat' dir='ltr'>ipso</span> <span class='ocrx_word' id='word_1_53' title='bbox 1262 1048 1496 1115; x_wconf 87' lang='lat' dir='ltr'>advocatorum</span> 
     </span>
     <span class='ocr_line' id='line_1_8' title="bbox 315 1172 1493 1257; baseline -0.003 -16"><span class='ocrx_word' id='word_1_54' title='bbox 315 1176 429 1241; x_wconf 89' lang='lat' dir='ltr'>ordine</span> <span class='ocrx_word' id='word_1_55' title='bbox 451 1174 558 1239; x_wconf 88' lang='lat' dir='ltr'>adsint</span> <span class='ocrx_word' id='word_1_56' title='bbox 580 1174 707 1257; x_wconf 89' lang='lat' dir='ltr'>quidam</span> <span class='ocrx_word' id='word_1_57' title='bbox 731 1173 825 1240; x_wconf 85' lang='lat' dir='ltr'>eiecti</span> <span class='ocrx_word' id='word_1_58' title='bbox 848 1172 888 1237; x_wconf 90' lang='lat' dir='ltr'>ad</span> <span class='ocrx_word' id='word_1_59' title='bbox 919 1172 1095 1247; x_wconf 76' lang='lat' dir='ltr'>curandam</span> <span class='ocrx_word' id='word_1_60' title='bbox 1124 1192 1294 1237; x_wconf 91' lang='lat' dir='ltr'>munerum</span> <span class='ocrx_word' id='word_1_61' title='bbox 1318 1178 1351 1238; x_wconf 89' lang='lat' dir='ltr'>et</span> <span class='ocrx_word' id='word_1_62' title='bbox 1374 1174 1493 1237; x_wconf 91' lang='lat' dir='ltr'>iurium</span> 
     </span>
    </p>
   </div>
   <div class='ocr_carea' id='block_1_3' title="bbox 316 1295 1501 1632">
    <p class='ocr_par' dir='ltr' id='par_1_4' title="bbox 316 1295 1501 1632">
     <span class='ocr_line' id='line_1_9' title="bbox 316 1295 1500 1384; baseline -0.002 -20"><span class='ocrx_word' id='word_1_63' title='bbox 316 1298 516 1384; x_wconf 82' lang='lat' dir='ltr'>singulorum</span> <span class='ocrx_word' id='word_1_64' title='bbox 541 1302 663 1362; x_wconf 89' lang='lat' dir='ltr'>rectam</span> <span class='ocrx_word' id='word_1_65' title='bbox 692 1295 942 1366; x_wconf 82' lang='lat' dir='ltr'>observantiam,</span> <span class='ocrx_word' id='word_1_66' title='bbox 966 1296 1064 1381; x_wconf 86' lang='lat' dir='ltr'>vulgo</span> <span class='ocrx_word' id='word_1_67' title='bbox 1087 1298 1261 1381; x_wconf 90' lang='lat' dir='ltr'>nuncupati</span> <span class='ocrx_word' id='word_1_68' title='bbox 1289 1319 1308 1358; x_wconf 82' lang='lat'><strong>‹</strong></span> <span class='ocrx_word' id='word_1_69' title='bbox 1331 1296 1500 1384; x_wconf 53' lang='lat' dir='ltr'>compito</span> 
     </span>
     <span class='ocr_line' id='line_1_10' title="bbox 317 1419 1501 1506; baseline -0.003 -18"><span class='ocrx_word' id='word_1_70' title='bbox 317 1422 353 1488; x_wconf 87' lang='lat' dir='ltr'>di</span> <span class='ocrx_word' id='word_1_71' title='bbox 375 1420 556 1506; x_wconf 76' lang='lat' dir='ltr'>disciplina</span> <span class='ocrx_word' id='word_1_72' title='bbox 580 1442 610 1485; x_wconf 83' lang='lat'>&gt;.</span> <span class='ocrx_word' id='word_1_73' title='bbox 628 1420 676 1487; x_wconf 80' lang='lat' dir='ltr'>Gi.</span> <span class='ocrx_word' id='word_1_74' title='bbox 694 1420 805 1487; x_wconf 76' lang='lat' dir='ltr'>Editio</span> <span class='ocrx_word' id='word_1_75' title='bbox 826 1419 926 1486; x_wconf 81' lang='lat' dir='ltr'>Curd.</span> <span class='ocrx_word' id='word_1_76' title='bbox 947 1420 1146 1487; x_wconf 82' lang='lat' dir='ltr'>Gomberioi</span> <span class='ocrx_word' id='word_1_77' title='bbox 1168 1420 1294 1503; x_wconf 65' lang='lat'><strong><em>5239.</em></strong></span> <span class='ocrx_word' id='word_1_78' title='bbox 1312 1421 1401 1486; x_wconf 88' lang='lat' dir='ltr'>Idem</span> <span class='ocrx_word' id='word_1_79' title='bbox 1423 1441 1501 1486; x_wconf 86' lang='lat' dir='ltr'>ser-</span> 
     </span>
     <span class='ocr_line' id='line_1_11' title="bbox 316 1520 1389 1632; baseline -0.002 -20"><span class='ocrx_word' id='word_1_80' title='bbox 316 1552 413 1612; x_wconf 90' lang='lat' dir='ltr'>vatur</span> <span class='ocrx_word' id='word_1_81' title='bbox 436 1549 552 1632; x_wconf 89' lang='lat' dir='ltr'>passim</span> <span class='ocrx_word' id='word_1_82' title='bbox 577 1548 609 1609; x_wconf 90' lang='lat' dir='ltr'>in</span> <span class='ocrx_word' id='word_1_83' title='bbox 634 1520 795 1611; x_wconf 84' lang='lat' dir='ltr'>codicibus</span> <span class='ocrx_word' id='word_1_84' title='bbox 817 1544 985 1611; x_wconf 90' lang='lat' dir='ltr'>hodiernis</span> <span class='ocrx_word' id='word_1_85' title='bbox 1008 1546 1071 1611; x_wconf 87' lang='lat' dir='ltr'>hac</span> <span class='ocrx_word' id='word_1_86' title='bbox 1094 1546 1134 1610; x_wconf 92' lang='lat' dir='ltr'>de</span> <span class='ocrx_word' id='word_1_87' title='bbox 1163 1567 1200 1612; x_wconf 88' lang='lat' dir='ltr'>re</span> <span class='ocrx_word' id='word_1_88' title='bbox 1223 1545 1389 1612; x_wconf 87' lang='lat' dir='ltr'>confectis.</span> 
     </span>
    </p>
   </div>
   <div class='ocr_carea' id='block_1_4' title="bbox 316 1670 1506 2873">
    <p class='ocr_par' dir='ltr' id='par_1_5' title="bbox 316 1670 1506 2873">
     <span class='ocr_line' id='line_1_12' title="bbox 410 1670 1496 1767; baseline -0.001 -32"><span class='ocrx_word' id='word_1_89' title='bbox 410 1672 480 1737; x_wconf 86' lang='lat'>113.</span> <span class='ocrx_word' id='word_1_90' title='bbox 507 1672 582 1736; x_wconf 89' lang='lat' dir='ltr'>Iure</span> <span class='ocrx_word' id='word_1_91' title='bbox 606 1690 676 1735; x_wconf 90' lang='lat' dir='ltr'>can.</span> <span class='ocrx_word' id='word_1_92' title='bbox 693 1670 895 1767; x_wconf 90' lang='lat' dir='ltr'>principium</span> <span class='ocrx_word' id='word_1_93' title='bbox 918 1670 1072 1755; x_wconf 83' lang='lat' dir='ltr'>generale</span> <span class='ocrx_word' id='word_1_94' title='bbox 1096 1674 1155 1743; x_wconf 87' lang='lat' dir='ltr'>est,</span> <span class='ocrx_word' id='word_1_95' title='bbox 1172 1670 1315 1756; x_wconf 83' lang='lat' dir='ltr'>partibus</span> <span class='ocrx_word' id='word_1_96' title='bbox 1331 1671 1496 1756; x_wconf 86' lang='lat' dir='ltr'>integrum</span> 
     </span>
     <span class='ocr_line' id='line_1_13' title="bbox 317 1796 1497 1885; baseline -0.003 -20"><span class='ocrx_word' id='word_1_97' title='bbox 317 1819 418 1885; x_wconf 88' lang='lat' dir='ltr'>usque</span> <span class='ocrx_word' id='word_1_98' title='bbox 441 1819 512 1864; x_wconf 87' lang='lat' dir='ltr'>esse</span> <span class='ocrx_word' id='word_1_99' title='bbox 542 1818 602 1883; x_wconf 89' lang='lat' dir='ltr'>per</span> <span class='ocrx_word' id='word_1_100' title='bbox 632 1796 822 1863; x_wconf 89' lang='lat' dir='ltr'>advocatum</span> <span class='ocrx_word' id='word_1_101' title='bbox 850 1816 909 1862; x_wconf 89' lang='lat' dir='ltr'>sua</span> <span class='ocrx_word' id='word_1_102' title='bbox 931 1796 1004 1860; x_wconf 90' lang='lat' dir='ltr'>iura</span> <span class='ocrx_word' id='word_1_103' title='bbox 1026 1798 1122 1868; x_wconf 86' lang='lat' dir='ltr'>tueri,</span> <span class='ocrx_word' id='word_1_104' title='bbox 1146 1802 1181 1861; x_wconf 88' lang='lat' dir='ltr'>at</span> <span class='ocrx_word' id='word_1_105' title='bbox 1210 1797 1270 1862; x_wconf 88' lang='lat' dir='ltr'>has</span> <span class='ocrx_word' id='word_1_106' title='bbox 1300 1817 1365 1861; x_wconf 93' lang='lat' dir='ltr'>non</span> <span class='ocrx_word' id='word_1_107' title='bbox 1387 1797 1497 1862; x_wconf 88' lang='lat' dir='ltr'>tenori</span> 
     </span>
     <span class='ocr_line' id='line_1_14' title="bbox 317 1919 1498 2007; baseline -0.003 -19"><span class='ocrx_word' id='word_1_108' title='bbox 317 1923 514 1989; x_wconf 85' lang='lat' dir='ltr'>constituere</span> <span class='ocrx_word' id='word_1_109' title='bbox 541 1921 729 1986; x_wconf 88' lang='lat' dir='ltr'>advocatum</span> <span class='ocrx_word' id='word_1_110' title='bbox 761 1926 794 1985; x_wconf 88' lang='lat' dir='ltr'>et</span> <span class='ocrx_word' id='word_1_111' title='bbox 823 1940 884 2007; x_wconf 90' lang='lat' dir='ltr'>per</span> <span class='ocrx_word' id='word_1_112' title='bbox 907 1940 942 1984; x_wconf 91' lang='lat' dir='ltr'>se</span> <span class='ocrx_word' id='word_1_113' title='bbox 966 1921 1051 2005; x_wconf 88' lang='lat' dir='ltr'>ipsas</span> <span class='ocrx_word' id='word_1_114' title='bbox 1074 1939 1110 1984; x_wconf 86' lang='lat' dir='ltr'>se</span> <span class='ocrx_word' id='word_1_115' title='bbox 1139 1919 1314 1985; x_wconf 87' lang='lat' dir='ltr'>defendere</span> <span class='ocrx_word' id='word_1_116' title='bbox 1337 1925 1370 1984; x_wconf 87' lang='lat' dir='ltr'>et</span> <span class='ocrx_word' id='word_1_117' title='bbox 1392 1920 1426 1984; x_wconf 92' lang='lat' dir='ltr'>in</span> <span class='ocrx_word' id='word_1_118' title='bbox 1449 1921 1498 1984; x_wconf 92' lang='lat' dir='ltr'>iu·</span> 
     </span>
     <span class='ocr_line' id='line_1_15' title="bbox 317 2044 1499 2133; baseline -0.003 -19"><span class='ocrx_word' id='word_1_119' title='bbox 317 2048 400 2114; x_wconf 90' lang='lat' dir='ltr'>dicio</span> <span class='ocrx_word' id='word_1_120' title='bbox 424 2046 620 2133; x_wconf 89' lang='lat' dir='ltr'>respondere</span> <span class='ocrx_word' id='word_1_121' title='bbox 651 2065 754 2132; x_wconf 90' lang='lat' dir='ltr'>posse.</span> <span class='ocrx_word' id='word_1_122' title='bbox 778 2047 808 2111; x_wconf 88' lang='lat' dir='ltr'>A</span> <span class='ocrx_word' id='word_1_123' title='bbox 835 2045 940 2111; x_wconf 88' lang='lat' dir='ltr'>iudice</span> <span class='ocrx_word' id='word_1_124' title='bbox 970 2064 1060 2120; x_wconf 89' lang='lat' dir='ltr'>vero,</span> <span class='ocrx_word' id='word_1_125' title='bbox 1085 2065 1128 2112; x_wconf 77' lang='lat' dir='ltr'>ea</span> <span class='ocrx_word' id='word_1_126' title='bbox 1160 2045 1278 2130; x_wconf 83' lang='lat' dir='ltr'>officio,</span> <span class='ocrx_word' id='word_1_127' title='bbox 1302 2044 1499 2110; x_wconf 85' lang='lat' dir='ltr'>advocatum</span> 
     </span>
     <span class='ocr_line' id='line_1_16' title="bbox 318 2170 1502 2258; baseline -0.005 -19"><span class='ocrx_word' id='word_1_128' title='bbox 318 2173 467 2239; x_wconf 86' lang='lat' dir='ltr'>idoneum</span> <span class='ocrx_word' id='word_1_129' title='bbox 490 2172 717 2257; x_wconf 86' lang='lat' dir='ltr'>assignandum</span> <span class='ocrx_word' id='word_1_130' title='bbox 741 2191 811 2237; x_wconf 76' lang='lat' dir='ltr'>esse</span> <span class='ocrx_word' id='word_1_131' title='bbox 831 2172 926 2258; x_wconf 87' lang='lat' dir='ltr'>parti,</span> <span class='ocrx_word' id='word_1_132' title='bbox 942 2190 1024 2255; x_wconf 87' lang='lat' dir='ltr'>quae</span> <span class='ocrx_word' id='word_1_133' title='bbox 1040 2171 1081 2236; x_wconf 95' lang='lat' dir='ltr'>ob</span> <span class='ocrx_word' id='word_1_134' title='bbox 1096 2171 1288 2255; x_wconf 88' lang='lat' dir='ltr'>imperitiam</span> <span class='ocrx_word' id='word_1_135' title='bbox 1304 2171 1358 2236; x_wconf 84' lang='lat' dir='ltr'>vel</span> <span class='ocrx_word' id='word_1_136' title='bbox 1373 2170 1414 2234; x_wconf 95' lang='lat' dir='ltr'>ob</span> <span class='ocrx_word' id='word_1_137' title='bbox 1428 2190 1502 2234; x_wconf 86' lang='lat' dir='ltr'>ma-</span> 
     </span>
     <span class='ocr_line' id='line_1_17' title="bbox 317 2293 1495 2383; baseline -0.004 -19"><span class='ocrx_word' id='word_1_138' title='bbox 317 2298 418 2365; x_wconf 89' lang='lat' dir='ltr'>litiam</span> <span class='ocrx_word' id='word_1_139' title='bbox 442 2302 475 2365; x_wconf 87' lang='lat' dir='ltr'>et</span> <span class='ocrx_word' id='word_1_140' title='bbox 496 2296 672 2383; x_wconf 87' lang='lat' dir='ltr'>potentiam</span> <span class='ocrx_word' id='word_1_141' title='bbox 695 2295 874 2361; x_wconf 84' lang='lat' dir='ltr'>adversarii</span> <span class='ocrx_word' id='word_1_142' title='bbox 897 2314 997 2381; x_wconf 82' lang='lat' dir='ltr'>agere</span> <span class='ocrx_word' id='word_1_143' title='bbox 1020 2300 1111 2361; x_wconf 87' lang='lat' dir='ltr'>etse</span> <span class='ocrx_word' id='word_1_144' title='bbox 1135 2295 1310 2361; x_wconf 84' lang='lat' dir='ltr'>defendere</span> <span class='ocrx_word' id='word_1_145' title='bbox 1326 2297 1359 2361; x_wconf 92' lang='lat' dir='ltr'>in</span> <span class='ocrx_word' id='word_1_146' title='bbox 1374 2293 1495 2359; x_wconf 88' lang='lat' dir='ltr'>iudicio</span> 
     </span>
     <span class='ocr_line' id='line_1_18' title="bbox 318 2417 1498 2504; baseline -0.003 -19"><span class='ocrx_word' id='word_1_147' title='bbox 318 2441 384 2485; x_wconf 91' lang='lat' dir='ltr'>non</span> <span class='ocrx_word' id='word_1_148' title='bbox 395 2419 511 2485; x_wconf 82' lang='lat' dir='ltr'>valeat.</span> <span class='ocrx_word' id='word_1_149' title='bbox 526 2454 570 2468; x_wconf 96' lang='lat'>-</span> <span class='ocrx_word' id='word_1_150' title='bbox 583 2418 653 2483; x_wconf 91' lang='lat' dir='ltr'>Non</span> <span class='ocrx_word' id='word_1_151' title='bbox 665 2418 770 2483; x_wconf 87' lang='lat' dir='ltr'>obstat</span> <span class='ocrx_word' id='word_1_152' title='bbox 782 2424 885 2502; x_wconf 82' lang='lat' dir='ltr'>caput</span> <span class='ocrx_word' id='word_1_153' title='bbox 901 2418 953 2493; x_wconf 73' lang='lat'>14,</span> <span class='ocrx_word' id='word_1_154' title='bbox 970 2418 1021 2485; x_wconf 88' lang='lat' dir='ltr'>De</span> <span class='ocrx_word' id='word_1_155' title='bbox 1035 2418 1107 2484; x_wconf 79' lang='lat' dir='ltr'>iao.</span> <span class='ocrx_word' id='word_1_156' title='bbox 1123 2418 1158 2482; x_wconf 86' lang='lat' dir='ltr'><em>X</em></span> <span class='ocrx_word' id='word_1_157' title='bbox 1167 2417 1264 2504; x_wconf 88' lang='lat' dir='ltr'>(ii-l)</span> <span class='ocrx_word' id='word_1_158' title='bbox 1277 2438 1340 2503; x_wconf 91' lang='lat' dir='ltr'>quo</span> <span class='ocrx_word' id='word_1_159' title='bbox 1356 2417 1498 2482; x_wconf 87' lang='lat' dir='ltr'>edicitur</span> 
     </span>
     <span class='ocr_line' id='line_1_19' title="bbox 318 2538 1506 2626; baseline -0.001 -21"><span class='ocrx_word' id='word_1_160' title='bbox 318 2546 354 2609; x_wconf 84' lang='lat' dir='ltr'>ut</span> <span class='ocrx_word' id='word_1_161' title='bbox 376 2543 485 2626; x_wconf 85' lang='lat' dir='ltr'>partes</span> <span class='ocrx_word' id='word_1_162' title='bbox 510 2559 528 2602; x_wconf 86' lang='lat'><strong>‹</strong></span> <span class='ocrx_word' id='word_1_163' title='bbox 551 2558 622 2606; x_wconf 79' lang='lat' dir='ltr'>ooo</span> <span class='ocrx_word' id='word_1_164' title='bbox 641 2559 708 2623; x_wconf 84' lang='lat' dir='ltr'>per</span> <span class='ocrx_word' id='word_1_165' title='bbox 730 2540 913 2607; x_wconf 77' lang='lat' dir='ltr'>aduocatos</span> <span class='ocrx_word' id='word_1_166' title='bbox 935 2540 995 2606; x_wconf 79' lang='lat' dir='ltr'>sod</span> <span class='ocrx_word' id='word_1_167' title='bbox 1017 2559 1085 2622; x_wconf 83' lang='lat' dir='ltr'>per</span> <span class='ocrx_word' id='word_1_168' title='bbox 1105 2559 1142 2605; x_wconf 84' lang='lat' dir='ltr'>se</span> <span class='ocrx_word' id='word_1_169' title='bbox 1156 2538 1250 2623; x_wconf 78' lang='lat' dir='ltr'>ipsos</span> <span class='ocrx_word' id='word_1_170' title='bbox 1263 2538 1395 2622; x_wconf 76' lang='lat' dir='ltr'>sactum</span> <span class='ocrx_word' id='word_1_171' title='bbox 1405 2556 1506 2621; x_wconf 76' lang='lat' dir='ltr'>pro-</span> 
     </span>
     <span class='ocr_line' id='line_1_20' title="bbox 316 2662 1503 2750; baseline -0.004 -17"><span class='ocrx_word' id='word_1_172' title='bbox 316 2670 449 2749; x_wconf 79' lang='lat' dir='ltr'>ponunt</span> <span class='ocrx_word' id='word_1_173' title='bbox 471 2687 502 2729; x_wconf 85' lang='lat'>›.</span> <span class='ocrx_word' id='word_1_174' title='bbox 529 2666 607 2731; x_wconf 88' lang='lat' dir='ltr'>Nam</span> <span class='ocrx_word' id='word_1_175' title='bbox 632 2662 673 2729; x_wconf 93' lang='lat' dir='ltr'>ibi</span> <span class='ocrx_word' id='word_1_176' title='bbox 700 2685 813 2750; x_wconf 88' lang='lat' dir='ltr'>reapse</span> <span class='ocrx_word' id='word_1_177' title='bbox 837 2684 902 2729; x_wconf 92' lang='lat' dir='ltr'>non</span> <span class='ocrx_word' id='word_1_178' title='bbox 926 2664 966 2730; x_wconf 90' lang='lat' dir='ltr'>de</span> <span class='ocrx_word' id='word_1_179' title='bbox 991 2665 1157 2731; x_wconf 85' lang='lat' dir='ltr'>advocatis</span> <span class='ocrx_word' id='word_1_180' title='bbox 1186 2664 1242 2730; x_wconf 90' lang='lat' dir='ltr'>sed</span> <span class='ocrx_word' id='word_1_181' title='bbox 1266 2664 1306 2729; x_wconf 90' lang='lat' dir='ltr'>de</span> <span class='ocrx_word' id='word_1_182' title='bbox 1337 2683 1503 2749; x_wconf 84' lang='lat' dir='ltr'>procura-</span> 
     </span>
     <span class='ocr_line' id='line_1_21' title="bbox 319 2788 1405 2873; baseline -0.005 -17"><span class='ocrx_word' id='word_1_183' title='bbox 319 2790 441 2856; x_wconf 87' lang='lat' dir='ltr'>toribus</span> <span class='ocrx_word' id='word_1_184' title='bbox 464 2808 571 2854; x_wconf 88' lang='lat' dir='ltr'>sermo</span> <span class='ocrx_word' id='word_1_185' title='bbox 595 2792 652 2861; x_wconf 87' lang='lat' dir='ltr'>est,</span> <span class='ocrx_word' id='word_1_186' title='bbox 677 2808 734 2873; x_wconf 87' lang='lat' dir='ltr'>seu</span> <span class='ocrx_word' id='word_1_187' title='bbox 758 2788 905 2854; x_wconf 85' lang='lat' dir='ltr'>advocati</span> <span class='ocrx_word' id='word_1_188' title='bbox 929 2808 1044 2852; x_wconf 88' lang='lat' dir='ltr'>nomen</span> <span class='ocrx_word' id='word_1_189' title='bbox 1068 2788 1243 2873; x_wconf 88' lang='lat' dir='ltr'>improprie</span> <span class='ocrx_word' id='word_1_190' title='bbox 1258 2788 1405 2853; x_wconf 89' lang='lat' dir='ltr'>sumitur.</span> 
     </span>
    </p>
   </div>
   <div class='ocr_carea' id='block_1_5' title="bbox 322 4185 1510 4475">
    <p class='ocr_par' dir='ltr' id='par_1_6' title="bbox 322 4185 1510 4475">
     <span class='ocr_line' id='line_1_22' title="bbox 412 4185 1510 4261; baseline -0.002 -16"><span class='ocrx_word' id='word_1_191' title='bbox 412 4191 450 4261; x_wconf 90' lang='lat' dir='ltr'>(i)</span> <span class='ocrx_word' id='word_1_192' title='bbox 471 4190 543 4245; x_wconf 94' lang='lat' dir='ltr'>Olim</span> <span class='ocrx_word' id='word_1_193' title='bbox 563 4190 713 4243; x_wconf 84' lang='lat' dir='ltr'>advocatus</span> <span class='ocrx_word' id='word_1_194' title='bbox 731 4192 921 4242; x_wconf 80' lang='lat' dir='ltr'>iuramentum</span> <span class='ocrx_word' id='word_1_195' title='bbox 934 4187 962 4240; x_wconf 92' lang='lat' dir='ltr'>in</span> <span class='ocrx_word' id='word_1_196' title='bbox 982 4186 1096 4241; x_wconf 84' lang='lat' dir='ltr'>exordio</span> <span class='ocrx_word' id='word_1_197' title='bbox 1115 4186 1175 4241; x_wconf 89' lang='lat' dir='ltr'>iitis</span> <span class='ocrx_word' id='word_1_198' title='bbox 1194 4190 1336 4257; x_wconf 85' lang='lat' dir='ltr'>praestare</span> <span class='ocrx_word' id='word_1_199' title='bbox 1353 4185 1451 4242; x_wconf 84' lang='lat' dir='ltr'>debuit</span> <span class='ocrx_word' id='word_1_200' title='bbox 1464 4186 1510 4243; x_wconf 81' lang='lat' dir='ltr'>de·</span> 
     </span>
     <span class='ocr_line' id='line_1_23' title="bbox 322 4292 1510 4360; baseline -0.001 -7"><span class='ocrx_word' id='word_1_201' title='bbox 322 4316 372 4353; x_wconf 85' lang='lat' dir='ltr'>suo</span> <span class='ocrx_word' id='word_1_202' title='bbox 391 4316 505 4354; x_wconf 87' lang='lat' dir='ltr'>munero</span> <span class='ocrx_word' id='word_1_203' title='bbox 523 4299 577 4352; x_wconf 86' lang='lat' dir='ltr'>rite</span> <span class='ocrx_word' id='word_1_204' title='bbox 596 4296 722 4352; x_wconf 84' lang='lat' dir='ltr'>obeundo</span> <span class='ocrx_word' id='word_1_205' title='bbox 742 4312 775 4350; x_wconf 79' lang='lat' dir='ltr'>ex</span> <span class='ocrx_word' id='word_1_206' title='bbox 800 4297 817 4349; x_wconf 89' lang='lat' dir='ltr'>l.</span> <span class='ocrx_word' id='word_1_207' title='bbox 834 4296 869 4349; x_wconf 74' lang='lat'>14</span> <span class='ocrx_word' id='word_1_208' title='bbox 882 4300 900 4360; x_wconf 70' lang='lat' dir='ltr'><strong>g</strong></span> <span class='ocrx_word' id='word_1_209' title='bbox 914 4295 928 4348; x_wconf 85' lang='lat'><em>1</em></span> <span class='ocrx_word' id='word_1_210' title='bbox 944 4294 1009 4350; x_wconf 75' lang='lat' dir='ltr'>eoa.</span> <span class='ocrx_word' id='word_1_211' title='bbox 1022 4296 1066 4351; x_wconf 76' lang='lat' dir='ltr'>Do</span> <span class='ocrx_word' id='word_1_212' title='bbox 1079 4296 1161 4350; x_wconf 76' lang='lat' dir='ltr'>indic.</span> <span class='ocrx_word' id='word_1_213' title='bbox 1175 4324 1209 4337; x_wconf 98' lang='lat'>-</span> <span class='ocrx_word' id='word_1_214' title='bbox 1223 4292 1310 4350; x_wconf 87' lang='lat' dir='ltr'>Hodie</span> <span class='ocrx_word' id='word_1_215' title='bbox 1322 4292 1375 4349; x_wconf 87' lang='lat' dir='ltr'>boc</span> <span class='ocrx_word' id='word_1_216' title='bbox 1388 4298 1510 4352; x_wconf 77' lang='lat' dir='ltr'>tautum</span> 
     </span>
     <span class='ocr_line' id='line_1_24' title="bbox 322 4402 1086 4475; baseline -0.008 -14"><span class='ocrx_word' id='word_1_217' title='bbox 322 4406 428 4469; x_wconf 74' lang='lat' dir='ltr'>serrari</span> <span class='ocrx_word' id='word_1_218' title='bbox 448 4404 520 4460; x_wconf 84' lang='lat' dir='ltr'>solet</span> <span class='ocrx_word' id='word_1_219' title='bbox 538 4404 627 4475; x_wconf 85' lang='lat' dir='ltr'>quoad</span> <span class='ocrx_word' id='word_1_220' title='bbox 647 4404 831 4475; x_wconf 77' lang='lat' dir='ltr'>Defensorcm</span> <span class='ocrx_word' id='word_1_221' title='bbox 851 4413 915 4455; x_wconf 76' lang='lat' dir='ltr'>tna?-</span> <span class='ocrx_word' id='word_1_222' title='bbox 935 4419 971 4457; x_wconf 71' lang='grc' dir='ltr'>ωε</span> <span class='ocrx_word' id='word_1_223' title='bbox 989 4402 1086 4473; x_wconf 78' lang='lat' dir='ltr'>officio.</span> 
     </span>
    </p>
   </div>
   <div class='ocr_carea' id='block_1_6' title="bbox 0 0 1686 5117">
    <p class='ocr_par' dir='ltr' id='par_1_7' title="bbox 0 0 1686 5117">
     <span class='ocr_line' id='line_1_25' title="bbox 0 0 1686 5117; baseline 0 0"><span class='ocrx_word' id='word_1_224' title='bbox 0 0 1686 5117; x_wconf 95' lang='lat' dir='ltr'> </span> 
     </span>
    </p>
   </div>
  </div>
 </body>
</html>
