3350 5117
9 396 315 555 {ww
402 416 511 483 eeu

312 276 357 343 84
839 298 923 345 unns
947 297 968 343 1.

513 420 527 481 t
550 412 806 511 respondendum
824 419 874 479 est
895 433 966 481 non
981 433 1098 480 omnes
1112 414 1160 479 eol
1174 412 1369 480 iudicialem
1391 415 1495 483 aclio-

9 552 85 635 ΛΑ,
103 552 206 635 wie
220 595 299 670 w
313 560 394 608 nem
410 538 554 614 admitti,
570 559 633 607 nec
647 558 763 607 omncs
787 539 847 624 oui
868 538 1105 619 admittuntur,
1122 538 1240 605 eodem
1268 538 1372 605 modo
1388 557 1496 625 apere

13 680 177 771 Μ
220 662 226 687 ”
313 665 405 731 etin
427 664 552 731 iudicio
576 662 784 746 respondere
800 681 912 747 posse.

402 788 480 853 Cum
504 789 617 873 primis
640 786 844 872 repelluntur
867 788 935 871 ipso
950 786 1092 852 naturali
1115 787 1187 852 iure
1210 806 1273 871 quo
1297 787 1403 851 minus
1419 806 1494 872 per-

9 971 62 1019 ΜΕ
77 927 221 1014 &AM
310 914 466 981 sonaliter
478 916 510 980 in
524 914 874 1010 iudiciolcompereent.
883 913 1039 1005 inientes,
1056 914 1158 987 surdi,
1171 914 1250 1007 rnuli
1265 911 1321 1000 (1),
1334 921 1492 989 amentes,

9 1620 44 1658 a
51 1558 201 1703 pedire

9 2858 157 2907 W*

9 2941 82 2999 ‚⁴²¹¹
137 2914 232 2971 βλ·

310 1038 435 1133 fppiosi
460 1042 493 1105 et
515 1039 617 1104 ceteri
641 1057 753 1103 omnes
776 1059 836 1102 usu
859 1038 994 1103 rationis
1018 1058 1082 1103 non
1105 1038 1274 1123 pollentes.
1296 1038 1417 1103 Verum
1433 1038 1490 1102 alii

308 1180 374 1225 non
398 1154 474 1225 iu're
497 1159 651 1225 naturali
665 1159 725 1225 red
742 1159 889 1242 positivo
914 1159 1126 1245 repelluntur.
1143 1159 1295 1235 Quamvis
1311 1161 1396 1226 enim
1411 1179 1493 1245 pro-

309 1303 420 1349 cessus
444 1282 600 1347 iudicielis
617 1283 658 1347 sit
672 1281 839 1346 ordinatus
855 1282 889 1345 in
905 1283 1022 1345 iurium
1039 1280 1268 1356 defensionem,
1287 1288 1395 1347 tamen
1411 1302 1492 1347 non-

308 1407 389 1473 nulli
413 1409 447 1473 in
469 1426 605 1494 poenam
629 1425 650 1470 a
673 1406 797 1471 iudiciis
819 1405 980 1491 agitandis
1004 1406 1223 1472 exeluduntur
1239 1408 1340 1473 veluti
1361 1426 1489 1473 excom·

309 1532 472 1598 municati.
492 1532 615 1597 —Alii
638 1550 718 1596 vero
742 1532 791 1625 uti
807 1530 922 1616 pupilli
938 1536 971 1597 et
986 1532 1128 1595 minores
1150 1536 1316 1605 arcentur,
1333 1533 1490 1615 quianon

308 1656 386 1742 ipsis
402 1655 458 1721 sed
475 1656 546 1721 aliis
569 1676 700 1722 suorum
717 1656 834 1721 iunium
859 1626 1003 1720 defensio
1026 1658 1187 1741 competit,
1204 1657 1355 1721 nimirum
1370 1658 1487 1723 tutori-

308 1782 377 1856 bus,
402 1781 615 1857 curatoribus,
637 1801 698 1847 nec
721 1801 786 1846 non
810 1780 1143 1881 arcenturlReligiosi
1167 1792 1227 1866 pro
1250 1780 1364 1865 quibus
1386 1800 1492 1867 agere

307 1912 341 1973 et
363 1908 531 1973 conveniri
554 1926 611 1971 seu
634 1904 832 1991 respondere
853 1901 947 1969 debet
962 1906 1202 1970 monasterium.
1220 1941 1263 1955 -
1281 1904 1488 1991 Quapropter

307 2032 467 2101 nonnulli
490 2031 721 2097 (recluduntur
744 2029 787 2095 ob
810 2028 963 2114 operido;
987 2028 1048 2093 olii
1071 2028 1114 2095 ob
1140 2030 1273 2116 opendo
1297 2035 1329 2095 el
1349 2049 1487 2114 respon-

306 2156 440 2238 dend05
462 2155 523 2219 alii
545 2173 615 2221 noc
637 2172 704 2237 per
733 2170 769 2217 se
799 2151 859 2217 secl
885 2169 952 2233 per
983 2151 1069 2218 alios
1099 2158 1203 2237 opere
1226 2158 1257 2217 el
1279 2154 1491 2237 respondere
1542 2170 1546 2175 ’

306 2283 436 2350 debent.

310 2438 312 2445 v
396 2405 448 2471 63.
473 2405 718 2471 Eoecludunlur
741 2408 873 2469 loetum
901 2402 944 2469 ab
971 2404 1115 2490 rependo,
1140 2408 1212 2468 lum
1243 2423 1311 2487 per
1342 2424 1379 2470 re
1413 2411 1487 2470 lum

299 2547 368 2611 per
389 2532 660 2611 procuratorem,
684 2524 979 2597 erconzmonicati,
1004 2524 1041 2589 in
1059 2543 1211 2608 poenam
1235 2524 1484 2592 medicinalem.

303 2688 350 2699 -
374 2652 452 2716 Post
474 2649 594 2715 bullam
618 2648 805 2715 Martinill
832 2682 850 2695 -
867 2646 924 2712 Ad
946 2647 1106 2713 erilande
1132 2683 1148 2695 -
1182 2646 1334 2733 distingui
1367 2642 1487 2713 debent

157 2795 256 2876 »ff
304 2776 574 2841 excommunicati
594 2774 726 2840 ollandi
741 2794 760 2837 a
776 2794 841 2839 non
864 2774 1021 2839 citandis.
1040 2772 1152 2847 Quoad
1168 2772 1316 2839 vitandos
1333 2779 1487 2840 teneatur

304 2903 389 2988 quod
413 2902 560 2968 decernit
584 2901 682 2985 Greg.
701 2901 749 2965 lX
765 2901 797 2964 in
818 2898 1222 2982 cop.Eoeceplionem12,
1242 2898 1292 2963 De
1306 2898 1484 2983 Eereeptio·

303 3148 398 3215 modi
423 3148 575 3232 eeceplio
599 3166 670 3214 riori
693 3145 886 3229 opporttno,
910 3144 1133 3211 nihilominus
1154 3151 1203 3211 est
1218 3146 1330 3230 officio
1355 3146 1488 3213 Iudicis

302 3273 518 3357 repellendus
542 3294 573 3335 s.
591 3270 674 3346 Quid
697 3272 724 3336 si
747 3269 862 3357 agant?
886 3269 1026 3334 invalide
1049 3290 1091 3334 ne
1114 3267 1236 3355 egunt?
1262 3270 1374 3353 Caput
1387 3270 1415 3343 1,
1431 3270 1485 3335 De

305 3396 444 3478 Eecepl.
469 3396 506 3459 iri
529 3396 552 3458 6
575 3391 695 3479 (ll-12)
727 3391 909 3478 respondet,
933 3397 1008 3457 ecta
1036 3391 1198 3457 iudicialia
1228 3391 1268 3457 ab
1300 3390 1483 3458 huiusmodi

303 3518 591 3584 excommunicatis
614 3516 726 3601 posite,
751 3536 843 3580 suurn
873 3515 975 3579 robur
1004 3514 1163 3590 obtinere3
1181 3514 1236 3580 sed
1260 3516 1484 3580 excommuni-

303 3646 410 3707 catum
428 3639 649 3727 repellendum
666 3658 772 3704 essee
794 3640 1021 3724 prosecutione
1036 3638 1159 3712 iudicii;
1175 3639 1220 3701 ite
1235 3642 1270 3702 ut
1285 3639 1312 3702 si
1329 3638 1391 3702 iem
1407 3658 1483 3702 ven·

303 3768 371 3830 turn
390 3764 432 3829 sit
446 3761 487 3828 ad
502 3763 694 3829 sententiam
710 3757 917 3841 definitivam,
934 3762 1028 3825 huius
1051 3760 1243 3845 impediatur
1259 3761 1419 3825 executio.
1437 3795 1484 3809 —

391 3974 432 4047 (l)
451 3974 619 4028 Surdi-mnti
639 3973 699 4027 iure
717 3988 832 4026 romano
851 3972 1139 4028 declarabantur-iure
1152 3971 1274 4026 naturali
1288 3972 1434 4040 incapaces
1446 3972 1483 4025 ad

302 4082 441 4152 egendum
461 4088 490 4136 et
510 4082 727 4152 respondendum
747 4082 773 4134 in
795 4080 905 4134 iudicio.
919 4081 1006 4135 Hodie
1020 4098 1086 4135 vero
1105 4079 1180 4133 sordi
1194 4084 1223 4135 et
1242 4081 1312 4134 moti
1331 4082 1371 4135 ita
1388 4081 1483 4136 solent

302 4188 393 4245 excoli
413 4194 444 4243 ut
462 4192 547 4260 probe
573 4208 623 4243 sua
649 4190 710 4242 iura
734 4188 897 4257 intelligent
921 4205 1009 4259 eaque
1035 4189 1161 4259 persequi
1188 4188 1216 4241 in
1235 4188 1338 4242 iudicio
1356 4187 1479 4243 valeant.

302 4295 394 4356 Quare
414 4294 569 4349 huiusmodi
582 4294 707 4349 homines
721 4310 774 4349 nou
788 4294 908 4364 emplius
922 4296 961 4347 uti
976 4294 1106 4349 absolute
1120 4293 1259 4349 inhabiles
1271 4293 1391 4349 habendi
1404 4297 1480 4347 sunt.

301 4404 342 4457 Cr.
363 4402 461 4469 Bonis,
482 4405 499 4457 l.
520 4422 542 4457 c.
