3350 5117
556 357 599 404 ns
623 357 764 405 runicus
788 359 1053 408 sccnnsmsrrcrs
1324 344 1390 410 329

204 479 273 544 mit
296 481 527 564 praescriptio:
552 499 595 546 ex
620 481 639 546 l.
672 481 757 548 sicut
781 481 819 546 in
842 501 930 559 rem,
965 480 999 549 0.
1034 484 1085 550 De
1114 504 1230 568 praes.
1254 483 1308 550 30
1338 487 1391 552 vel

205 603 260 666 40
284 621 366 668 ann.

304 729 451 796 Habetur
479 730 564 812 facti
588 715 867 816 impedimentum,
891 735 919 797 si
942 732 1110 798 Ecclesiae
1141 733 1306 818 praelatus
1335 728 1392 798 fiat

207 852 406 935 haereticus,
430 855 663 929 schismaticus,
680 854 832 940 dilapidet
856 855 941 922 bona
964 857 1141 938 Ecclesiae,
1157 863 1213 924 aut
1231 857 1272 922 ab
1295 857 1392 924 hosti·

207 975 271 1042 bus
295 975 496 1053 detineatnr;
520 979 566 1046 ita
593 979 656 1043 Ill).
681 999 752 1064 arg.
777 999 803 1044 c.
829 998 857 1046 c.
881 980 900 1042 1
924 979 955 1044 Ιι.
972 985 994 1046 t.
1010 979 1052 1054 X,
1069 985 1102 1044 et
1124 981 1158 1061 5,
1174 981 1225 1045 De
1245 999 1389 1047 concess.

202 1099 330 1182 praed.
353 1101 388 1165 X
409 1099 482 1187 (111,
508 1100 551 1186 8).
576 1102 628 1167 Ex
652 1119 725 1185 cap.
747 1101 791 1166 10
815 1103 846 1166 h.
864 1109 885 1168 t.
902 1103 944 1184 X,
960 1105 994 1168 in
1018 1109 1164 1189 tempore
1187 1102 1273 1179 belli,
1287 1101 1392 1186 pestis

208 1224 352 1290 habetur
374 1228 639 1312 praescriptionis
655 1229 832 1312 suspensio.
851 1263 895 1278 -
911 1227 994 1303 Quia
1010 1227 1192 1294 huiusmodi
1207 1229 1294 1295 lacta
1316 1233 1392 1294 sunt

207 1347 425 1414 accidentalia
447 1368 509 1414 nec
527 1355 788 1434 praesumuntur,
811 1354 926 1434 aperte
942 1348 1073 1435 probari
1089 1349 1215 1423 debent,
1233 1357 1265 1416 et
1280 1350 1391 1415 doceri

210 1494 279 1538 non
302 1495 374 1540 esse
396 1477 529 1541 minoris
553 1477 722 1562 gravitatis
737 1496 776 1542 ac
800 1497 839 1542 ea
862 1479 896 1542 in
912 1479 983 1542 iure
1006 1497 1161 1562 expresse
1177 1477 1390 1544 considerata.

211 1595 295 1660 Nam
319 1598 390 1662 iure
414 1617 485 1662 can.
511 1598 678 1683 expressio
702 1600 796 1663 unius
819 1598 899 1664 facti
922 1597 1122 1686 intelligitur,
1139 1599 1203 1664 hoc
1226 1619 1312 1680 casn,
1325 1569 1392 1663 non

210 1722 366 1788 donativo
389 1722 452 1802 sed
468 1722 731 1788 demonstrative
762 1722 868 1795 iacta3
892 1722 935 1787 cf.
960 1720 1169 1797 D’Annibale
1195 1725 1241 1797 ΙΙ,
1264 1723 1333 1788 142
1354 1722 1392 1787 in

209 1853 294 1914 nola
317 1847 369 1912 17.
402 1847 535 1913 Domum
558 1845 592 1914 si
624 1848 744 1914 iactum
769 1850 809 1913 sit
840 1851 885 1914 ita
916 1849 1088 1934 personale
1111 1855 1144 1914 et
1170 1849 1390 1929 domesticum,

210 1971 297 2055 quod
321 1974 437 2057 quippe
461 1973 659 2059 incognitum
682 1978 715 2038 et
738 1974 900 2058 privatum
924 1993 989 2039 non
1012 1975 1112 2058 possit
1134 1973 1275 2058 probari,
1297 1992 1390 2057 prae·

213 2096 402 2180 scriptionis
425 2097 601 2179 suspensio
624 2117 689 2160 non
713 2097 864 2180 habetur,
888 2102 977 2163 etin
1010 2117 1088 2164 casu
1110 2098 1261 2162 laesionis
1288 2098 1393 2182 potins

211 2217 269 2286 fiet
291 2220 383 2286 locus
406 2222 439 2284 in
464 2223 626 2306 integrum
650 2223 860 2298 restitutioni;
885 2223 927 2289 ci.
945 2220 1155 2290 Reiffenstuel
1178 2223 1209 2287 lt.
1228 2228 1248 2286 t.
1261 2242 1295 2286 n.
1311 2221 1390 2286 201.

211 2343 294 2408 Nam
318 2344 475 2410 Ecclesiis
498 2345 633 2428 aliisque
656 2348 804 2430 personis
827 2347 1040 2432 privilegiatis
1062 2351 1192 2432 praesto
1216 2350 1265 2411 est
1288 2364 1390 2409 remo-

209 2467 298 2534 dium
321 2468 542 2535 restitutionis
564 2469 602 2534 in
624 2469 796 2555 inleprum
819 2470 860 2534 ad
884 2469 1134 2535 rescindendum
1164 2467 1391 2554 praescriptio-

211 2593 263 2656 nis
286 2587 447 2658 effectum.

301 2715 379 2782 298.
404 2717 464 2782 Vis
486 2719 716 2801 suspensionis
739 2724 839 2784 estut
855 2721 985 2784 interim
1005 2720 1220 2805 praescriptio
1236 2736 1301 2784 non
1316 2736 1390 2782 cur·

212 2847 273 2907 rat.
298 2841 517 2927 Suspensione
540 2863 619 2908 vero
645 2847 803 2918 cessante,
829 2844 949 2909 iterum
977 2845 1188 2930 praescriptio
1213 2841 1392 2927 procedere

210 2965 326 3051 incipit
347 2986 386 3031 ac
411 2969 522 3052 priora
552 2986 592 3033 ac
614 2969 795 3053 posteriora
818 2973 965 3053 tempora
992 2969 1240 3053 coniunguntur,
1265 2965 1392 3051 dempto

208 3095 322 3155 tamen
345 3090 538 3157 intermedio
562 3093 780 3177 suspensionis
802 3097 960 3177 tempore.

302 3214 413 3290 Quare
433 3217 548 3304 primo
573 3213 680 3281 differt
702 3218 881 3300 stupensio
905 3217 946 3282 ab
962 3218 1219 3301 interruptione,
1236 3219 1312 3301 qnia
1327 3237 1392 3282 ces·

209 3343 304 3404 sante
321 3341 531 3424 suspensione
555 3337 590 3406 dt
612 3341 798 3407 coniunctio
822 3342 978 3427 temporis
1002 3342 1164 3407 anteacti
1189 3362 1262 3407 cum
1285 3346 1392 3426 poste·

211 3461 301 3527 riore
324 3481 382 3525 seu
405 3461 620 3547 subsequente
643 3465 893 3548 suspensionem.
1209 3443 1213 3451 ¹

300 3582 458 3652 Secundo
477 3583 594 3662 differt,
619 3589 694 3671 qnia
717 3589 885 3673 suspensio
901 3608 965 3672 qua
980 3593 1030 3652 est
1045 3588 1306 3673 impedimentum
1322 3607 1393 3672 per

209 3707 323 3772 sonale
346 3712 380 3773 et
401 3711 598 3793 precarium,
623 3731 688 3776 non
718 3710 851 3796 prodest
875 3712 972 3776 alteri
995 3711 1121 3778 volenti
1143 3731 1256 3798 opere,
1280 3715 1393 3797 utputa

209 3833 376 3908 cohered,
401 3835 498 3900 socio.

301 3958 424 4025 Contra
436 3961 629 4045 interruptio
645 3961 816 4027 naturalis
827 3959 961 4045 prodest
972 3961 1127 4042 omnibus,
1140 3962 1295 4027 adversus
1311 3982 1391 4047 quos

209 4089 425 4172 praescriptio
449 4086 614 4169 currebat,
638 4088 713 4171 quia
735 4089 952 4173 praescriptio
974 4107 1096 4172 reapse
1119 4094 1232 4154 cessat.

303 4210 419 4276 Civilis
435 4231 515 4278 vero
529 4213 558 4277 ei
573 4215 698 4280 tantum
714 4211 855 4297 prodest,
875 4213 928 4296 qui
947 4214 1215 4298 interruptionem
1236 4215 1393 4298 provocat

209 4353 273 4418 per
295 4333 456 4410 iudicium,
482 4341 514 4402 et
544 4336 591 4401 illi
614 4341 736 4402 tantum
768 4336 859 4401 obest
884 4355 978 4420 quem
1002 4336 1158 4402 adversus
1183 4338 1224 4416 lis
1247 4335 1292 4411 fit,
1315 4356 1391 4401 nam

209 4477 267 4556 res
289 4457 379 4526 inter
395 4459 480 4527 alios
503 4465 580 4526 acto
602 4459 699 4527 nobis
721 4479 784 4526 nec
806 4480 930 4527 nocere
951 4480 1015 4527 nec
1032 4461 1197 4545 prodesse
1214 4465 1344 4545 potest·
1358 4466 1392 4526 at
