3350 5117
322 279 387 345 504
849 300 933 347 raas
958 300 979 344 r.

319 420 403 485 libus
418 422 513 486 etiam
528 427 621 507 pater
638 424 669 486 in
687 420 786 488 filiurn
803 423 874 507 cogi
892 427 999 507 potest
1009 420 1051 486 ad
1067 422 1262 488 testandum:
1278 442 1356 510 erp.
1373 443 1446 507 cap.
1462 424 1495 499 5,

322 546 352 609 b.
378 552 400 613 t.
424 548 465 613 X.

411 670 485 737 490.
510 670 548 737 In
572 674 768 757 propositum
792 668 874 737 finnt
897 677 1068 756 sequentes
1090 674 1309 757 quaestiones:

413 796 443 884 l)
468 796 550 872 Quid
574 800 653 863 iuris
676 798 702 863 si
726 803 824 863 testes
848 796 1053 862 examinandi
1077 798 1203 863 alienae
1225 798 1350 864 subsint
1372 796 1498 863 iurisdi-

322 920 440 986 ctionit
463 922 545 997 Quia
568 921 666 1015 iudex
689 907 763 988 s'uos
787 922 931 989 subditos
954 927 1079 987 tantum
1109 924 1213 986 citare
1244 928 1358 1007 potest,
1382 923 1414 985 in
1438 921 1499 985 isto

321 1066 399 1112 casn
420 1050 529 1113 citatio
553 1048 698 1135 expediri
723 1047 817 1114 debet
844 1069 903 1133 per
925 1048 1037 1113 literas
1062 1047 1157 1113 iudici
1180 1050 1374 1133 competenti
1397 1046 1497 1126 datas,

321 1172 356 1235 nt
377 1174 477 1235 testes
500 1190 577 1235 suae
601 1171 810 1236 iurisdictioni
839 1169 1000 1235 subiectos
1031 1172 1109 1238 citet
1135 1170 1175 1235 ad
1206 1172 1311 1236 locum
1336 1169 1499 1235 iudiciiin

320 1311 383 1375 quo
413 1312 525 1359 eorum
553 1295 767 1361 testimonium
800 1295 993 1378 exquiritur.
1022 1329 1060 1342 -
1087 1293 1179 1368 Quod
1207 1296 1233 1359 si
1261 1298 1361 1357 testes
1392 1293 1432 1357 ob
1454 1294 1501 1356 ni·

320 1418 417 1483 miam
440 1416 621 1483 distantiam
645 1417 701 1483 vel
723 1416 810 1481 aliud
846 1420 962 1483 iustum
993 1416 1254 1503 impedimentum
1286 1418 1501 1503 personaliter

254 1616 258 1637 .
319 1542 476 1609 accedere
501 1545 714 1627 nequiverint,
729 1550 806 1608 tunc
824 1542 1052 1608 concedendae
1067 1548 1142 1608 snnt
1157 1544 1251 1608 alteri
1272 1544 1370 1609 iudici
1384 1545 1501 1610 literae

320 1662 552 1735 remissom'ae,
578 1664 691 1747 quibus
722 1664 776 1729 liic
809 1665 966 1730 invitatur
997 1666 1037 1729 ad
1068 1684 1206 1729 examen
1228 1665 1336 1736 testis,
1368 1664 1421 1727 rel
1452 1668 1502 1731 te·

320 1790 416 1853 stium
438 1788 677 1875 perficiendum,
692 1792 721 1854 ei
745 1789 949 1855 denuncietis
973 1792 1118 1856 articulis
1134 1792 1355 1874 quaestionum
1378 1808 1500 1874 propo-

320 1912 510 1979 nendarnm.
526 1913 730 2002 Quapropter
743 1917 802 1983 iste
814 1916 913 1981 iudex
926 1918 1088 2002 negotium
1105 1918 1138 1979 in
1154 1934 1189 1980 se
1205 1917 1345 2000 suscipit,
1359 1913 1503 1998 illudque

319 2039 493 2104 secundum
517 2040 662 2105 ordinem
680 2042 759 2107 iuris
777 2040 914 2127 perficit,
934 2063 974 2107 ac
993 2043 1208 2128 depositiones
1225 2043 1354 2112 testium
1374 2043 1407 2106 in
1424 2042 1504 2105 scri·

186 2171 191 2184 '
320 2163 381 2247 ptis
397 2163 547 2227 redactas
570 2162 628 2227 sub
644 2184 701 2229 suo
717 2164 822 2249 sigillo
839 2165 966 2230 clausas
985 2165 1081 2229 indici
1099 2166 1282 2248 exquirenti
1298 2164 1501 2229 transmittit.

321 2282 372 2349 Ol.
397 2287 459 2371 lep.
485 2284 616 2352 ludices
644 2282 723 2353 Cod.
748 2287 798 2352 De
820 2287 879 2371 fid.
904 2288 981 2353 inst.

408 2410 442 2495 2)
467 2412 549 2478 Item
573 2413 718 2495 quamvis
741 2413 856 2499 regula
878 2414 920 2478 sit
942 2412 1112 2477 ordinaria
1136 2418 1171 2477 ut
1201 2418 1300 2477 testes
1326 2412 1504 2477 audiantur

319 2535 352 2598 in
368 2535 436 2618 ipsa
451 2534 526 2599 sede
543 2534 722 2615 tribunalis,
735 2542 843 2601 tamen
857 2538 884 2600 si
900 2535 1136 2601 examinandae
1153 2538 1220 2599 sint
1234 2553 1403 2619 personae,
1417 2554 1503 2618 quae

320 2658 477 2746 egregiae
499 2658 658 2731 dicuntur,
673 2660 796 2723 sedicet
819 2660 963 2725 illustres
987 2659 1039 2723 vel
1056 2659 1162 2744 aliqua
1178 2658 1334 2744 dignitate
1357 2660 1504 2743 praecel-

319 2785 432 2864 lentes,
458 2804 518 2848 nec
542 2804 607 2848 non
630 2786 684 2849 alii
708 2784 860 2850 audiendi
884 2786 949 2850 sint
971 2786 1077 2868 aliquo
1101 2784 1244 2869 legitimo
1272 2783 1503 2869 impedimento

320 2929 381 2994 qno
405 2911 509 2974 minus
533 2910 648 2974 iudicio
672 2912 784 2976 sistant
808 2911 942 2980 detenti.
968 2913 1036 2995 ipse
1058 2910 1157 2974 iudex
1173 2910 1227 2974 vel
1250 2912 1334 2975 alter
1357 2910 1396 2975 de
1413 2910 1503 2977 illius

319 3032 468 3099 mandato
492 3053 564 3098 cnm
589 3035 714 3097 notario
737 3033 863 3098 accedit
887 3032 928 3097 ad
950 3034 1035 3118 ipsas
1058 3052 1223 3117 personas,
1249 3053 1292 3098 ex
1315 3052 1390 3117 cap.
1414 3034 1448 3106 8,
1467 3035 1500 3099 b.

320 3162 341 3222 t.
366 3158 406 3221 X.

409 3282 483 3348 491.
510 3284 614 3347 Etiam
639 3282 777 3347 clericus
801 3285 873 3368 cogi
897 3288 1003 3368 potest
1026 3283 1065 3347 ad
1088 3284 1303 3347 testimoninm
1328 3281 1502 3347 ferendum

320 3408 353 3470 in
376 3407 480 3471 causis
511 3405 656 3471 civilibus
687 3406 770 3491 apud
803 3407 917 3472 civiles
949 3407 1079 3475 iudices.
1113 3426 1185 3470 can.
1217 3406 1432 3490 Quamquam
1464 3406 1502 3476 2,

320 3553 411 3598 cans.
434 3530 484 3601 14.
510 3550 541 3615 q.
566 3529 591 3595 3
614 3537 644 3596 et
671 3530 776 3598 Gloss.
809 3532 853 3597 ib.
889 3532 922 3603 V.
957 3532 1157 3599 occultetur.
1182 3534 1226 3597 nt
1258 3534 1339 3596 ratio
1363 3530 1502 3598 difficul-

320 3657 393 3719 tatis
416 3659 473 3727 est,
498 3654 636 3719 clericos
660 3655 729 3740 cogi
755 3674 819 3719 non
851 3674 944 3739 posse
975 3654 1015 3719 ad
1037 3656 1254 3721 testimonium
1286 3642 1502 3719 lerendnm'a

322 3778 424 3843 iudice
446 3778 529 3842 laico
553 3798 573 3842 a
595 3780 686 3843 cuins
710 3778 931 3844 iurisdictione
947 3780 1103 3843 immunes
1119 3782 1203 3843 sunt.
1219 3814 1264 3825 -
1279 3776 1501 3851 Quamobrem

320 3920 457 3965 examen
481 3900 592 3966 clerici
617 3903 768 3987 proprius
792 3902 982 3987 Episcopus,
1007 3902 1047 3966 ad
1072 3902 1255 3966 instantiam
1286 3900 1399 3966 iudicis
1422 3902 1501 3967 laici

321 4027 468 4111 excipiet,
481 4030 515 4091 et
538 4026 613 4090 hnic
638 4027 779 4091 remittet
797 4031 964 4112 acceptam
988 4025 1235 4111 depositionem
1253 4026 1305 4088 vel
1322 4025 1404 4089 idem
1421 4026 1500 4110 Epi·

320 4172 435 4236 scopns
458 4150 617 4238 delegabit
641 4152 738 4217 alium
764 4151 930 4232 clericum,
946 4158 980 4217 nt
1003 4153 1131 4217 assistat
1148 4152 1244 4217 indici
1266 4152 1349 4217 laico
1373 4152 1501 4236 qnando

321 4276 460 4341 clericus
482 4276 630 4341 inductus
655 4279 700 4342 uti
723 4278 814 4341 testis
837 4279 1054 4341 iuramentum
1078 4278 1193 4342 emittit
1210 4283 1241 4341 et
1265 4278 1342 4342 lacit
1365 4282 1499 4343 attesta-

320 4400 449 4463 tionem.
474 4400 567 4465 Hanc
593 4420 662 4464 esse
685 4401 811 4484 praxim
837 4399 1040 4465 observatam
1064 4404 1224 4464 testantur
1247 4402 1400 4467 Doctores
1428 4404 1498 4486 post
