3350 5117
814 642 927 709 Ceron
948 642 1009 705 lil.

770 852 823 905 DE
845 843 1050 908 lonicus.

403 993 454 1034 Huc
468 990 596 1051 referamur
610 993 654 1035 Tit.
666 993 685 1047 l,
696 994 744 1037 Lib.
754 994 822 1049 11-x‚
833 994 878 1036 Tit.
888 994 905 1047 l,
916 993 965 1036 Lib.
976 992 1009 1046 ΙΙ,
1024 994 1047 1035 in
1060 994 1102 1047 VI,
1111 994 1157 1037 Tit.
1167 994 1187 1049 l,
1196 994 1245 1039 Lib.
1255 994 1288 1049 11,
1301 994 1324 1037 in
1339 994 1418 1049 Clern.¹

732 1092 756 1127 et
769 1085 814 1127 Tit.
830 1086 841 1127 1
855 1086 877 1127 iu
893 1086 991 1129 Extrcv.
1006 1096 1088 1127 comm.

324 1328 540 1387 Summerium.
559 1358 593 1373 —
611 1332 655 1386 37.
675 1332 705 1387 ln
724 1332 836 1387 Iudiciis
851 1334 968 1404 publica
992 1334 1156 1389 auctoritate
1180 1332 1246 1388 lites
1270 1333 1445 1388 dirimuntur.
1466 1363 1501 1377 -

411 1441 455 1495 38.
476 1441 572 1496 ludicii
597 1440 810 1511 descriptio-
828 1440 871 1496 39.
897 1441 998 1495 Iudicis
1022 1442 1155 1496 definitio.
1174 1470 1212 1483 -
1229 1442 1272 1496 40.
1298 1442 1501 1498 lurisdictionis

413 1546 489 1600 notio
508 1563 564 1601 nou
583 1546 679 1601 eadem
698 1552 741 1603 est
765 1542 794 1601 in
818 1548 879 1602 iure
903 1565 964 1601 ceu.
983 1552 1013 1603 et
1036 1564 1158 1602 romano.
1176 1577 1211 1589 -
1230 1547 1273 1601 41.
1299 1547 1501 1602 iurisdictionis

412 1654 497 1722 notio,
511 1672 549 1717 exv
563 1656 625 1711 iure
644 1672 721 1722 rom.,
740 1658 897 1726 exponitur.
912 1685 946 1697 -
960 1655 1004 1709 42.
1024 1655 1067 1710 43.
1086 1656 1271 1725 Explicantur
1289 1654 1412 1711 eiusdem
1431 1655 1500 1709 divi·

412 1758 514 1812 siones.
535 1786 569 1799 ·-
587 1758 631 1813 44.
659 1758 786 1829 Amplior
815 1759 984 1829 significatio
1012 1758 1212 1813 iurisdictionis
1239 1759 1269 1812 in
1287 1750 1358 1815 'iure
1382 1775 1445 1813 cun.
1466 1788 1500 1801 -

411 1860 454 1915 45.
473 1861 542 1915 ltern
562 1862 680 1931 amplior
704 1862 904 1917 iurisdictionis
921 1864 1061 1933 delepatio
1086 1881 1122 1919 ex
1146 1863 1207 1918 iure
1225 1880 1286 1916 cen.
1304 1890 1341 1905 -·
1359 1864 1402 1917 46.
1425 1863 1501 1917 Divi·

411 1964 503 2019 siones
513 1964 685 2029 iudiciorum;
699 1966 808 2022 ratione
820 1982 921 2022 causae
933 1968 1079 2021 efficientis
1092 1984 1190 2037 nempe
1203 1966 1309 2021 iudicis.
1318 1996 1355 2009 -
1364 1967 1407 2021 47.
1417 1966 1500 2022 Aliae

411 2074 568 2141 divisiones,
581 2075 689 2130 ratione
708 2075 858 2141 meterioe;
877 2105 911 2117 -
930 2076 973 2130 48.
990 2076 1111 2132 Ratione
1128 2078 1248 2142 formae3
1266 2105 1304 2119 -
1321 2077 1364 2131 49.
1379 2077 1500 2133 Ratione

410 2180 482 2235 finis.

412 2397 465 2462 37.
490 2397 657 2463 Hactenus
687 2395 727 2461 de
757 2395 865 2462 litibus
891 2396 1034 2479 privato
1065 2397 1265 2465 auctoritate
1296 2399 1497 2484 compositis3

324 2541 411 2589 nunc
434 2521 474 2587 de
497 2519 632 2601 iudiciis,
657 2519 769 2604 quibus
795 2519 935 2604 publico
966 2520 1167 2588 auctorttote
1195 2522 1268 2587 lites
1291 2521 1498 2588 dirimuntur.

412 2649 464 2715 38.
490 2650 527 2713 In
551 2646 692 2713 iudiciali
716 2649 940 2713 controversie
954 2646 1016 2713 duo
1036 2649 1122 2714 iuter
1138 2667 1173 2713 se
1189 2646 1397 2729 contendunt,
1414 2648 1499 2732 quid

321 2776 408 2842 iuris
430 2774 472 2841 sit
496 2773 599 2859 quoad
623 2773 750 2857 aliquod
775 2773 921 2849 fectum:
938 2774 990 2838 vel
1018 2794 1059 2839 au
1091 2774 1232 2859 aliquod
1259 2773 1392 2854 seclum
1415 2774 1498 2839 exti-

320 2898 399 2963 terit
421 2895 505 2961 unde
528 2896 582 2960 ius
605 2896 764 2980 gignitum
789 2914 885 2979 quarn
900 2893 941 2959 ud
963 2894 1149 2979 sopiendam
1169 2896 1258 2962 litem
1275 2914 1372 2978 quum
1387 2901 1499 2979 partes

321 3018 425 3084 nolint
440 3023 496 3083 aut
511 3039 576 3083 nou
592 3019 721 3083 valeant
736 3018 845 3084 amice
861 3020 1047 3101 convenire,
1060 3019 1199 3084 iudicem
1214 3018 1334 3085 adeunt
1349 3018 1403 3102 qui
1419 3020 1499 3084 iuris

322 3146 355 3205 et
377 3140 454 3205 sacti
478 3138 573 3205 dubia
596 3145 761 3205 removeat
788 3145 821 3207 et
843 3140 927 3224 quod
960 3143 1077 3206 iustum
1109 3146 1143 3209 et
1172 3161 1309 3227 aequum
1340 3144 1389 3205 est
1412 3142 1499 3205 inter

321 3266 430 3347 partes
462 3260 575 3326 edient.
604 3260 706 3326 ludex
736 3280 826 3333 vero,
851 3260 979 3345 publica
1009 3262 1136 3346 pollens
1165 3262 1378 3343 auctoritate,
1403 3280 1498 3345 quae-

320 3387 457 3451 stionem
481 3386 602 3451 dirimit
622 3406 687 3451 nou
710 3388 811 3451 solum
836 3386 945 3452 divino
969 3392 1002 3453 et
1023 3387 1165 3455 naturali
1188 3389 1259 3452 iure
1291 3406 1370 3472 pree
1394 3386 1497 3451 oculis

321 3512 439 3585 habito,
464 3512 520 3577 sed
543 3512 684 3597 pressius
706 3511 889 3577 adhaerens
912 3513 974 3577 iuri
998 3513 1145 3597 positivo,
1170 3512 1310 3597 partium
1343 3512 1498 3598 petitione

321 3639 454 3716 attenta,
478 3640 573 3718 atque
596 3640 725 3699 servato
750 3634 944 3719 procedendi
961 3634 1053 3699 modo
1068 3655 1088 3699 a
1104 3636 1175 3700 iure
1191 3637 1392 3720 praestituto.
1409 3635 1497 3701 Hinc

321 3758 366 3823 itu
389 3756 583 3825 describitur
605 3757 769 3823 iudicium:
790 3779 808 3820 r
829 3758 997 3843 Lepitima
1020 3759 1270 3827 controversiae
1293 3778 1382 3843 quoe
1404 3759 1495 3825 inter

246 3956 255 3979 ‚
321 3887 470 3949 actorem
496 3887 529 3949 et
550 3900 647 3949 reum
671 3886 728 3961 est,
749 3900 816 3964 per
838 3882 984 3949 iudicem
1007 3883 1163 3969 copnitio,
1184 3883 1347 3950 discussio
1371 3902 1413 3948 ac
1434 3883 1497 3949 de·

321 4006 427 4093 finitio
452 4027 482 4071 ».

409 4131 461 4197 39.
484 4131 633 4227 ῥῖψα
656 4150 718 4213 quo
734 4132 920 4197 necessario
937 4130 1087 4196 iudicium
1103 4130 1345 4197 discriminatur
1365 4131 1406 4197 ab
1422 4131 1497 4197 aliis

281 4208 295 4223 =-
320 4254 424 4320 litiurn
447 4254 698 4321 dirimendarum
722 4254 831 4328 modis,
849 4251 1014 4320 definitur:
1034 4276 1052 4317 ‹
1067 4254 1223 4322 Persona
1239 4254 1391 4341 lepitr'ma
1406 4273 1498 4339 quae

316 4378 493 4462 publicam
511 4382 710 4461 potestatem
734 4377 832 4444 lnobet
861 4378 1085 4465 copnoscendi
1115 4379 1158 4445 cle
1189 4378 1397 4466 litipontium
1419 4398 1498 4446 coo·
