3350 5117
312 265 381 332 332
839 285 924 333 raas
948 285 971 332 1.

316 408 447 474 Collect.
464 408 497 472 in
514 427 541 474 c.
560 408 591 488 6,
609 408 639 472 h.
659 413 679 473 t.
695 443 739 458 -
755 407 866 484 Quare
883 407 979 474 rebus
995 408 1223 473 ecclesiasticis
1242 408 1345 492 spatio
1360 406 1410 472 40
1434 425 1500 473 an·

266 585 269 590 ,
311 551 439 598 norum
454 530 714 616 praescribendis
730 531 849 598 sufficit
860 533 974 598 titulus
985 551 1006 595 a
1017 533 1089 596 iure
1098 535 1353 614 praestamptac.
1370 563 1414 578 -
1430 528 1498 595 Sed

314 657 421 722 Bonis.
441 657 523 722 VIII
542 659 574 720 in
591 677 618 723 c.
635 657 697 722 111.
716 664 737 722 t.
753 659 791 722 in
807 658 830 723 6
846 656 902 742 (II,
922 656 978 742 13)
993 659 1106 722 statuit
1120 657 1243 741 requiri
1260 656 1394 721 titutum
1409 656 1499 722 coto

312 780 582 864 recommendo
606 783 655 848 ius
686 801 865 856 commune,
895 783 1050 848 resistens
1072 781 1319 868 praescribenti,
1335 783 1426 848 iavet
1447 781 1499 846 ilii

314 911 427 972 contra
441 926 535 990 quem
548 885 796 992 praescribitur}
809 912 842 972 et
853 908 949 974 huius
964 909 1049 973 tituli
1064 908 1226 974 defectum
1238 909 1347 973 sanari
1359 912 1500 973 tantum-

222 1119 227 1128 ¹
313 1031 407 1097 modo
422 1051 482 1116 per
497 1033 786 1118 praescriptionem
800 1033 1095 1100 immemortatem.
1114 1033 1208 1099 Ratio
1224 1035 1372 1117 estquis
1391 1034 1425 1098 in
1440 1053 1501 1098 ex-

313 1160 530 1226 traordinaria
542 1159 798 1244 praescriptione
809 1160 921 1225 titulus
933 1165 982 1225 est
993 1165 1240 1243 praesumptus
1252 1180 1295 1225 ex
1307 1159 1500 1225 coniectura

313 1291 379 1350 tam
403 1284 574 1350 diuturnae
589 1280 744 1368 pacificae
760 1284 989 1369 possessionis;
1013 1283 1071 1348 sed
1085 1285 1113 1348 si
1128 1284 1200 1368 quis
1215 1282 1336 1368 aliquid
1351 1284 1500 1350 obtineat

313 1415 430 1474 contra
456 1409 654 1473 voluntatem
685 1406 772 1473 iuris
795 1407 993 1481 communis,
1025 1410 1139 1491 utputa
1164 1409 1313 1472 canonici
1339 1410 1389 1474 ius
1411 1407 1500 1473 deci·

313 1535 420 1600 mandi
441 1533 627 1620 possideant
641 1536 675 1600 in
691 1533 832 1621 praediis
855 1534 983 1600 alienae
1005 1533 1191 1618 parochiae,
1215 1538 1313 1618 prout
1335 1536 1445 1620 agitur
1460 1537 1499 1599 in

314 1679 342 1724 c.
358 1657 394 1740 2,
411 1657 461 1723 De
482 1663 562 1723 rest.
579 1658 710 1741 spoliat.
732 1658 770 1723 in
794 1657 826 1730 6,
851 1677 924 1723 cum
954 1656 1135 1723 huiusmodi
1158 1659 1350 1742 possessioni
1381 1664 1500 1743 aperte

314 1781 443 1846 resistat
474 1782 523 1845 ius
551 1800 737 1860 commune,
762 1781 944 1864 requiritur
969 1780 1079 1845 titulus
1099 1781 1270 1846 coloratus
1302 1780 1356 1844 vel
1379 1781 1499 1846 imme·

313 1903 469 1968 anomalis
490 1903 714 1989 praescriptio.
732 1904 824 1968 Haec
848 1904 943 1984 enim,
960 1908 996 1967 ut
1010 1903 1187 1986 loquuntur
1216 1905 1421 1989 pragmatici,
1448 1910 1499 1970 est

312 2023 435 2090 metior
458 2024 573 2090 titulus
598 2025 640 2090 de
662 2025 803 2099 mundo,
830 2044 901 2110 arg.
927 2043 954 2091 c.
981 2023 1034 2090 cit.
1059 2025 1091 2089 h.
1113 2029 1133 2089 t.
1157 2025 1196 2090 in
1219 2025 1253 2088 6.

403 2145 480 2211 302.
504 2147 554 2254 rit
571 2145 646 2256 quid
670 2147 748 2212 iuris
772 2147 812 2210 de
835 2146 1032 2212 centenam
1055 2151 1089 2211 et
1111 2165 1270 2230 quaenam
1292 2153 1343 2213 est
1365 2149 1434 2213 eius
1450 2147 1500 2213 ef·

313 2268 445 2335 ficaciat
469 2271 514 2336 De
539 2271 762 2336 immemoriali
787 2269 924 2335 vidimus
948 2271 1049 2358 ipsam
1072 2271 1225 2357 supplere
1248 2273 1374 2337 titulum
1399 2274 1498 2340 etiam

314 2369 430 2462 contra
452 2399 744 2482 praesumptionem
763 2399 843 2464 iuris
858 2399 1052 2474 communis;
1076 2399 1379 2466 attestandum
1396 2400 1497 2481 Luca,

315 2522 368 2587 De
398 2522 543 2608 emphyt.
576 2523 657 2589 disc.
690 2524 748 2606 60,
779 2543 813 2589 a.
838 2523 919 2598 3-5,
952 2524 1037 2589 Rota
1061 2525 1207 2590 Romana
1229 2526 1352 2611 pluries
1383 2525 1498 2591 decisit

316 2663 412 2710 uuam
428 2645 524 2710 alteri
547 2648 763 2732 aequiparari,
780 2648 856 2730 quia
871 2647 905 2711 in
921 2647 1177 2731 praescriptione
1189 2647 1388 2714 centenaria
1404 2667 1498 2733 prae-

314 2773 452 2836 sumitur
473 2770 586 2836 titulus
609 2772 706 2836 etiam
730 2776 847 2836 contra
870 2772 1080 2837 intentionem
1103 2772 1184 2836 iuris
1215 2772 1408 2847 communis;
1432 2771 1496 2837 sci·

314 2899 393 2964 licet
415 2897 632 2982 praesumitur
655 2895 816 2982 privilegii
843 2895 1019 2960 concessio.
1044 2895 1168 2960 Verum
1193 2897 1267 2979 quia
1289 2900 1498 2982 argumenta·

314 3043 387 3088 mur
409 3041 475 3086 non
498 3039 541 3087 ex
564 3020 646 3106 legis
669 3024 762 3085 textu
786 3039 942 3105 expresso
958 3018 1015 3084 sed
1035 3039 1078 3084 ex
1101 3021 1309 3084 centenariae
1325 3022 1494 3104 praescri·

313 3147 430 3230 ptionis
454 3150 580 3218 natura,
604 3164 732 3209 necnon
756 3163 798 3209 ex
822 3144 1254 3230 canonioaiurisprudentia‚
1275 3144 1341 3210 hoc
1356 3164 1423 3209 non
1446 3151 1496 3211 est

312 3269 393 3335 adeo
416 3274 608 3354 perpetuum
631 3275 664 3333 et
688 3265 823 3340 firmum.
848 3275 884 3334 nt
907 3270 940 3332 in
964 3269 1070 3352 aliquo
1087 3287 1164 3334 casu
1187 3267 1286 3332 index
1309 3267 1349 3332 ob
1373 3287 1497 3334 causae

314 3391 509 3457 adminicula
523 3393 723 3459 contrarium
740 3391 870 3458 edicere
894 3410 959 3455 non
974 3391 1081 3476 possit,
1105 3391 1257 3456 nimirum
1282 3393 1315 3455 in
1346 3411 1386 3456 eo
1419 3411 1498 3457 casn

314 3518 533 3584 centenariam
558 3517 844 3601 praescriptionem
868 3535 932 3580 non
956 3513 1107 3581 sufficere
1130 3513 1173 3580 ad
1190 3515 1405 3600 supplendum
1420 3519 1499 3582 titn-

314 3642 379 3706 tum
411 3645 527 3706 contra
550 3641 629 3704 iuris
653 3642 830 3706 communis
846 3639 1159 3726 praesumptionem
1184 3636 1225 3702 cf.
1252 3637 1400 3703 Glossam
1415 3639 1451 3702 in
1466 3657 1496 3703 c.

314 3766 372 3841 26,
389 3766 440 3832 De
455 3764 546 3831 aab.
569 3763 696 3851 sionifi,
713 3765 748 3828 X
769 3762 823 3849 (V,
851 3764 917 3849 40).
941 3761 1007 3829 Sed
1031 3762 1145 3846 procul
1168 3760 1264 3826 dubio
1297 3763 1498 3827 centenam

314 3907 443 3972 semper
471 3887 571 3951 vincit
605 3885 880 3970 praescriptiones
907 3883 951 3948 30
982 3882 1039 3948 vei
1063 3882 1106 3946 40
1129 3901 1305 3955 annorum;
1329 3880 1417 3946 unde
1444 3881 1499 3947 his
1548 3953 1554 3960 ⁴

312 3989 467 4096 opposita,
492 4008 672 4096 praevalet.
872 4001 880 4009 ’

405 4135 453 4197 Ea
476 4140 590 4198 contra
613 4130 872 4198 immemoriatis
893 4131 1106 4216 praescriptio
1130 4128 1170 4193 ob
1194 4130 1274 4194 iuris
1304 4147 1498 4212 expressum

314 4256 736 4324 textnminc.1ti.t.ia
763 4257 795 4327 6,
821 4257 984 4342 praesumi
1016 4255 1104 4321 iubet
1137 4255 1264 4321 titulum
1300 4274 1358 4320 seu
1389 4255 1497 4339 ipsum

313 4383 520 4471 privilegium
547 4387 662 4448 contra
689 4402 893 4449 communem
917 4383 997 4447 iuris
1022 4382 1277 4447 intentationem.
1303 4377 1497 4445 Huiusmodi
