3350 5117
534 317 578 364 na
601 315 740 364 runicus
764 316 1029 365 accursmsrrcrs
1300 294 1364 362 347

278 440 354 505 318.
388 438 531 506 Maxime
565 445 709 526 praestat
741 439 822 505 adeo
858 439 1056 526 distinguere
1091 459 1112 505 a
1146 438 1367 504 iurisdictione

186 565 447 649 competentiam,
472 565 547 649 quia
569 564 644 630 inde
675 566 821 651 aperitur
844 564 949 630 aditus
981 566 1177 650 inquisitioni
1200 564 1240 630 de
1263 564 1366 630 modis

185 707 245 752 seu
261 687 448 761 rationibus,
463 688 577 772 quibus
601 687 800 754 inducuntur
815 691 897 754 certi
920 689 1038 754 limites
1061 690 1094 753 in
1118 691 1307 774 potestatem
1323 687 1366 752 iu·

185 811 394 884 risdictionis,
419 812 505 878 unde
527 813 763 879 determinatur
786 815 1019 897 competentia.

278 935 410 1000 Revera
432 938 585 1017 rationes,
599 935 639 1001 ob
656 956 734 1020 quas
759 938 807 1002 ius
823 939 994 1023 positivum
1017 938 1135 1002 limites
1157 937 1299 1022 assignat
1313 954 1367 1020 po

185 1058 294 1123 testati
310 1058 539 1125 iurisdictionis
554 1059 704 1141 iudicum,
722 1059 975 1126 determinantes
990 1061 1257 1145 competentiam,
1270 1077 1365 1144 repe-

186 1187 299 1244 tuntur
321 1183 439 1266 partim
455 1200 475 1244 a
490 1182 659 1268 principiis
683 1182 763 1246 iuris
778 1181 908 1267 publici,
931 1183 1048 1268 partim
1064 1202 1085 1246 a
1100 1201 1197 1247 causa
1218 1181 1364 1266 privatae

185 1304 343 1370 utilitatis.
359 1341 404 1354 -
420 1307 575 1371 Rationes
596 1306 793 1372 limitationis
817 1327 836 1372 a
860 1309 931 1372 iure
946 1307 1074 1393 publico
1098 1307 1298 1373 dimanantes
1321 1306 1366 1369 ita

185 1425 334 1494 alliciunt
350 1432 604 1515 competentiam,
617 1435 654 1496 ut
669 1431 751 1496 haec
767 1429 823 1496 fiat
838 1433 1031 1498 necessatis
1046 1437 1079 1497 et
1094 1431 1246 1498 absoluta
1263 1435 1295 1494 et
1310 1430 1365 1493 ali-

184 1558 237 1617 ter
259 1555 292 1618 in
325 1553 448 1618 iudiciis
471 1555 628 1640 applicari
651 1575 716 1620 non
740 1557 848 1639 possit,
872 1554 1009 1621 arbitrio
1032 1555 1240 1642 litigantium:
1264 1554 1364 1618 veluti

185 1681 401 1764 competentia
431 1679 527 1745 iudici
555 1681 773 1747 ecclesiastico
798 1684 964 1768 pertinens
988 1684 1019 1746 in
1044 1701 1158 1746 causas
1183 1683 1298 1748 eccles.
1319 1715 1363 1728 -

185 1802 366 1868 Ediverso
389 1803 673 1869 determinationes
704 1806 737 1868 in
768 1807 984 1891 competentia
1010 1804 1160 1870 inductae
1190 1806 1364 1890 praecipue

185 1927 217 1990 in
242 1925 361 1992 bonum
384 1929 594 2011 privatorum,
609 1929 774 2015 paulisper
797 1929 932 1995 subsunt
954 1931 1139 1994 eorumdem
1167 1928 1301 1994 arbitrio
1331 1935 1364 1994 et

185 2053 399 2138 dispositioni,
419 2074 476 2120 seu
501 2055 665 2140 paulisper
688 2057 805 2121 mutari
822 2061 964 2141 possunt,
989 2061 1024 2120 ut
1047 2061 1123 2141 pute
1138 2057 1363 2143 proreptando

185 2180 312 2246 scilicet
336 2180 541 2246 extendendo
563 2179 676 2246 iudicis
699 2184 946 2266 competentiam
977 2181 1016 2246 de
1047 2202 1170 2246 unare
1193 2181 1233 2247 ad
1257 2182 1362 2254 aliam,

185 2307 226 2372 de
259 2326 325 2371 una
347 2327 486 2392 persona
509 2306 549 2372 ad
572 2308 686 2384 aliam;
703 2307 777 2374 inde
808 2308 891 2372 haec
922 2308 1137 2392 competentia
1167 2312 1270 2393 potest
1299 2307 1363 2372 dici

184 2432 341 2506 relativa,
355 2436 389 2496 ut
405 2430 620 2517 distinguatur
640 2433 865 2498 antecessoria
882 2432 1096 2518 respondente
1107 2433 1273 2516 principiis
1285 2433 1364 2496 iuris

185 2554 317 2641 pubbci

274 2677 351 2742 319.
377 2679 527 2743 Iamvero
551 2681 766 2764 competentia
790 2681 822 2743 in
847 2678 951 2743 iudice
973 2678 1223 2743 determinatur:

278 2801 309 2884 l)
334 2799 473 2864 Ratione
496 2799 611 2867 obiecti
645 2797 654 2896 l

273 2923 308 3010 2)
334 2925 473 2990 Ratione
496 2923 616 3010 gradus
644 2903 653 3012 i

275 3049 310 3129 3)
333 3017 472 3116 Ratione
495 3051 667 3125 territorii;
693 3051 724 3113 in
748 3049 867 3114 bonum
890 3051 1064 3134 praecipue
1087 3049 1294 3134 privatorum.

274 3173 350 3240 320.
370 3177 508 3242 Ratione
524 3176 638 3242 obiecti
658 3177 702 3242 ita
726 3175 1034 3258 determinatur.,—
1051 3173 1220 3240 Obiectum
1236 3172 1363 3238 iudicio·

186 3317 257 3360 rum
281 3298 431 3364 civilium
446 3297 492 3385 (1)
516 3303 590 3364 sunt
618 3299 690 3364 iura
714 3303 927 3363 controversa
942 3317 999 3362 seu
1013 3299 1158 3363 actiones
1175 3297 1362 3382 personales

184 3425 217 3485 et
231 3421 350 3496 reales;
366 3423 484 3486 iuriam
500 3421 679 3488 subiectum
695 3426 769 3486 sunt
785 3441 961 3506 personae;
979 3420 1112 3505 proinde
1127 3419 1362 3485 immediatum

184 3547 352 3630 potestatis
376 3545 534 3612 iudicialis
557 3546 716 3611 obiectum
736 3549 811 3610 sunt
825 3545 906 3609 iura
922 3550 1161 3624 commoverem
1175 3541 1363 3607 mediatam

680 2862 719 2926 ob
744 2863 1015 2948 praescriptiones
1038 2863 1118 2926 iuris
1141 2861 1269 2947 publici.

183 3691 265 3736 vero
281 3672 369 3756 ipsae
385 3691 554 3756 personae,
567 3670 681 3756 quibus
698 3669 781 3736 haec
806 3673 879 3734 iura
901 3669 1073 3754 pertinent.
1091 3667 1218 3732 Exinde
1236 3667 1362 3750 quando

184 3795 353 3876 quaeritur
368 3814 409 3859 an
427 3795 524 3860 index
547 3798 588 3860 sit
612 3799 798 3879 competens
822 3795 857 3857 in
872 3797 996 3857 certam
1012 3811 1151 3870 causam,
1166 3789 1362 3876 inspicienda

184 3923 234 3981 est
257 3923 374 3984 natura
404 3919 483 3984 iuris
506 3916 710 3998 diiudicandi,
732 3924 764 3984 et
788 3919 814 3981 si
839 3921 957 4002 pateat,
981 3917 1110 3980 hocius
1133 3913 1362 4000 comprehendi

185 4040 218 4103 in
242 4038 362 4105 ambitu
385 4042 551 4124 potestatis
566 4039 731 4120 iudicialis,
745 4039 968 4124 respondetur,
986 4038 1123 4104 iudicem
1148 4057 1219 4102 esse
1238 4056 1363 4121 compe-

278 4321 318 4390 (Ι)
338 4319 452 4392 inquam
471 4349 484 4362 ·
504 4322 630 4374 ciciliam
643 4347 656 4361 ·
675 4337 739 4374 narn
759 4319 924 4374 iudiciorum
944 4319 1133 4373 criminalium
1149 4321 1284 4374 obiectum
1296 4323 1362 4372 sunt

183 4426 300 4481 crimina
319 4431 348 4484 et
367 4445 480 4498 poenae,
500 4429 600 4499 quibus
620 4427 759 4482 criminosi
780 4427 915 4482 multandi
934 4433 1006 4482 sunt.
