3350 5117
511 343 554 390 nn
578 343 716 391 marcus
740 342 1005 391 eccnssmsrrms
1278 325 1340 390 391

627 678 808 754 TITULUS
833 678 877 742 V.

248 913 292 957 DE
317 911 609 960 GENERALIORIBUS
633 911 778 960 saeuum
803 911 838 957 IN
863 911 1047 958 Psocsssus
1071 910 1253 958 lUDlGlALlS

526 1035 756 1084 ORDINA'l'lONE
781 1034 977 1082 SERVANDlS.

354 1155 404 1196 Huc
419 1153 511 1198 reserat.
522 1154 558 1197 sia
574 1155 594 1208 7,
605 1155 626 1208 8,
639 1154 662 1207 9,
678 1154 711 1208 10,
725 1153 760 1206 30,
776 1153 815 1196 lib.
832 1153 866 1206 11,
876 1154 912 1205 X3
927 1161 950 1195 et
963 1153 999 1195 lit.
1014 1152 1036 1206 4,
1050 1151 1082 1205 11,
1097 1151 1120 1192 in
1134 1151 1154 1193 d.

167 1397 496 1456 summarium-354.
516 1401 556 1456 De
575 1402 688 1456 notione
707 1417 853 1471 processus
872 1401 1017 1455 iudicialis.
1032 1429 1065 1441 -
1076 1399 1137 1454 355.
1151 1398 1343 1454 Recenssntur

253 1525 398 1576 supremae
417 1508 566 1562 divisiones
582 1507 615 1561 ad
634 1525 706 1579 qnae
725 1507 898 1562 reducuntur
915 1508 1071 1561 huiusmodi
1090 1506 1278 1577 generaliores
1296 1521 1342 1558 re-

193 1667 196 1674 ,
252 1615 344 1684 gulae.

252 1833 329 1898 354.
347 1833 513 1898 Hactenus
529 1833 761 1917 explicavimus
787 1852 924 1916 eaquae
940 1833 1104 1917 pertinent
1125 1837 1191 1895 tum
1208 1830 1249 1894 ad
1265 1849 1341 1914 per·
1377 1917 1381 1922 ι

163 1974 258 2020 sonas
281 1957 314 2020 in
338 1955 453 2020 iudicio
477 1964 601 2040 partem
626 1955 798 2031 habentes;
822 1961 889 2022 tum
914 1957 954 2020 ad
978 1955 1135 2020 obiectum
1151 1954 1268 2018 iudicii.
1286 1953 1341 2019 Su·

163 2083 274 2162 perest
304 2084 340 2144 ut
362 2081 527 2148 tradamus
557 2100 723 2165 supremas
755 2081 888 2166 regulas
919 2080 1094 2147 servandas
1116 2082 1156 2156 in
1187 2099 1341 2164 processu

162 2204 304 2270 iudiciali
328 2204 566 2284 ordinandam
590 2203 769 2270 ordinanda
791 2207 942 2270 nimirum
959 2206 1133 2290 agitatione
1149 2209 1339 2268 controver-

161 2328 227 2392 siae
252 2329 342 2394 circa
362 2349 437 2395 rem
461 2329 643 2415 litigiosam
666 2332 752 2396 inter
780 2335 929 2397 actorem
945 2335 978 2394 et
1000 2347 1109 2408 resim,
1131 2329 1339 2413 implorantes

159 2453 284 2519 iudicis
307 2455 498 2519 sententiam
522 2451 727 2519 definitivam.
779 2511 781 2516 ,

251 2577 439 2642 Huiusmodi
475 2578 607 2663 regulae
636 2580 807 2664 generales
835 2599 984 2644 necnon
1016 2577 1205 2662 peculiares,
1229 2577 1269 2642 ab
1300 2577 1339 2641 iis

159 2701 377 2788 dependentes
400 2703 504 2787 quoad
528 2704 670 2789 singulos
694 2710 794 2777 actus,
805 2723 1005 2788 processum
1030 2705 1226 2769 constituunt
1241 2724 1339 2771 cano·

159 2828 276 2896 nicam
307 2829 347 2893 ad
378 2831 469 2894 cuius
492 2829 628 2893 formam
660 2831 838 2914 exiguntur
863 2830 979 2894 indicia
1010 2831 1237 2895 ecclesiastica.
1263 2832 1338 2896 lure

162 2973 242 3018 rom.
267 2973 333 3018 vox
352 2972 533 3035 processus
556 2955 589 3018 in
620 2953 682 3036 hoc
713 2957 913 3040 propositum
944 2975 1007 3018 non
1032 2953 1257 3026 adhibebatur,
1281 2956 1338 3020 sed

158 3077 290 3140 nomine
302 3074 420 3141 iudicii
432 3077 788 3161 comprehendebantur
802 3098 914 3142 omnes
926 3076 1083 3142 iudicialis
1096 3079 1337 3144 controversiae

158 3204 284 3285 partes;
309 3200 351 3265 cl.
377 3202 397 3264 l.
423 3202 454 3275 6,
478 3203 524 3284 ff„
542 3201 592 3267 De
612 3201 740 3284 seriis'

249 3326 287 3388 ln
310 3325 532 3390 Decretalibus
555 3329 662 3410 coepit
684 3327 835 3412 distingui
856 3346 1038 3411 processus
1056 3349 1078 3393 a
1101 3330 1248 3412 indiam
1263 3349 1333 3415 arg.
1433 3421 1436 3424 .

158 3468 185 3513 c.
217 3465 245 3512 c.
278 3449 311 3520 5.
337 3447 387 3514 De
409 3449 515 3534 fertis,
540 3451 575 3513 X
595 3451 651 3534 (ll,
684 3451 735 3536 9);
759 3452 821 3526 22,
847 3451 901 3517 De
924 3454 1088 3535 resatpa,
1116 3454 1151 3517 X
1171 3454 1209 3537 (Ι,
1234 3454 1278 3539 3),
1302 3460 1336 3519 et
1441 3525 1445 3541 ,

158 3572 307 3638 Clemens
330 3575 362 3639 V
386 3576 418 3638 in
443 3574 543 3640 celeb.
568 3597 594 3641 c.
618 3576 653 3656 2,
678 3577 728 3641 De
751 3577 841 3643 verb.
859 3577 974 3664 sipnis.
1000 3579 1085 3642 inter
1103 3577 1202 3644 Clem.
1227 3578 1282 3658 (V,
1299 3578 1333 3662 2)

156 3693 238 3760 haec
260 3694 375 3761 habet:
402 3719 420 3756 «
448 3697 481 3762 Si
510 3701 618 3761 tamen
647 3699 680 3762 in
712 3700 898 3782 praemissis
922 3699 1047 3764 casibus
1074 3699 1225 3764 solemnis
1248 3700 1333 3765 ordo

155 3816 358 3886 iudiciarias
382 3818 414 3882 in
438 3823 504 3884 toto
528 3819 580 3884 vel
596 3821 628 3884 in
652 3825 755 3906 parte,
772 3841 837 3884 nnn
861 3821 1155 3886 contradicentibus
1178 3821 1333 3906 partibus,

155 3939 356 4024 observetur,
381 3963 446 4007 non
478 3945 540 4009 erit
562 3964 744 4028 processis
766 3951 901 4032 propter
924 3948 986 4012 hoc
1010 3948 1121 4011 irritus
1144 3966 1205 4012 nec
1235 3947 1331 4012 etiam

154 4063 332 4131 irritandus
357 4087 386 4130 ›.
413 4065 521 4140 Quare
553 4087 723 4152 processus
747 4069 810 4134 hac
835 4071 962 4135 ratione
986 4071 1152 4136 distinctus
1176 4092 1195 4136 a
1219 4071 1333 4136 iudicio

153 4189 399 4274 comprehendit
419 4197 519 4272 actus,
537 4192 649 4277 quibus
666 4215 827 4279 personae
843 4195 1005 4281 legitimae
1027 4198 1061 4260 in
1080 4197 1196 4261 iudicio
1212 4198 1335 4282 agitant

153 4317 185 4376 et
206 4311 380 4379 absolvunt
400 4316 489 4380 litem
514 4317 605 4380 iuxta
620 4317 751 4401 regulas
775 4318 949 4385 iudiciales.
968 4321 1059 4386 Unde
1075 4341 1244 4406 processus
1259 4341 1329 4386 can.

153 4435 222 4521 (seu
240 4439 452 4527 procedure)
476 4441 632 4508 abiectius
648 4447 751 4526 potest
774 4442 917 4510 definiri:
944 4467 962 4510 ‹
990 4449 1195 4530 Conspicuus
1217 4449 1330 4534 legum
