3350 5117
311 301 378 369 522
845 323 930 370 rans
954 323 976 369 r.

401 446 432 531 4)
459 444 555 510 Hisce
571 446 763 529 praemissis,
783 446 814 509 in
832 447 1029 518 universum,
1047 445 1226 511 huiusmodi
1243 448 1390 532 privatae
1405 448 1489 512 scri-

311 574 425 656 pturae
450 568 543 635 tidem
569 591 633 636 non
657 568 780 639 faciunt
802 573 836 635 in
860 572 1006 637 favorem
1024 574 1109 638 illins
1131 572 1172 637 ad
1196 592 1290 657 quem
1313 574 1489 658 pertinent,

312 702 344 759 et
378 696 459 781 apud
496 716 589 781 quem
621 703 867 778 conservantur,
899 698 989 762 iuxta
1019 697 1099 763 iuris
1122 699 1248 763 romani
1278 700 1488 783 principium:

313 839 331 884 s
356 840 450 886 nemo
473 828 576 907 potest
599 822 804 889 adnotatione
820 825 954 908 propria
980 820 1156 887 debitorem
1171 822 1230 888 sibi
1256 825 1452 891 constituere
1468 846 1487 885 r

228 949 233 963 “
312 946 396 1030 quod
419 966 460 1011 ex
490 949 508 1012 l.
539 948 559 1012 l.
587 946 664 1011 let
688 946 721 1026 5,
746 964 773 1011 c.
802 945 853 1010 De
880 946 979 1029 prob.
1011 946 1125 1011 melius
1159 947 1410 1029 determinatur,
1435 948 1490 1013 de-

312 1072 485 1143 cernendo,
510 1074 545 1139 in
569 1072 588 1137 l.
614 1072 656 1139 5.-
682 1093 700 1135 rr
730 1074 965 1139 Instrumenta
988 1074 1171 1141 domestica
1194 1094 1254 1140 sea
1272 1075 1423 1157 priuata,
1448 1081 1491 1141 tc-

312 1198 410 1265 stalto
433 1216 492 1265 sen
515 1197 690 1263 adnotatio
713 1198 743 1261 si
766 1216 837 1265 non
870 1217 1004 1283 qnoque
1026 1198 1245 1263 adminiculis
1271 1198 1489 1273 adiuventur,

313 1320 359 1385 ad
384 1318 622 1402 probationem
653 1319 726 1385 sola
758 1336 827 1385 non
858 1318 1032 1404 sufficiant
1054 1319 1137 1383 »ςΕ
1165 1325 1281 1385 contra
1302 1320 1383 1383 istae
1413 1320 1492 1383 scri·

312 1446 426 1526 pturae
450 1439 544 1507 fidem
568 1441 690 1505 iaciunt
713 1442 923 1507 contraoilios
943 1440 1057 1525 quibus
1079 1442 1262 1525 scripturae
1276 1442 1440 1526 pertinent
1455 1446 1492 1506 et

313 1586 391 1652 quos
415 1586 514 1651 penes
531 1566 740 1651 reperiuntur
762 1567 853 1649 quasi
878 1564 1009 1630 totidem
1033 1566 1251 1631 confessiones
1265 1564 1493 1633 extraindicia-

311 1691 368 1763 tes,
393 1691 454 1755 nisi
477 1678 620 1774 legitime
644 1686 856 1773 repudientur
887 1695 920 1753 et
942 1690 1094 1774 congruis
1117 1688 1358 1774 probationibus
1389 1690 1491 1773 impu-

312 1822 462 1901 guantur.

402 1938 434 2025 5)
461 1939 673 2023 Nihilominus
693 1936 786 2004 fldem
813 1940 847 2002 in
872 1939 1056 2003 eorumdem
1081 1940 1226 2004 savorem
1243 1938 1376 2011 iaciunt,
1394 1940 1421 2002 si
1436 1937 1493 2003 ali·

313 2080 375 2145 qua
397 2063 531 2130 ratione.
546 2082 587 2125 ex
612 2060 844 2127 consuetudine
868 2067 924 2127 aut
947 2061 987 2125 ob
1011 2061 1155 2146 publicas
1178 2062 1267 2147 leges
1290 2060 1493 2145 approbatio

314 2208 387 2253 nem
412 2187 558 2275 prrblicae
574 2166 789 2253 'auctoritatis
813 2188 867 2252 vel
890 2190 925 2252 in
949 2193 1048 2254 totum
1070 2187 1122 2252 rel
1154 2188 1187 2250 in
1211 2192 1334 2252 certam
1358 2189 1490 2270 quanti-

315 2314 389 2379 tatis
419 2311 673 2375 aestimationem
702 2310 881 2395 recipiant‚
913 2309 994 2373 adeo
1025 2316 1060 2376 ut
1088 2310 1276 2374 authentica
1298 2308 1490 2375 habeantur.

315 2436 443 2501 Revera
474 2432 571 2498 talem
599 2433 742 2499 valorem
766 2433 874 2499 solent
906 2434 1029 2499 habere
1051 2433 1110 2499 sub
1136 2435 1234 2499 certis
1257 2434 1494 2501 conditionibus

312 2557 388 2623 iibri
404 2564 629 2624 mercatorum,
647 2558 838 2642 praesertim
855 2558 888 2620 in
906 2558 986 2621 locis
1001 2556 1054 2622 ubi
1070 2560 1160 2641 quasi
1176 2558 1294 2643 publici
1317 2558 1491 2631 habentur,

313 2684 353 2749 ob
376 2683 638 2769 approbationem
655 2682 729 2766 ipsis
752 2680 891 2745 dandam
907 2702 928 2745 a
942 2683 1142 2768 magistratu.
1160 2682 1211 2747 vel
1226 2683 1267 2746 ab
1282 2683 1347 2746 alia
1363 2682 1492 2769 publica

313 2806 531 2894 personali).

402 2931 434 3004 6)
460 2929 548 2995 Libri
572 2948 650 2993 reno
672 2934 826 2998 tutorum.
851 2934 1038 2995 curatorum
1062 2936 1094 2995 et
1121 2930 1417 2995 administratorum
1442 2950 1493 2995 re

314 3076 385 3121 rum
409 3056 586 3121 alienarum
610 3056 636 3120 si
659 3062 824 3121 auctorem
853 3054 996 3121 habeant
1024 3044 1175 3137 tutorem,
1197 3056 1493 3122 administratorem

313 3183 459 3267 integrae
475 3180 590 3245 famae.
608 3186 640 3245 et
656 3182 688 3245 in
705 3182 752 3247 eis
766 3186 834 3247 tum
853 3188 1079 3266 expensatum
1102 3162 1236 3267 recepta
1251 3180 1424 3267 diiigenter
1438 3203 1495 3247 no

312 3312 389 3387 tata,
405 3312 551 3392 tempore
575 3326 638 3370 uon
666 3312 825 3391 suspecto,
844 3309 1061 3393 reperiantur.
1085 3328 1146 3373 nec
1169 3328 1235 3373 uon
1257 3329 1355 3373 causa
1378 3312 1493 3375 seuti-

312 3431 399 3497 tulus
413 3431 615 3517 obligationis
638 3434 851 3516 exprimatur,
866 3432 943 3497 libri
966 3433 1146 3499 huiusmodi
1163 3454 1312 3520 magnam
1336 3434 1494 3502 inducunt

314 3556 614 3640 praesumptionem.
632 3575 714 3639 quae
737 3562 839 3640 potest
864 3557 1020 3641 compleri
1043 3578 1103 3643 per
1125 3561 1353 3624 iuramentum.
1370 3594 1413 3607 —
1428 3559 1494 3625 Sed

314 3698 378 3743 rron
401 3685 503 3764 potest
529 3678 653 3744 adrrritti
680 3679 763 3763 quod
791 3680 938 3746 nonnulli
963 3686 1141 3761 autumant,
1169 3704 1287 3768 nempe
1308 3683 1369 3747 hos
1391 3682 1494 3747 libros

313 3803 430 3886 quippe
445 3803 592 3886 personis
605 3801 777 3867 moralibus
793 3804 1005 3887 pertinentes.
1021 3824 1082 3888 per
1096 3825 1132 3868 se
1149 3805 1219 3868 iere
1234 3806 1363 3889 plenam
1379 3806 1494 3869 iacere

314 3924 552 4008 prubationem
576 3944 650 3989 narn
667 3926 729 3991 li*
755 3927 834 3993 Cael.
853 3925 904 3992 De
924 3926 1023 4009 prob.
1046 3926 1210 3993 decernit:
1230 3951 1250 3989 ‹
1273 3928 1364 3993 l'nde
1388 3948 1495 4013 neque

402 4118 442 4172 rii
461 4119 504 4171 lta
522 4119 581 4171 erui.
601 4119 662 4173 ital.
681 4118 858 4183 Commemii,
875 4131 928 4174 art
951 4123 1004 4175 bd:
1023 4122 1082 4174 ersi.
1107 4122 1178 4176 Gaii.
1200 4122 1317 4185 Com,
1340 4134 1393 4177 art.
1411 4126 1441 4189 8,
1455 4125 1494 4187 93

314 4240 345 4276 cs
356 4224 373 4275 i.
395 4223 470 4293 Hisp.
490 4222 605 4289 Comus,
623 4234 675 4277 art
695 4224 739 4291 3⁴2,
757 4224 801 4278 33
820 4226 957 4287 Quoeima
980 4228 1003 4280 si
1024 4227 1135 4296 plenam
1161 4231 1355 4296 prolationem
1373 4246 1428 4283 nou
1452 4232 1495 4282 ta·

315 4330 390 4382 cisa
411 4330 438 4383 iu
458 4332 580 4383 iurarem
601 4332 685 4399 ipsuis
704 4334 877 4399 mereatoris,
896 4342 988 4389 tamen
1009 4352 1059 4402 per
1078 4338 1264 4389 irrrurueutum
1287 4335 1489 4405 suppletorium

314 4446 362 4486 aut
381 4434 436 4487 sila
456 4436 546 4489 medis
565 4438 724 4505 probatoria
744 4438 900 4507 errrnpietur
918 4442 1054 4508 probatio
