3350 5117
405 262 473 326 476
931 279 1014 326 rans
1038 279 1060 326 1.

404 405 565 473 nolentem
588 407 700 472 facere
728 405 833 472 iidem.
861 407 1030 472 Humanae
1062 406 1276 471 imbecillitati
1306 424 1466 491 magnopere
1481 425 1518 469 au·

403 534 484 598 xilio
509 537 560 598 est
588 533 688 598 timor
718 552 906 618 poenarum,
930 532 1036 598 damni
1069 537 1102 600 et
1132 535 1308 619 praecipue
1337 536 1367 599 in
1393 535 1468 598 lleun
1487 553 1521 596 re

404 657 552 723 verentia
586 661 619 720 et
649 655 775 741 religio.
808 655 879 720 Hac
909 654 950 720 de
982 674 1081 721 causa
1114 657 1142 720 si
1175 655 1317 721 hominis
1349 657 1523 722 mercationi

404 780 618 846 iuramentum
641 778 784 850 accedat,
802 776 882 842 tides
897 779 993 843 etiam
1018 779 1051 843 in
1075 799 1112 844 re
1132 779 1273 845 iudiciali
1289 781 1460 866 potissimum
1478 798 1524 842 con·

403 906 543 972 ciliatur.
560 905 688 970 Exinde
708 903 880 988 Apostolus
896 903 1024 972 Huebr.
1042 905 1076 986 6,
1099 925 1130 970 v,
1146 905 1189 970 16
1203 906 1309 970 aiens:
1337 904 1464 970 «Omnis
1475 923 1526 970 oon·

404 1031 589 1097 troversiae
603 1050 722 1097 eorum
742 1031 830 1115 finis,
848 1031 895 1096 ad
918 1031 1221 1115 confimatioaem,
1238 1036 1287 1097 est
1302 1031 1524 1096 iuramentum».

402 1177 438 1222 se
462 1156 627 1222 referebat
649 1157 689 1222 ad
714 1157 918 1241 frequentem
943 1179 1034 1222 usum
1058 1159 1230 1224 iuramenti
1249 1157 1410 1227 iudicialis.
1425 1162 1454 1222 ut
1470 1165 1526 1242 patet

402 1301 446 1346 ex
472 1281 580 1346 verbis
612 1279 777 1366 prioribus
806 1279 949 1345 eiusdem
981 1281 1149 1346 versiculi:
1176 1301 1194 1344 <
1220 1281 1374 1346 Homines
1401 1282 1470 1346 enin
1492 1300 1529 1364 per

401 1406 555 1468 maiorem
580 1403 629 1468 sui
653 1403 762 1468 iurant
779 1423 808 1466 ›.
826 1401 873 1466 De
896 1402 959 1466 hoc
976 1423 1067 1468 more
1082 1408 1221 1468 testatur
1236 1403 1336 1470 Gaius
1352 1403 1409 1490 lep.
1423 1403 1446 1474 1,
1461 1400 1527 1485 {tlh

400 1527 1299 1611 iureiur.:‹Maximumremeutumeapediendarum
1312 1527 1529 1593 liliuminaocn

401 1657 491 1722 venit
513 1655 743 1722 iurisiurandi
765 1655 886 1741 relipio
904 1678 934 1720 ».
951 1655 1078 1721 Verum
1094 1656 1269 1741 Apostolus
1290 1675 1408 1722 morem
1421 1653 1530 1721 historin

401 1785 641 1855 commemorat,
665 1780 722 1846 sed
745 1800 852 1864 neque
875 1779 993 1852 laudat,
1018 1799 1123 1865 neque
1152 1785 1265 1866 aperte
1298 1781 1429 1846 damnat.
1448 1779 1479 1842 ln
1494 1796 1529 1840 aa·
1582 1875 1583 1878 Ἴ

400 1903 530 1985 tiquiori
555 1901 720 1968 Ecclesiae
744 1901 914 1986 disciplina
929 1901 969 1966 ob
985 1901 1157 1965 iuramenti
1183 1901 1388 1966 sanctitatem
1402 1907 1430 1964 et
1443 1899 1530 1983 pericu·
1582 1909 1583 1978 l

401 2028 465 2092 lum
483 2028 617 2112 periurii
633 2033 667 2092 et
681 2025 722 2092 ob
738 2046 777 2090 ea
792 2026 895 2092 verba
910 2027 1109 2113 evangelica,
1123 2047 1238 2112 nempe
1252 2062 1271 2075 -
1283 2027 1329 2094 sit
1339 2043 1442 2092 semo
1453 2027 1532 2098 antea

400 2155 457 2218 est.
472 2155 528 2229 est,
541 2169 623 2230 aon,
636 2169 707 2215 non
726 2184 742 2197 ·
762 2168 876 2234 parurn
893 2155 950 2215 aut
965 2149 1045 2214 nihil
1061 2147 1274 2214 adhibebatur
1299 2150 1333 2213 in
1356 2148 1463 2213 iudiciis
1477 2145 1531 2206 inra-

400 2279 561 2349 menturn;
578 2274 620 2340 cf.
646 2275 773 2339 Decret.
799 2275 944 2340 Gratian.
973 2275 1070 2340 Caua.
1091 2274 1152 2339 22.
1169 2311 1213 2324 -
1229 2275 1411 2360 Vestigium
1425 2273 1533 2351 antiquae
1583 2285 1584 2302 ¹

399 2397 590 2483 disciplinae
606 2395 745 2460 hahetur
761 2397 858 2461 etiarn
875 2397 907 2461 in
931 2395 1148 2482 prohibitione
1162 2396 1352 2481 praestandi
1368 2397 1533 2462 iuramentum

399 2523 594 2589 colummae
609 2522 698 2587 iacta
713 2523 842 2588 clericis
866 2527 899 2590 et
922 2523 1017 2590 etiam
1035 2523 1124 2588 laicis
1152 2524 1185 2588 in
1209 2526 1319 2590 causis
1336 2519 1532 2588 Ecclesiasticis

399 2665 481 2729 quae
493 2645 664 2731 prohibitio
680 2650 784 2711 serius
796 2646 949 2713 exolevit.
961 2681 1007 2692 -
1019 2644 1145 2710 Exinde
1160 2649 1249 2731 patet
1263 2647 1398 2711 intentio
1410 2659 1534 2712 mannua.
1584 2691 1585 2734 ,

399 2766 454 2849 qui
477 2785 550 2830 curn
566 2766 678 2852 primis
695 2768 908 2833 iuramentum
926 2766 1133 2832 considerant
1157 2768 1200 2832 uti
1225 2767 1444 2852 probationem
1456 2760 1535 2828 nand
1584 2741 1585 2748 ἵ

399 2893 457 2954 sua
481 2887 785 2970 extraordinariam,
803 2889 1025 2955 subsidiariam
1049 2895 1082 2955 et
1104 2895 1289 2976 praeterea,
1317 2891 1358 2956 ob
1382 2892 1443 2956 eins
1456 2883 1535 2952 sancti·

399 3021 507 3096 tatem,
531 3035 604 3080 curn
627 3035 746 3100 magna
768 2997 896 3079 cautela
918 3017 951 3080 in
977 3015 1101 3082 iudiciis
1123 3015 1354 3082 adhibendam.

489 3140 563 3205 455.
588 3141 657 3204 lam
672 3139 770 3204 locuti
788 3159 897 3204 sumus
914 3138 953 3204 de
970 3141 1151 3206 iuramento
1166 3139 1316 3206 adhibito
1333 3140 1374 3206 ad
1397 3151 1537 3226 processum

399 3264 460 3327 rite
484 3262 876 3344 01·dinandum,videlicet
898 3267 934 3328 ut
956 3269 1065 3349 partes
1088 3265 1260 3329 iuramenti
1280 3265 1439 3350 religione
1456 3258 1538 3324 adstri-

397 3395 480 3469 ctae,
497 3391 626 3456 sincere
649 3397 682 3456 et
705 3387 840 3455 candide
864 3391 897 3453 in
913 3389 1038 3455 iudiciis
1053 3389 1213 3476 agitandis
1229 3392 1367 3457 veritati
1391 3396 1421 3456 et
1441 3385 1538 3452 iustitiae

397 3515 586 3595 inserviant,
602 3534 667 3578 non
683 3513 850 3578 fraudibus
872 3517 905 3579 et
929 3513 1218 3580 machinationibus
1237 3515 1443 3602 indulgeant;
1464 3525 1538 3576 vernn

398 3640 431 3702 in
454 3640 713 3724 praesentiarum
735 3638 898 3722 loquimur
921 3637 959 3704 de
983 3639 1165 3704 iuramento
1194 3639 1318 3706 emisso
1343 3641 1384 3706 ad
1406 3641 1468 3704 lites
1486 3629 1538 3698 lit·

397 3763 548 3836 mendas,
573 3783 655 3846 quae
679 3762 784 3828 dirimi
816 3783 889 3827 curn
919 3763 1042 3849 possint
1071 3761 1281 3829 iudicialiter
1307 3766 1362 3830 vel
1394 3753 1539 3830 enneadi-

397 3885 537 3967 cialiter,
562 3891 598 3950 ut
620 3887 760 3951 diximus
783 3889 817 3951 in
834 3885 1087 3971 Prolegomeuis‚
1105 3886 1330 3953 iuramentum
1354 3893 1403 3954 est
1422 3877 1539 3952 inuiam

397 4017 431 4077 et
453 4011 725 4078 e.rlroiudiciale.

487 4136 561 4201 456.
586 4136 859 4203 Eoelraiadiriata
883 4141 931 4201 esi
954 4157 1081 4223 semper
1103 4137 1358 4232 voluntarium.
1372 4141 1442 4224 quia
1461 4129 1540 4222 pendet

397 4277 417 4321 a
432 4260 570 4342 partium
585 4259 730 4332 arbitrio,
748 4257 842 4322 modo
866 4259 1103 4324 extraiudiciali
1118 4259 1210 4326 litem
1226 4259 1374 4328 definire
1389 4260 1482 4328 malla
1495 4251 1538 4320 Hoc

395 4384 610 4450 iuramentum
634 4389 691 4458 est,
705 4381 788 4468 quod
812 4383 852 4448 ob
877 4389 1027 4452 exortam
1048 4386 1312 4452 controversiam
1337 4388 1379 4453 ad
1402 4377 1537 4452 evirandum
