3350 5117
555 332 599 381 ns
623 332 763 380 runicus
787 333 1052 383 accessissrrcrs
1347 314 1387 380 41

212 448 334 517 itatem
356 472 387 516 ›.
413 451 464 519 ob
487 454 663 521 laesionem
694 476 775 522 vero
797 476 996 554 Q
1008 478 1066 524 seu
1093 478 1227 546 gravem
1250 462 1392 525 tantum·

212 570 315 643 modo,
339 576 478 641 naturae
500 576 728 641 transactionis
759 576 959 643 conformius
988 582 1142 651 osteum
1172 580 1219 643 uti
1249 598 1314 644 non
1336 598 1391 645 re·

210 697 412 765 scindibilem
435 700 571 768 habere:
595 704 640 767 ita
664 702 954 789 Schmulzgrueber
977 705 998 770 1.
1022 726 1050 773 9.
1071 712 1103 771 et
1129 707 1176 771 De
1199 704 1335 792 Angelis
1358 706 1390 770 lt.

213 828 234 885 t.
258 841 292 887 n.
314 822 345 895 4,
370 796 486 889 contra
510 822 721 892 Reiffeustuel
745 827 776 892 h.
802 834 822 892 t.
847 829 868 893 1.
893 849 920 895 c.
945 834 979 893 et
1001 828 1091 895 Santi
1116 829 1146 893 d.
1165 834 1186 894 t.
1202 849 1236 894 n.
1261 829 1313 895 17.
1330 830 1391 895 Ast

211 948 432 1013 transactione
455 945 549 1013 firma
571 956 731 1024 manente,
756 972 869 1018 omnes
899 954 1106 1027 conveniunt,
1131 952 1254 1019 admitti
1281 973 1390 1019 emen-

211 1068 373 1137 dationem
390 1072 515 1137 erroris
531 1072 657 1149 calculi,
675 1077 729 1158 qui
752 1075 970 1142 intervenerit
992 1078 1024 1141 in
1041 1077 1240 1143 aestimando
1255 1077 1390 1151 obiecto,

211 1217 256 1261 ex
278 1199 299 1263 t.
323 1218 382 1265 un.
411 1198 492 1265 Cod.
516 1199 566 1265 De
589 1219 699 1267 error.
723 1200 867 1285 calculi3
890 1201 1060 1267 dummodo
1089 1203 1144 1268 hic
1170 1202 1270 1267 fuerit
1291 1221 1392 1269 error

210 1320 316 1405 suoti;
332 1342 424 1389 secus
448 1326 473 1391 si
494 1326 638 1407 quaestio
653 1324 845 1391 versabatur
868 1327 958 1391 circa
979 1324 1161 1391 huiusmodi
1186 1328 1390 1413 computatio

212 1467 295 1512 nem.
311 1448 382 1513 Hoc
398 1447 580 1513 concedunt
596 1450 691 1515 etiam
708 1448 836 1515 codices
853 1450 914 1515 civ.
927 1448 1091 1526 moderni;
1108 1450 1234 1515 scilicet
1248 1449 1391 1517 Gallicus

210 1580 274 1636 art.
291 1572 388 1643 2058,
406 1573 539 1638 Italicus
557 1572 642 1639 1772
665 1579 698 1639 et
716 1574 905 1640 Austriacus
923 1574 1018 1639 1388.
1036 1573 1097 1649 Qui
1120 1579 1228 1639 tamen
1245 1572 1389 1649 codices,

212 1697 314 1781 magis
344 1696 578 1783 prospicientes
609 1698 740 1765 utilitati
767 1698 889 1765 vitandi
912 1699 1003 1771 lites,
1028 1718 1123 1783 quam
1154 1700 1233 1764 iuris
1256 1699 1392 1784 philoso-

212 1818 316 1903 phiae,
341 1826 499 1906 respuunt
525 1824 753 1888 rescissionem
775 1823 815 1888 ob
839 1825 1014 1889 laesionem
1038 1826 1096 1888 elsi
1120 1824 1390 1890 enormissimam:

212 1946 248 2010 G.
273 1947 310 2012 G.
335 1947 434 2029 2052,
461 1949 530 2013 ltal.
557 1948 654 2031 1792,
677 1951 740 2017 Au.
769 1950 865 2023 1385,
888 1950 930 2016 cl.
955 1947 1154 2016 D'Annibale
1178 1947 1233 2033 (ΙΙ,
1254 1950 1346 2034 557).

302 2069 334 2157 6)
359 2071 511 2149 Tandem,
536 2074 569 2138 in
593 2072 738 2139 favorem
763 2073 974 2159 Pupillorum,
1000 2074 1162 2139 Minorum
1179 2078 1212 2140 et
1227 2075 1390 2141 Ecclesia·

214 2214 285 2259 rum
308 2196 508 2281 aliorumque
531 2198 708 2265 fruentium
731 2199 902 2285 privilegio
919 2196 1151 2265 Restitutiom's
1166 2198 1203 2264 ia
1218 2198 1392 2286 inteprum

213 2316 351 2381 rescindi
375 2322 481 2403 potest
495 2319 703 2393 transactio,
720 2322 847 2385 ratione
861 2318 1080 2387 tantummodo
1095 2320 1206 2409 grauis
1229 2320 1389 2394 laesionis

211 2438 337 2539 11Ψο
360 2441 531 2538 privilegio
554 2441 807 2551 iniffleffi

304 2567 354 2631 14.
380 2546 576 2653 Ρ9Γερθοῒ9
592 2568 657 2633 iam
687 2542 917 2633 transactionis
947 2572 1074 2640 natura,
1105 2566 1275 2631 admodum
1302 2566 1390 2631 utilis

213 2692 373 2776 inquisitio
397 2698 456 2775 est,
480 2698 588 2759 utrum
612 2699 723 2781 partes
746 2691 918 2776 aliquando
940 2692 981 2757 ad
1001 2694 1252 2758 transactionem
1275 2694 1390 2757 ineun-

212 2815 286 2879 dam
309 2817 440 2882 invitari
464 2817 518 2881 vel
541 2818 612 2903 cogi
637 2818 768 2901 possint,
785 2816 876 2881 salvo
892 2835 1020 2901 semper
1035 2816 1296 2881 contrahentium
1312 2837 1391 2881 con-

212 2959 319 3013 sensu,
342 2944 529 3007 contractus
544 2940 701 3006 caliditati
718 2941 915 3005 necessario.
933 2939 1037 3015 Quum
1057 2960 1116 3026 per
1137 2942 1389 3007 transactionem

212 3063 287 3129 lites
310 3065 510 3151 expeditiore
534 3064 627 3131 modo
650 3063 856 3139 definiantur,
872 3067 1000 3133 evitatis
1023 3066 1126 3130 litium
1150 3066 1333 3152 dispendiis,
1359 3076 1391 3134 et

213 3191 330 3255 civium
356 3192 475 3255 mutuis
505 3189 772 3263 contentionibus,
797 3210 880 3273 quae
909 3161 1090 3255 animorum
1119 3188 1296 3257 discordias
1319 3192 1391 3258 fere

213 3319 384 3399 perpetuas
411 3314 649 3391 secumlerunt;
674 3315 752 3380 hinc
781 3314 815 3378 in
847 3314 1012 3380 hodiernis
1043 3314 1228 3399 quibusdam
1259 3316 1390 3403 legisla-

214 3436 351 3502 tionibus
373 3442 545 3521 antequam
571 3436 732 3523 regularis
756 3439 955 3503 instauretur
977 3438 1079 3501 litium
1103 3458 1283 3523 processus,
1309 3440 1391 3505 solet

216 3560 342 3644 imponi,
355 3580 415 3645 pro
431 3558 618 3645 quibusdam
636 3560 749 3641 causis,
763 3561 940 3625 necessitas
955 3560 1045 3644 prius
1061 3559 1207 3625 tentandi
1219 3562 1304 3625 viam
1318 3580 1391 3626 con·

216 3682 386 3751 uitiationis
408 3704 465 3750 seu
489 3684 726 3752 transactionis.
744 3686 799 3749 Ius
823 3684 1013 3748 canonicum
1033 3685 1170 3749 mediam
1195 3686 1287 3749 inivit
1305 3686 1390 3749 viam

216 3814 356 3873 statuens
380 3808 463 3893 quod
486 3808 584 3875 iudex
603 3814 716 3892 potest
738 3828 867 3895 semper
890 3808 1034 3894 partibus
1059 3812 1313 3876 transactionem
1339 3810 1389 3873 in-

216 3928 353 4004 culcare,
370 3928 496 4015 quando
511 3930 573 3996 hoc
589 3931 668 3997 utile
684 3930 818 3997 iudicet:
843 3931 889 3995 ita
905 3931 991 3995 Rota
1005 3930 1153 3995 Romana
1169 3936 1202 3995 et
1218 3930 1272 3997 SS.
1289 3928 1389 4015 (long.

217 4056 389 4129 Romanae,
414 4057 540 4140 quando
564 4056 718 4142 expedire
742 4049 864 4142 p'utent,
881 4056 1026 4142 partibus
1049 4054 1247 4142 respondere
1270 4054 1389 4121 solent:

215 4180 356 4247 Placere
378 4181 421 4247 dc
444 4179 637 4248 concordia.
663 4180 735 4245 Hoc
758 4181 822 4245 iam
846 4178 1061 4247 ordinaverat
1076 4180 1179 4266 ipsum
1202 4180 1252 4244 ius
1275 4178 1392 4243 Decre

216 4306 324 4372 talium
349 4306 489 4391 quodin
512 4326 539 4371 c.
564 4325 590 4370 9.
613 4304 657 4379 11,
683 4304 714 4370 h.
733 4310 752 4370 t.
769 4306 812 4388 X,
837 4310 868 4371 et
890 4306 918 4379 1,
944 4304 993 4371 De
1014 4306 1142 4373 mutuis
1159 4304 1390 4390 petitionibus,

217 4430 250 4493 X
270 4431 326 4511 (ll,
359 4431 403 4516 2),
434 4430 595 4505 decernit,
629 4430 763 4497 iudicem
796 4430 1051 4497 ecclesiasticum
1082 4432 1229 4517 experiri
1260 4428 1389 4503 debere,
