3350 5117
287 272 353 335 402
814 295 897 342 inas
923 296 944 339 1.

286 434 346 498 per
377 415 526 499 tepitima
557 422 780 505 arqumcnla,
797 436 899 500 qnare
932 418 1094 482 incensis
1124 415 1315 483 deliniendis
1344 421 1468 483 tantum

285 544 361 602 acta
386 544 417 603 et
437 539 584 621 probata
608 541 644 605 ia
667 540 792 606 iudicio
817 560 897 626 prae
920 542 1022 606 oculis
1053 541 1177 606 habere
1208 524 1312 618 debet,
1337 546 1370 606 et
1398 559 1470 625 pro

288 662 468 729 bationibus
491 685 529 729 eo
554 665 647 730 modo
672 672 703 730 et
727 672 874 749 tempore
897 666 1050 731 utendum
1074 672 1133 737 est.
1154 668 1260 751 prouti
1284 687 1305 731 a
1328 668 1400 732 iure
1423 667 1470 729 iu·

287 789 392 853 diciali
410 790 654 874 praescribitur.
672 826 715 838 -
741 791 921 855 Praeterea
945 812 1010 856 una
1033 792 1255 877 probationum
1280 793 1405 876 species
1428 790 1469 855 ab

286 913 354 997 ipso
375 915 444 977 iure
470 916 500 978 in
525 934 582 979 sua
605 916 636 978 vi
660 915 905 988 determinatur,
922 914 1105 979 huiusmodi
1124 920 1200 979 sunt
1217 916 1469 997 praesumptio-

285 1055 346 1113 aas
368 1036 475 1119 turim·
492 1038 566 1101 item
591 1037 766 1101 nonnullae
789 1058 907 1102 causae
931 1039 1011 1102 iuris
1027 1038 1142 1102 favore
1161 1037 1331 1112 fruuntur3
1352 1044 1386 1101 et
1409 1038 1470 1101 has

285 1158 446 1223 innuimus
471 1160 503 1223 in
527 1159 578 1224 cit.
604 1179 678 1242 cap.
703 1159 754 1225 De
777 1162 833 1244 off.
850 1160 921 1225 iud.
947 1179 982 1223 n.
1008 1160 1057 1224 72
1079 1179 1128 1244 sq.

377 1284 446 1346 Hae
463 1293 536 1348 sunt
552 1286 631 1349 iuris
655 1287 746 1369 posit.
765 1294 940 1371 praecepta
956 1306 1038 1370 quae
1054 1288 1103 1350 ius
1117 1285 1242 1352 faciunt
1257 1288 1343 1352 inter
1358 1290 1470 1371 partes

285 1424 431 1489 quaeque
447 1406 581 1491 proinde
604 1408 703 1473 iudex
726 1429 805 1493 prae
827 1409 929 1473 oculis
951 1408 1074 1473 habere
1098 1408 1192 1473 debet
1215 1410 1247 1473 in
1265 1408 1469 1473 dimetiendis

286 1530 409 1594 iuribus
431 1530 623 1615 litigantium
648 1531 704 1617 (l).

377 1652 450 1716 4:39.
476 1652 567 1718 Onus
590 1653 756 1740 probandi,
782 1656 902 1719 utiam
926 1654 1101 1735 docuimus,
1126 1653 1281 1717 incumbit
1307 1654 1468 1719 asserenti

285 1778 415 1861 aliquod
438 1779 558 1844 factum
583 1802 649 1861 seu,
675 1782 865 1854 oraliaario,
889 1782 1009 1856 actori;
1032 1780 1088 1845 sed
1112 1782 1207 1845 etiarn
1232 1802 1300 1862 reo,
1324 1783 1351 1846 si
1380 1782 1468 1847 enci·
1520 1802 1524 1807 ⁴

286 1906 361 1988 piat.
387 1939 429 1952 —
455 1905 539 1968 Huic
564 1904 696 1989 regulae
720 1908 835 1989 passim
860 1904 944 1990 apud
975 1904 1039 1967 DD.
1065 1902 1100 1967 tit
1121 1906 1280 1989 exceptio,
1305 1925 1364 1989 pro
1388 1924 1467 1969 casu

287 2027 438 2092 videlicet
462 2048 523 2111 quo
546 2030 654 2112 aliqua
675 2030 762 2095 iuris
781 2030 1019 2111 praesumptio
1044 2028 1158 2094 militet
1186 2030 1301 2093 lavore
1328 2030 1468 2094 actoris:

377 2272 416 2341 (l)
432 2272 563 2325 Adnotari
579 2272 647 2326 liaec
662 2282 793 2341 praestat,
803 2274 869 2342 quia
882 2274 932 2325 sub
947 2274 1002 2327 fine
1016 2274 1119 2326 saeculi
1135 2274 1316 2342 praeterlapsi
1330 2279 1359 2327 et
1373 2288 1470 2327 trustra

286 2384 390 2443 aetate,
409 2396 471 2432 cnm
491 2381 734 2447 coeperintenise
754 2380 845 2434 excoli
864 2380 1008 2435 doctrinae
1028 2382 1095 2434 iuris
1115 2382 1261 2443 iudicialis,
1275 2380 1359 2435 hriius
1377 2383 1469 2436 scicn-

286 2488 343 2541 tiae
356 2486 478 2539 cultores
491 2487 688 2556 quamplurimi
703 2488 865 2540 incusarunt
878 2488 920 2541 ius
935 2489 1108 2553 canonicum,
1122 2488 1200 2559 quasi
1217 2488 1268 2541 boc
1283 2488 1471 2543 introduxerit

285 2591 432 2646 ridiculum
446 2593 583 2662 quoddam
602 2593 795 2662 probationum
816 2592 1008 2647 mechanicum
1027 2598 1159 2664 systema,
1171 2610 1205 2647 ex
1219 2610 1274 2663 quo
1287 2593 1392 2647 iudices
1413 2609 1468 2646 non

285 2715 335 2751 sua
356 2700 532 2766 persuasione
545 2700 592 2753 sed
606 2698 789 2753 materialiter
803 2717 837 2753 ex
852 2700 1062 2769 praeconceptis
1081 2700 1195 2768 regulis,
1209 2700 1356 2769 praecipue
1369 2704 1399 2753 in
1413 2701 1470 2753 cm'-

284 2808 444 2869 minalilrus‚
460 2824 536 2862 reum
561 2808 783 2861 condemnabant
802 2808 847 2863 vel
864 2807 1056 2862 absolvebant.
1071 2810 1304 2862 decimationibus
1322 2814 1351 2863 et
1369 2808 1470 2878 iurgiis

286 2914 448 2982 praesertim
469 2914 653 2981 impetunt-hi
673 2916 831 2983 scriptores,
844 2916 977 2985 quasdam
994 2916 1107 2985 regulas
1124 2916 1220 2971 deduci
1240 2896 1338 2969 solitas
1357 2932 1375 2968 a
1392 2914 1468 2968 divi-

285 3022 410 3075 sionibus
429 3038 512 3089 supra
530 3021 639 3086 citatis,
654 3038 752 3090 nempe
772 3038 806 3076 es
825 3022 931 3075 ditabus
950 3020 1110 3091 semiplenis
1131 3023 1341 3092 probationibus
1355 3021 1465 3090 plenam

286 3126 365 3193 effici,
380 3129 403 3181 si
422 3128 492 3183 dirae
505 3128 674 3196 semiplenae
693 3130 721 3182 in
735 3128 807 3183 idem
826 3130 995 3199 conspirent3
1010 3129 1179 3198 semiplenae
1196 3130 1219 3183 si
1231 3128 1349 3182 addatur
1361 3129 1470 3183 minus·

286 3250 370 3303 quam
386 3235 538 3303 semiplena
552 3236 679 3304 probatio
698 3240 727 3289 et
742 3234 854 3305 aliquod
869 3235 1000 3289 indicium
1013 3236 1058 3289 val
1072 3236 1244 3305 probationis
1257 3235 1467 3301 adminiculum,

285 3337 383 3391 baberi
403 3340 594 3407 probationem
614 3338 780 3408 plenumst
799 3339 856 3391 alia
875 3338 1041 3405 huiusmodi,
1060 3355 1133 3408 quae
1151 3338 1238 3393 videri
1258 3343 1374 3407 possunt
1393 3338 1466 3407 apud

285 3442 390 3497 Comm.
406 3444 483 3498 Decr.
498 3445 524 3497 in
540 3444 612 3497 huuc
627 3445 669 3497 tit.
682 3473 719 3485 -
732 3445 773 3496 Cf.
790 3444 899 3515 Meyer,
912 3444 1006 3514 Esprit
1020 3445 1113 3515 ore'pin
1128 3456 1154 3498 ct
1163 3448 1286 3515 propriis
1296 3446 1346 3498 des
1359 3446 1468 3499 institu-

285 3555 357 3605 tiens
367 3552 535 3621 judiciati-ea
548 3560 597 3604 etc.
610 3549 656 3603 lib.
665 3552 689 3616 ·2,
701 3568 760 3618 cap.
772 3550 810 3602 14.
822 3579 856 3590 -
868 3524 1003 3616 Vulteius,
1013 3551 1216 3605 Commentairc
1229 3566 1280 3604 sur
1292 3553 1320 3605 le
1333 3552 1405 3605 liure
1418 3554 1469 3605 des

285 3657 410 3711 deliteat
424 3656 474 3709 des
485 3659 591 3724 peines,
606 3656 645 3709 ita
658 3656 810 3709 scribebat:
824 3670 841 3705 «
855 3657 878 3708 A
894 3654 1033 3709 Toulouse
1052 3672 1088 3709 ou
1107 3656 1195 3711 admit
1206 3656 1255 3711 des
1268 3662 1365 3727 quarts
1378 3662 1407 3711 et
1420 3657 1468 3710 des

287 3760 420 3815 huitiems
438 3760 472 3814 de
492 3776 616 3829 preuvesv
631 3760 671 3812 On
685 3778 704 3831 y
720 3764 786 3828 peut
801 3758 940 3827 regarder,
957 3776 1006 3828 par
1025 3761 1162 3830 exempla,
1176 3779 1213 3815 un
1225 3761 1347 3815 oui-dire
1359 3777 1468 3815 comme

287 3882 323 3917 un
336 3870 425 3935 quart,
437 3882 472 3917 un
488 3870 568 3919 autre
577 3865 696 3919 oui-dire
709 3864 771 3934 plus
782 3880 874 3932 usgue
884 3879 992 3917 comme
1006 3880 1042 3916 un
1056 3862 1198 3932 huitieme,
1210 3866 1391 3936 desertaque
1405 3864 1468 3919 huit

287 3988 413 4025 rumeurs
427 3974 473 4044 qui
488 3990 523 4026 ne
536 3978 599 4027 sont
612 3973 695 4043 qu'un
715 3970 784 4026 echo
805 3971 871 4023 d'un
889 3971 965 4024 broit
984 3971 1041 4024 mal
1057 3972 1138 4025 fonde
1151 3977 1272 4041 pensent
1285 3972 1400 4027 devenir
1413 3988 1468 4026 une

287 4098 390 4152 preuve
401 4082 557 4151 complet».
572 4082 722 4136 Praeterea
732 4082 849 4135 iuristae
860 4098 969 4148 graves,
979 4081 1077 4152 quales
1090 4081 1188 4147 Faber,
1201 4083 1242 4136 De
1255 4098 1346 4136 error.
1353 4092 1466 4151 propat.

285 4186 447 4241 dealiter.
461 4188 480 4254 1,
492 4192 520 4242 et
536 4186 674 4252 Donellris,
686 4187 730 4239 Ad
744 4190 783 4238 tit.
794 4187 925 4255 pirradect.
941 4187 982 4239 De
995 4186 1113 4244 iuretur.
1129 4205 1189 4256 cap.
1203 4187 1241 4252 11,
1252 4204 1278 4238 n.
1288 4186 1374 4255 3seq.
1383 4184 1468 4241 rehe-

287 4300 396 4349 menter
415 4296 605 4364 improbarunt
623 4294 784 4347 divisionem
806 4294 1001 4362 probationum
1020 4293 1048 4345 in
1063 4293 1167 4362 plenas
1186 4297 1215 4346 et
1232 4293 1411 4362 semiplum.
1431 4320 1468 4333 -

287 4398 347 4467 lpse
361 4398 530 4469 Schmalzgr.
545 4401 569 4451 ln.
585 4409 602 4451 t.
615 4416 641 4451 η.
657 4398 677 4451 8
691 4410 716 4453 ct
731 4399 750 4450 9
769 4404 906 4453 memorat
925 4397 975 4452 has
993 4396 1172 4453 difficultates
1191 4416 1293 4469 easque
1313 4398 1417 4452 refutat
1429 4398 1466 4450 iis
