3350 5117
205 350 211 357 .
301 290 369 357 564
827 308 912 357 psas
936 310 959 355 l.

299 438 471 497 traversae
490 434 712 516 possessione,
728 451 794 499 non
816 438 922 519 potest
945 431 1049 497 audiri
1064 432 1126 497 nisi
1150 451 1247 517 super
1258 432 1485 517 proprietate.

303 554 342 618 ln
366 552 556 621 actionibus
586 573 666 619 vero
693 552 944 637 personalibus,
969 554 1055 619 iacta
1082 556 1278 620 immissione
1304 556 1425 620 actoris
1447 558 1485 621 in

300 682 536 766 possessionem
559 701 671 746 rerum
693 680 901 746 immobilium
925 686 981 747 aut
1003 681 1167 749 mobilium
1187 703 1247 769 pro
1262 683 1356 749 modo
1372 683 1484 759 debiti,

300 822 358 867 res
374 803 515 890 litigiosa
530 824 597 871 uon
619 804 756 890 amplius
776 810 826 871 est
841 806 910 890 ipsa
928 806 1013 870 aetio
1028 806 1217 891 personalis.
1235 805 1291 873 sed
1309 827 1363 873 res
1378 808 1483 891 aequi·

300 922 429 1010 pollens
443 944 464 988 a
479 924 585 991 indiae
607 924 777 1011 designata
792 930 827 989 et
839 926 960 990 actoris
982 926 1176 1010 possessioni
1192 924 1357 991 attributa.
1373 926 1487 1001 Quare

300 1066 378 1113 reus
400 1068 593 1133 comparens
623 1068 687 1115 non
719 1050 857 1135 amplius
886 1047 1024 1123 auditur,
1049 1050 1109 1115 nisi
1133 1050 1193 1115 has
1217 1070 1271 1115 res
1297 1050 1481 1115 vindicandi

300 1194 413 1251 eausa;
444 1177 487 1241 el.
515 1196 544 1242 a.
575 1195 603 1243 c.
635 1176 670 1257 5,
700 1176 746 1259 ἓξ
776 1176 809 1249 6,
843 1175 875 1249 7,
901 1175 933 1256 8,
964 1176 1004 1241 Ut
1035 1176 1092 1242 tite
1121 1194 1193 1243 non
1223 1181 1369 1257 contest,
1394 1176 1428 1241 X
1448 1182 1482 1241 et

299 1320 376 1385 eap.
402 1301 475 1368 9lt.
491 1306 513 1367 t.
537 1300 573 1365 X
590 1300 648 1386 (ll,
667 1300 732 1387 15).
756 1302 860 1369 Actor
882 1320 963 1366 vero
986 1301 1098 1367 taliter
1112 1300 1277 1387 possidens
1300 1299 1419 1387 gaudet
1436 1301 1482 1366 ini

298 1427 458 1510 terdictis,
474 1432 507 1494 et
527 1428 624 1493 estin
641 1426 825 1495 conditione
848 1447 907 1513 per
928 1426 1059 1512 longum
1084 1431 1209 1512 tempus
1224 1446 1294 1493 rem
1318 1427 1485 1511 praeseri·

299 1552 406 1627 bendi‚
431 1552 458 1619 si
488 1552 561 1617 aliis
590 1553 784 1618 necessariis
811 1550 1046 1617 conditionibus
1068 1552 1110 1617 sit
1135 1570 1239 1636 aeque
1268 1554 1410 1619 munitus
1439 1552 1485 1618 ad

299 1680 588 1767 praescriptionem
610 1677 668 1765 (1).

392 1806 469 1871 572.
494 1805 607 1880 Quoad
637 1806 766 1871 modum
796 1803 977 1891 applicandi
1004 1805 1180 1870 secundum
1203 1804 1369 1871 decretum
1399 1805 1486 1870 haee

300 1936 492 1998 teneantur:

393 2048 425 2134 l)
449 2050 581 2117 Certum
604 2050 710 2115 estin
729 2044 918 2117 oetionibns
936 2048 1176 2133 personatibus
1199 2049 1322 2133 requiri
1345 2068 1487 2135 expres-

301 2192 373 2239 sum
397 2171 512 2238 iudicis
535 2170 702 2236 decretum
725 2175 759 2238 et
776 2171 934 2255 menam
964 2176 998 2236 et
1027 2170 1225 2252 seeundum,
1252 2170 1293 2236 ad
1316 2170 1488 2237 habendos

300 2300 369 2362 tum
392 2296 443 2361 rei
465 2294 628 2360 custodiae
649 2299 718 2360 ium
741 2295 951 2379 possessionis
972 2291 1123 2370 effeetus;
1155 2314 1229 2360 nam
1256 2293 1403 2380 singulae
1426 2315 1488 2361 res

300 2418 528 2485 custodiendae
551 2423 606 2483 aut
628 2416 838 2504 possidendae
861 2437 881 2483 a
904 2416 1008 2484 iudice
1028 2418 1237 2483 determinari
1260 2418 1390 2485 debent

388 2543 423 2628 2)
446 2544 552 2609 Etiam
575 2563 619 2609 ex
641 2564 669 2610 e.
686 2543 721 2616 2,
738 2543 790 2609 De
803 2563 841 2610 eo
866 2543 927 2629 qni
948 2543 1092 2608 mittitur
1106 2542 1145 2608 in
1162 2543 1420 2627 possessionen,
1436 2544 1485 2617 X,

300 2668 467 2755 explorati
481 2669 562 2734 iuris
577 2674 635 2742 est,
651 2688 771 2733 annum
795 2668 973 2753 computari
997 2686 1017 2732 a
1040 2666 1091 2731 die
1106 2667 1242 2732 actualis
1257 2668 1486 2745 immissionls;

299 2790 385 2877 quod
415 2794 442 2857 si
472 2795 566 2856 actor
589 2810 632 2855 ex
661 2789 734 2855 dolo
760 2789 875 2855 iudicis
897 2790 950 2854 vel
974 2790 1024 2854 rei
1047 2789 1201 2854 violentia
1232 2790 1391 2857 immissus
1413 2811 1484 2857 non

302 2917 373 3000 fuit,
397 2923 454 2984 aut
477 2938 497 2982 a
519 2916 664 2983 custodia
687 2919 737 2983 rei
766 2917 925 3003 litigiosae
955 2915 1135 3002 prohibitus
1162 2922 1211 2982 est
1236 2922 1293 2982 aut
1315 2916 1481 3003 expulsus,

297 3060 402 3105 annas
433 3045 637 3125 computatur
667 3038 762 3104 adis
790 3039 897 3105 emissi
921 3038 1016 3124 primi
1043 3036 1176 3112 decreti,
1201 3043 1329 3124 etpost
1353 3038 1487 3125 lapsum

298 3164 377 3227 anni
399 3163 473 3246 ipso
495 3162 573 3229 inre
593 3182 692 3228 verus
715 3160 854 3229 efficitur
878 3181 1052 3248 possessor,
1066 3181 1123 3227 seu
1138 3163 1320 3246 assequitur
1338 3162 1489 3230 secandi.

298 3287 422 3355 decreti
446 3286 590 3353 effectus.

389 3416 423 3499 3)
447 3416 511 3481 DD.
534 3434 614 3479 vero
638 3414 814 3498 inquirunt,
838 3433 881 3479 en
909 3414 943 3477 in
967 3412 1154 3479 actionibus
1175 3412 1334 3493 realibus,
1352 3413 1488 3496 quando

299 3540 390 3605 nulla
412 3538 504 3605 adest
526 3538 616 3604 fraus
640 3536 817 3624 impediens
839 3536 935 3621 primi
958 3534 1081 3601 decreti
1111 3536 1346 3617 executionem,
1370 3538 1481 3621 requi-

300 3671 392 3731 ratur
416 3683 575 3752 expressa
598 3663 711 3729 iudicis
734 3663 894 3729 sententia
916 3660 958 3728 ed
986 3660 1223 3727 decernendam
1254 3663 1485 3728 executionem

298 3790 432 3858 secundi
448 3790 582 3863 decreti,
595 3809 638 3853 an
654 3790 760 3875 potius
773 3787 848 3872 ipso
864 3787 940 3853 inre
955 3788 1020 3851 vim
1036 3786 1160 3852 habere
1175 3786 1316 3872 incipiat.
1330 3787 1487 3853 Iamvere

388 4001 427 4070 (l)
438 4003 483 4055 Ad
497 4002 597 4054 bonnm
608 4001 702 4071 fidem,
716 3998 825 4064 suffieit,
838 3998 880 4053 uti
894 3997 1045 4064 docuimus,
1054 3999 1203 4068 persuasio
1222 4000 1327 4051 nenu'ni
1336 3997 1483 4068 infereridi

298 4108 433 4162 iniuriam
447 4124 506 4178 per
524 4107 610 4161 talem
624 4107 844 4177 possessionem
860 4104 927 4177 quin
947 4104 1106 4176 requiratur
1124 4104 1219 4173 opinio
1236 4103 1349 4175 domini,
1362 4120 1434 4175 quaa
1450 4104 1481 4158 in

298 4229 457 4284 possessore
469 4229 504 4269 ex
523 4214 645 4268 seeundo
666 4212 766 4266 iudicis
777 4212 891 4266 decreto
909 4210 1058 4281 praecipue
1070 4208 1099 4264 in
1118 4210 1271 4264 actionibus
1279 4210 1483 4280 personatibus

296 4321 398 4378 haberi
417 4337 473 4375 non
493 4326 593 4391 potest
615 4319 804 4374 Nihilominus
819 4320 1006 4391 praescriptio
1025 4334 1098 4390 quae
1123 4320 1307 4389 subsequetur
1326 4317 1485 4387 possessio-

297 4444 363 4483 nem
381 4427 507 4482 habitam
526 4444 561 4482 ex
586 4428 708 4481 secundo
727 4426 840 4481 decreto
864 4425 920 4481 vim
939 4424 1025 4480 habet
1043 4425 1128 4480 etiam
1148 4424 1176 4478 in
1195 4428 1258 4495 foro
1284 4422 1485 4479 conscientiae
