3350 5117
293 295 334 359 14
779 308 981 359 raoonmuu

288 434 429 520 corpori,
447 432 597 499 cruribus
611 432 771 507 destituto,
788 452 847 497 seu
862 430 1017 522 facultate
1033 450 1068 495 se
1084 429 1247 504 movendi;
1264 448 1362 513 quum
1378 428 1472 515 leges

287 559 467 623 sortiantur
494 575 584 621 suam
612 555 844 628 executionem,
877 554 973 618 etiam
1000 553 1034 617 in
1061 551 1187 617 casibus
1216 550 1319 616 dubiis
1349 554 1383 615 et
1409 550 1472 616 liti·

289 680 397 765 giosis,
422 698 482 765 per
504 677 716 745 ministerium
742 677 909 761 potestatis
932 674 1101 739 iudicialis.

380 806 493 892 Leges,
511 824 699 891 processum
715 804 907 869 canonicum
922 801 1108 898 dirigentes,
1125 800 1242 886 partim
1259 800 1473 886 reperiuntur

292 924 325 991 in
341 946 479 1013 corpore
502 928 590 1000 iuris,
614 927 699 995 aliae
719 931 814 991 extra
829 929 1005 1011 vagantum
1022 923 1174 989 videlicet
1196 921 1473 1009 praescriptiones

291 1052 370 1117 iuris
394 1052 573 1125 novissimi;
598 1051 681 1115 aliae
704 1050 832 1117 demum
855 1047 1056 1114 hauriendae
1082 1054 1157 1113 sunt
1186 1046 1340 1111 acodice
1362 1047 1472 1132 legum

292 1194 509 1240 romanarum.
542 1176 680 1247 Etenim,
713 1176 859 1258 quamvis
891 1193 1033 1239 canones
1066 1172 1236 1237 admodum
1271 1170 1473 1257 perfecerint

293 1320 477 1385 processum
501 1299 697 1373 iudicialem3
721 1304 829 1363 umen
852 1299 1017 1382 propriam
1040 1294 1180 1361 indolem
1212 1296 1322 1367 secuti,
1347 1295 1472 1379 aliquas

293 1425 583 1509 praetermiserunt
613 1424 902 1508 praescriptiones,
927 1421 1056 1517 easdem
1079 1426 1262 1486 mutuantes
1283 1438 1304 1483 a
1325 1420 1397 1484 iure
1422 1439 1471 1483 ro

291 1570 405 1628 mano;
429 1552 520 1616 iuxta
543 1550 673 1616 celebre
702 1550 912 1636 principium,
937 1551 981 1614 ita
1010 1550 1217 1614 enunciatum
1247 1567 1268 1611 a
1295 1547 1395 1611 Lucio
1419 1546 1468 1611 Ill

292 1679 326 1741 in
356 1697 425 1762 cap.
453 1678 480 1753 l,
506 1677 556 1742 De
582 1695 658 1743 noo.
689 1694 782 1759 oper.
813 1676 964 1743 nunciat.
993 1676 1027 1740 X
1051 1674 1096 1761 (l)
1122 1675 1253 1739 (Sicut
1281 1675 1371 1759 tepcs
1399 1690 1472 1739 non

291 1801 524 1889 dectipnnntnr
546 1822 663 1869 samos
685 1820 832 1867 canones
856 1799 1000 1882 imitari·
1022 1800 1070 1865 itu
1094 1804 1126 1864 et
1146 1817 1327 1865 sacrorum
1342 1802 1472 1863 statuta

292 1942 463 1989 canonum
481 1922 681 2005 Principum
698 1918 988 1988 constitutionibus
1003 1919 1215 1985 adiuvantur
1231 1940 1261 1982 ».
1279 1918 1321 1983 Et
1343 1916 1469 1983 adverti

295 2047 390 2114 debet
412 2047 475 2112 hoc
497 2045 692 2111 seruandum
716 2066 797 2121 esse,
822 2047 882 2112 elsi
906 2047 954 2110 ius
978 2064 1145 2110 romanum
1172 2027 1307 2129 amplius
1330 2063 1396 2107 non
1419 2045 1465 2109 vi-

246 2212 247 2217 1
295 2174 386 2256 goat,
410 2190 473 2255 qua
503 2172 551 2234 ius
581 2169 676 2234 civile
707 2169 860 2249 civitatis,
888 2188 993 2252 neque
1023 2169 1071 2232 ius
1099 2169 1290 2231 canonicum
1320 2168 1459 2250 aliquam

291 2292 378 2358 illius
408 2293 694 2378 praescriptionem
731 2312 885 2377 expresse
919 2311 1009 2356 suam
1044 2291 1162 2355 lecerit
1195 2310 1252 2355 sen
1282 2290 1471 2357 canoniza-

293 2416 387 2481 ccrit.
411 2417 511 2501 Viget
533 2419 618 2481 enim
642 2436 742 2500 usque
759 2416 881 2503 regula,
899 2433 1039 2480 canones
1055 2415 1196 2501 suppleri
1220 2434 1241 2478 a
1262 2413 1389 2498 legibus
1413 2432 1470 2477 ro-

294 2539 396 2604 manis
419 2537 475 2623 (2).

305 2709 308 2716 .
383 2659 474 2735 Quod
497 2661 610 2724 maiori
635 2660 800 2746 diligentia
823 2660 961 2745 perspici
986 2658 1081 2725 debet
1104 2659 1177 2743 quia
1197 2658 1258 2723 hoc
1275 2657 1470 2743 principium
1574 2644 1578 2649 ’

293 2783 389 2849 hodie
419 2783 546 2851 videtur
576 2804 642 2850 non
665 2804 758 2870 posse
785 2784 941 2869 applicari
965 2785 1029 2848 iuri
1052 2803 1185 2848 romano
1215 2784 1248 2847 ln
1271 2783 1343 2848 aliis
1370 2785 1472 2847 mate·

294 2910 351 2973 riis
374 2930 453 2995 pure
476 2910 633 2991 civilibus,
657 2931 717 2996 pro
739 2911 819 2975 locis
846 2910 900 2975 ubi
931 2910 1015 2975 istud
1038 2910 1173 2995 amplius
1196 2930 1261 2974 non
1285 2910 1382 2995 viget.
1407 2910 1473 2976 Au·

384 3154 423 3224 (l)
442 3154 533 3209 Semel
550 3170 600 3224 pro
618 3170 726 3224 semper
744 3154 916 3209 advertimus
928 3172 979 3209 nos
998 3171 1047 3223 per
1065 3153 1138 3207 hane
1151 3154 1286 3209 Litteram
1302 3156 1332 3209 X
1350 3154 1473 3209 indicare

295 3258 454 3314 [lecrelales
473 3259 600 3329 Gregorii
615 3262 661 3330 lx,
682 3278 751 3333 quas
769 3262 889 3332 simplici
907 3260 961 3316 hoc
979 3262 1059 3330 signo
1071 3261 1273 3330 distinguemus
1292 3278 1310 3314 a
1323 3260 1407 3315 Sexto
1420 3260 1475 3313 Bo-

294 3365 441 3429 nilaciano‚
461 3383 477 3419 a
490 3351 673 3421 clementinis
686 3372 738 3421 etc.
754 3368 792 3423 De
805 3386 856 3421 usn
869 3367 952 3422 huius
965 3367 1077 3422 litterae
1091 3372 1121 3422 et
1132 3367 1165 3422 de
1179 3366 1243 3421 aliis
1255 3367 1336 3436 siglis
1350 3368 1385 3421 cf.
1399 3367 1476 3421 lilas-

293 3472 367 3539 chat,
387 3474 501 3546 Prolcp.
522 3476 565 3529 cit.
585 3478 602 3539 ἓ
622 3476 650 3529 6.

382 3579 423 3648 (2)
441 3580 541 3645 Quare,
554 3595 604 3649 pro
622 3580 702 3635 Statu
723 3581 871 3635 Pontificio
890 3581 1040 3650 Gregorius
1053 3581 1119 3636 xvi
1140 3580 1169 3634 in
1188 3597 1238 3634 suo
1257 3580 1364 3634 codice:
1378 3580 1473 3651 Repo·

293 3687 452 3757 polonicam
478 3687 635 3756 lepislotlvo
660 3690 864 3760 epiudiatario
884 3694 936 3743 etc.
956 3692 993 3753 §5
1012 3687 1066 3742 399
1084 3693 1113 3743 et
1134 3688 1351 3757 nonexpresse
1376 3686 1473 3743 debuit

293 3792 402 3849 edicere
425 3812 537 3848 normas
561 3794 600 3848 ibi
626 3792 715 3847 editas
738 3794 924 3848 observandas
948 3810 1010 3849 esse
1035 3794 1120 3847 etiam
1145 3794 1174 3846 in
1200 3793 1285 3846 coriis
1305 3790 1403 3847 eccles.
1422 3808 1473 3861 pro

293 3899 385 3953 causis
405 3897 541 3951 civilibus.
560 3897 653 3953 Aliter
673 3913 739 3953 vero
762 3899 816 3951 fuit
835 3902 971 3952 statutum
990 3897 1024 3951 de
1045 3897 1162 3967 legibus,
1181 3898 1248 3952 letis
1270 3912 1320 3966 pro
1347 3897 1475 3950 tribuna·

294 4002 367 4057 libus
386 4002 464 4057 laicis
483 4006 511 4057 in
530 4004 620 4057 causis
639 4003 841 4070 criminalibus,
861 4021 897 4058 ex
916 4004 1033 4058 Decreta
1052 4005 1111 4057 diei
1130 4005 1167 4057 15
1187 4006 1255 4059 Dee.
1275 4004 1363 4070 1834,
1382 4007 1401 4068 ἓ
1423 4004 1474 4069 163

293 4110 404 4165 editoe
424 4110 449 4164 S.
463 4110 549 4180 Cong.
569 4113 623 4166 En.
637 4118 667 4166 et
686 4112 744 4166 RR.
766 4112 966 4167 Verumtamen
983 4112 1076 4167 codex
1095 4113 1278 4182 gregorianus
1297 4112 1345 4182 qui
1366 4110 1407 4164 uti
1427 4110 1476 4163 lex

294 4216 391 4272 haberi
417 4234 471 4272 non
497 4223 587 4288 potest
606 4220 633 4272 in
654 4222 715 4273 iore
738 4219 941 4284 ecclesiastic03
960 4218 1070 4274 utiliter
1093 4236 1111 4273 a
1133 4218 1223 4274 iudice
1246 4218 1381 4272 incuriis
1403 4216 1475 4273 eccl.

294 4340 361 4391 prae
379 4324 467 4379 oculis
479 4324 598 4381 habetur
617 4326 657 4379 uti
671 4327 773 4397 renutu
785 4327 975 4397 prudentialis
987 4342 1036 4382 seu
1049 4342 1147 4381 norma
1166 4324 1200 4380 ad
1219 4325 1272 4379 rite
1286 4322 1473 4378 conficiendos

294 4446 444 4499 processus.
465 4430 523 4485 Hoc
542 4449 623 4486 serien
645 4431 702 4487 late
721 4433 825 4486 citatur
849 4432 978 4486 laudatus
1002 4432 1088 4487 codex
1113 4433 1142 4486 in
1167 4450 1251 4487 causa
1274 4433 1391 4487 Oritana
1415 4432 1475 4487 dici
