3350 5117
346 374 410 439 614
869 397 954 445 raas
979 398 1000 443 1.

344 538 449 586 sonae
472 541 528 585 seu
552 520 591 585 ob
615 521 744 605 aliquod
767 520 887 588 factum
917 520 1066 587 iudiciale
1095 528 1152 587 aut
1182 524 1443 605 exnaiudiciale,
1468 525 1529 588 ali-

346 642 471 725 quando
496 643 620 707 ratione
643 642 750 725 ipsius
773 663 907 709 causae.
927 680 966 689 —
992 645 1043 707 Ex
1064 645 1169 728 primo
1193 636 1299 729 capite
1325 646 1531 731 repelluntur

345 766 385 831 ab
408 766 597 851 appellando

437 892 467 975 l)
491 894 545 976 qui
568 892 774 977 appellationi
792 894 1044 967 renunciarunt;
1069 894 1102 958 in
1117 892 1273 959 ciuilibus
1288 895 1377 959 enim
1396 896 1531 977 quisque

346 1014 406 1079 iuri
431 1036 488 1078 suo
509 1016 703 1079 renunciare
720 1015 820 1093 ralel3
837 1036 907 1101 arg.
926 1034 1000 1099 cop.
1017 1016 1069 1080 20
1084 1014 1137 1081 De
1153 1019 1208 1100 off.
1225 1014 1333 1101 oeten.
1353 1017 1391 1080 X
1405 1019 1447 1096 (l,
1465 1016 1528 1099 aa).

345 1136 444 1202 Secus
467 1138 500 1201 in
524 1136 751 1209 criminalibus,
777 1142 810 1202 et
832 1138 865 1201 in
890 1136 1119 1223 spiritualibus,
1142 1140 1243 1203 veluti
1267 1141 1300 1203 in
1326 1141 1439 1204 causis
1461 1159 1527 1203 ma-
1624 1143 1626 1163 '

345 1257 588 1325 trimonialibus.
607 1262 734 1325 -Etsi
759 1262 995 1327 renunciationi
1018 1263 1194 1326 accesserit
1211 1264 1445 1332 iuramentum,
1462 1264 1528 1326 sire

344 1388 569 1452 renunciatum
586 1388 627 1452 sit
642 1394 716 1451 aute
733 1388 937 1459 sententiam,
951 1387 1019 1451 sive
1035 1393 1107 1473 post
1121 1389 1190 1452 eius
1205 1390 1527 1473 pronunciationem:

345 1507 426 1572 idem
444 1508 522 1571 iuris
537 1514 595 1580 est,
613 1508 703 1574 iuxta
719 1507 804 1572 dicta
821 1530 852 1571 n.
871 1508 948 1587 266,
965 1508 1007 1572 cf.
1025 1508 1319 1592 Schmalzgrueber
1335 1510 1368 1573 b.
1387 1516 1410 1574 t.
1427 1529 1464 1573 a.
1477 1508 1527 1572 13.

432 1632 465 1718 2)
492 1632 712 1697 Prolribenlur
736 1644 943 1697 contumaces
967 1652 1024 1696 seu
1042 1651 1121 1697 vere
1140 1636 1352 1696 contumaces
1366 1634 1434 1715 qui,
1452 1652 1527 1696 con·

344 1759 472 1843 templis
495 1757 597 1823 tribus
619 1756 731 1822 edictis
755 1766 810 1821 aut
838 1778 902 1821 uno
926 1760 1153 1842 peremptorio,
1177 1759 1264 1842 passi
1292 1764 1372 1822 sunt
1396 1778 1524 1823 causam

343 1879 375 1941 in
393 1898 503 1943 eorum
520 1876 663 1943 absentia
679 1874 824 1953 definiri;
843 1898 885 1941 ex
901 1876 1034 1941 decreto
1051 1878 1148 1942 Clam.
1163 1878 1258 1958 VIII,
1276 1878 1318 1941 16
1336 1878 1414 1944 Oct.
1432 1879 1522 1955 1666,

341 1974 430 2084 §nl
449 2004 583 2086 iuquam
606 2022 684 2067 vere
699 2008 926 2082 contumaces,
940 2021 1024 2065 nam
1047 2021 1112 2065 nou
1136 2007 1231 2087 urget
1254 2002 1320 2066 hoc
1344 2001 1520 2077 decretum,
1624 2027 1625 2030 ¹

224 2211 225 2220 ἵ
341 2130 368 2193 si
392 2130 462 2213 quis
486 2150 545 2214 per
567 2148 713 2193 errorem
738 2136 913 2195 contumax
938 2127 1066 2194 habitus
1088 2128 1168 2203 fuit;

431 2253 463 2337 3)
488 2256 525 2319 ln
549 2274 575 2319 0.
601 2274 628 2319 c.
652 2254 703 2319 23
726 2259 757 2319 et
779 2252 838 2328 la,
864 2254 895 2318 b.
920 2255 984 2318 tsi
1009 2274 1092 2319 unus
1107 2274 1149 2318 ex
1165 2252 1370 2338 litigantibus
1393 2274 1458 2317 non
1474 2252 1520 2315 de·

340 2376 407 2443 fert
429 2379 636 2465 appellationi
658 2378 697 2443 ab
731 2378 794 2442 alio
826 2383 1003 2463 promotae,
1027 2398 1084 2443 seu
1113 2378 1332 2463 appellatione
1363 2378 1520 2463 pendente

340 2502 460 2589 aliquid
482 2505 614 2570 innovat
637 2506 669 2568 in
695 2525 730 2569 re
754 2504 904 2589 litigiosa,
922 2504 976 2567 ille
997 2510 1107 2587 postea
1121 2502 1300 2589 appellans,
1318 2504 1351 2567 in
1372 2522 1518 2586 poenam

340 2648 406 2694 non
425 2628 563 2693 auditur.
582 2628 643 2694 Sed
667 2628 763 2693 hodie
786 2628 967 2693 huiusmodi
985 2647 1100 2710 poena
1115 2628 1242 2692 facilius
1258 2636 1309 2693 est
1334 2629 1516 2693 relaxanda

340 2755 392 2819 vel
416 2757 449 2818 in
472 2756 569 2820 aliam
592 2754 825 2820 commutanda.

430 2878 462 2961 4)
487 2876 685 2942 Prohibetur
708 2878 762 2961 qui
785 2879 817 2941 in
843 2875 955 2941 eadem
978 2897 1076 2942 causa
1098 2877 1138 2942 de
1164 2876 1277 2941 eodem
1302 2877 1370 2941 litis
1398 2878 1515 2941 obiecto

339 3008 407 3069 tres
431 3003 541 3067 retulit
565 3003 747 3067 conformes
779 3003 963 3066 contrarias
993 3003 1178 3082 sententias,
1202 3021 1245 3065 ex
1276 3022 1352 3084 cup.
1379 3000 1437 3072 39.
1461 3003 1514 3075 65,

340 3130 371 3194 n.
397 3134 418 3194 t.
442 3130 483 3209 X,
507 3134 538 3194 et
565 3126 667 3194 Clem.
693 3129 719 3202 1,
744 3128 794 3193 De
817 3132 900 3194 sent.
917 3133 950 3192 et
971 3148 1010 3192 re
1031 3127 1102 3191 incl.
1120 3126 1175 3211 (ΙΙ,
1196 3127 1259 3212 ll).
1286 3130 1445 3194 Nimirum
1464 3130 1511 3213 qui

339 3256 470 3337 praeter
493 3252 682 3316 sententiam
714 3252 836 3335 primae
868 3249 1039 3316 instantiae
1069 3250 1149 3315 alias
1179 3249 1259 3315 duas
1290 3260 1447 3336 expertus
1469 3257 1511 3314 est

339 3374 520 3439 contrarias
544 3374 728 3452 sententiae,
754 3372 806 3437 vel
830 3378 898 3438 tres
922 3374 1097 3437 sententias
1119 3374 1152 3437 in
1180 3372 1336 3458 gradibus
1368 3374 1510 3459 appella·
1624 3387 1626 3396 ²

338 3502 434 3565 tionis
456 3499 568 3564 habuit
590 3497 753 3569 adversas,
771 3498 824 3562 hic
848 3496 889 3562 ab
909 3497 1100 3583 appellando
1116 3499 1253 3563 ulterius
1268 3497 1470 3583 prohibetur.

428 3624 503 3689 633.
530 3622 727 3687 Prohibetur
749 3622 922 3707 appellatio
945 3624 1071 3686 ratione
1095 3640 1277 3703 cansarum,

429 3745 460 3833 1)
486 3747 518 3809 in
542 3742 778 3829 quaestionibus
801 3739 1025 3815 incidentibus,
1042 3743 1102 3807 nisi
1121 3762 1234 3807 earnm
1255 3744 1436 3809 sententiae
1450 3742 1508 3806 iim
1624 3725 1626 3812 ff

338 3869 521 3936 definitivae
544 3870 693 3943 habeant,
711 3874 767 3934 aut
789 3889 968 3954 gravamen
986 3866 1125 3935 afferant
1140 3888 1200 3956 per
1215 3868 1414 3935 definit-iram
1436 3840 1509 3934 irre

337 3998 499 4084 parabilo;
525 3999 643 4063 utiam
671 3998 886 4082 exposuimus,
911 4016 954 4062 ex
977 3996 1097 4063 decret.
1122 3998 1220 4064 Conc.
1245 4000 1335 4065 Trid.
1358 4020 1437 4067 sess.
1459 3997 1507 4075 13,

337 4146 410 4209 cop.
437 4127 462 4207 1,
487 4130 520 4191 et
540 4144 618 4191 sess.
641 4124 930 4208 20‚eap.201)e
952 4123 1182 4211 refi(1).Hoc
1204 4130 1400 4215 principium
1414 4133 1503 4196 etiam

426 4304 465 4373 (l)
485 4301 578 4363 Quoad
598 4318 695 4353 causas
708 4300 928 4369 appellationum
941 4302 1021 4356 iurat
1033 4320 1099 4373 prae
1111 4302 1202 4357 oculis
1214 4304 1319 4361 habere
1331 4305 1383 4361 has
1400 4322 1504 4376 respon·

336 4413 428 4465 sionos
446 4429 493 4465 sen
514 4407 716 4463 declarationes
741 4406 766 4460 S.
786 4406 872 4477 Cong.
898 4407 1016 4462 Concilii
1042 4408 1120 4462 datas
1145 4413 1194 4465 uie
1219 4414 1260 4465 15
1283 4414 1354 4467 Maii
1372 4415 1506 4466 1500.-

337 4516 493 4585 «Episcopi
514 4518 542 4569 et
561 4514 772 4583 Metropolitani
791 4516 871 4583 regni
890 4513 1034 4569 Sardiniae
1053 4514 1208 4586 supplicem
1230 4523 1412 4589 porrexerunt
1428 4516 1503 4573 libel-
