3350 5117
531 351 574 399 un
599 350 737 399 luulcus
761 348 1025 399 nccnasmsrrois
1300 328 1365 396 437

277 478 311 562 2)
335 476 513 543 Praeterea
536 478 747 563 excipiendus
771 485 820 544 est
842 480 924 544 alius
947 498 1050 549 casus.
1074 480 1128 562 qui
1151 476 1289 542 admittit
1311 497 1364 541 ex-

187 605 367 689 ceptionem
384 604 564 668 dilatoriam
581 604 675 668 etiam
689 608 760 687 post
774 604 863 668 litem
875 605 1056 687 incoeptam
1072 622 1130 667 seu
1142 606 1363 675 contestatam

187 736 221 793 et
243 730 306 794 hoc
329 728 374 802 fit,
391 731 514 814 quoties
537 729 658 794 factum
675 729 875 815 exceptionis
898 731 1061 810 motivum,
1078 733 1191 814 utputa
1214 728 1297 793 ratio
1317 746 1365 793 su-

188 854 349 938 spicionis,
373 854 520 917 exoritur
543 853 599 916 lite
623 852 685 915 iam
715 852 873 938 incoepta
897 858 953 916 aut
975 850 1058 916 idem
1090 850 1221 923 sactum.
1245 850 1365 934 absque

189 977 283 1062 culpa
295 978 353 1047 rei,
367 976 408 1041 ad
423 976 519 1042 huius
531 978 674 1041 notitiam
689 976 837 1061 pervenit
849 981 972 1041 tantum
988 982 1058 1061 post
1072 976 1161 1042 litem
1173 978 1363 1060 incoeptam.

278 1100 352 1164 414.
378 1101 596 1185 Exceptiones
618 1120 698 1165 vero
721 1102 968 1186 peremptoriae,
985 1100 1010 1165 si
1035 1120 1078 1165 ex
1101 1100 1165 1165 illis
1185 1104 1260 1164 sunt
1283 1118 1365 1183 quae
1460 1184 1465 1192 Ι

188 1224 339 1290 dicuutur
355 1226 422 1291 litis
436 1226 561 1311 linitae,
575 1230 687 1309 utputa
699 1227 847 1309 exceptio
860 1224 1109 1299 transactionis,
1118 1225 1171 1290 rei
1184 1223 1364 1297 iudicatae,

189 1352 305 1435 quippe
327 1351 410 1415 haec
426 1350 590 1434 negotium
614 1351 675 1413 iam
700 1348 916 1422 absolverunt,
933 1348 1143 1435 opponendae
1162 1355 1237 1415 suut
1258 1350 1364 1415 statim

189 1474 247 1539 sub
279 1476 369 1539 initio
400 1476 642 1540 controversiae
664 1472 704 1538 ad
728 1473 964 1559 impediendum
987 1494 1196 1560 progressum
1222 1475 1297 1539 litis.
1321 1510 1365 1521 —

190 1600 299 1673 Quare
330 1601 400 1683 quis
422 1598 556 1664 deberet
586 1598 713 1663 solvere
737 1619 898 1684 expensas
921 1598 1039 1680 iudicii,
1064 1602 1090 1664 si
1114 1619 1227 1685 passus
1249 1605 1299 1665 est
1321 1601 1366 1663 iu·

188 1724 315 1791 troduci
330 1725 430 1805 litem,
448 1726 524 1810 quin
540 1725 718 1790 huiusmodi
736 1727 921 1810 opposuerit
936 1727 1143 1811 exceptiones
1166 1726 1231 1789 litis
1246 1721 1364 1803 finitae,

189 1848 317 1914 easdem
331 1848 486 1913 obiiciens
500 1852 624 1913 tantum
637 1854 711 1913 ante
727 1848 919 1914 senteutiam
933 1846 1137 1913 definitivam.
1150 1884 1195 1894 —
1207 1847 1300 1913 Aliae
1312 1868 1365 1911 ex·

190 1975 354 2060 captiones
376 1974 621 2058 peremptoriae,
639 1990 721 2056 quae
744 1979 819 2037 sunt
837 1973 962 2057 species
985 1974 1138 2059 simplicis
1160 1948 1365 2053 defensionis,

189 2099 305 2181 quippe
321 2101 467 2181 spectant
482 2095 523 2159 ed
539 2093 763 2161 infirmandam
780 2098 900 2162 actoris
912 2098 1080 2169 actionem,
1095 2096 1205 2181 quales
1220 2102 1296 2161 suut
1311 2114 1365 2160 ex-

160 2219 163 2227 '
189 2224 294 2309 ceptio
316 2228 430 2295 metus,
455 2222 529 2303 doli,
554 2224 687 2302 erroris,
712 2224 985 2307 praescriptionis,
1009 2222 1126 2307 opponi
1148 2220 1267 2286 debent
1295 2227 1366 2306 post

189 2346 278 2411 litem
294 2350 506 2411 contestatam
530 2346 562 2409 in
580 2344 711 2429 periodo
735 2365 799 2429 qua
817 2345 1023 2430 probationes
1039 2344 1254 2429 explicantur.
1271 2380 1314 2393 -
1330 2343 1363 2410 Si

189 2474 256 2533 tum
280 2488 363 2533 unae
386 2474 453 2533 tum
475 2469 558 2533 aliae
582 2475 727 2555 ternpore
751 2470 820 2534 utili
844 2489 908 2536 uon
932 2475 1136 2556 opponantur
1151 2475 1184 2533 et
1206 2470 1366 2535 sententia

190 2596 386 2681 proferatur,
411 2616 474 2661 non
498 2603 647 2681 superest
666 2600 725 2663 uisi
751 2618 926 2663 recurrere
948 2597 988 2663 ad
1005 2597 1142 2664 medium
1167 2597 1364 2663 ordinarium

189 2722 414 2807 appellationis
437 2727 493 2787 aut
520 2723 814 2789 extraordinarium
835 2724 1046 2789 restitutionis
1070 2725 1102 2787 in
1125 2725 1305 2807 integrum:
1323 2722 1366 2787 cf.

189 2867 216 2912 c.
234 2866 261 2911 c.
286 2846 318 2919 6,
343 2844 396 2910 De
411 2853 540 2930 accept.
566 2847 606 2921 X,
631 2852 664 2913 et
687 2849 713 2921 1,
735 2848 768 2920 2,
794 2846 848 2912 De
871 2846 917 2912 tit.
942 2853 1063 2913 centes.
1087 2847 1124 2911 in
1149 2847 1172 2911 6
1195 2844 1251 2931 (ΙΙ,
1276 2843 1309 2927 3)
1333 2852 1368 2908 et

190 2970 489 3055 Schmalzgrueber,
515 2971 568 3036 De
590 2977 720 3055 occepi.
745 2992 778 3036 n.
802 2970 855 3037 23
876 2990 944 3056 seq.
