3350 5117
304 324 368 391 122
824 341 909 391 rues
933 340 955 387 1.

300 465 416 551 quippe
445 462 507 529 fuit
536 463 668 547 antiqua
684 462 790 541 ¹SedIs
820 461 1028 547 Apostolicae
1057 462 1210 549 provisio,
1235 468 1270 529 ut
1296 460 1479 529 huiusmodi

300 606 471 653 causarum
494 586 733 673 recognitiones
755 584 879 651 duobus
900 605 997 671 quam
1018 587 1085 668 uni,
1109 584 1212 651 tribus
1234 605 1332 672 qnam
1355 584 1479 651 dnobus

297 710 449 778 libentius
479 710 654 797 delegaret,
685 722 757 777 cnm
781 710 878 798 (sient
909 728 1050 775 canones
1080 707 1287 795 attestentur)
1313 710 1477 795 integrum

298 836 339 899 sii
350 834 501 901 indicium
514 834 598 921 qnod
614 833 827 921 plurimorum
843 833 1013 899 sententiis
1025 831 1277 902 confirmatur».
1294 870 1338 884 -
1352 832 1478 899 Plures

298 976 377 1024 vero
401 958 541 1046 delegati
564 958 685 1024 iudices
709 959 950 1025 constituuntur
973 958 1031 1025 snb
1055 958 1193 1025 diversis
1224 958 1388 1025 clausulis.
1411 960 1478 1029 Vel

299 1083 383 1147 enim
412 1102 451 1148 ee
481 1081 555 1169 lege
585 1084 836 1156 constituuntur,
866 1088 946 1149 «ut
967 1102 1084 1150 omnes
1107 1090 1169 1149 aut
1196 1083 1265 1150 duo
1296 1088 1356 1149 aut
1384 1102 1481 1149 unus

297 1206 643 1281 curcumdederunt
659 1206 894 1291 Apostolicum
910 1212 1126 1292 eeequanrur
1143 1230 1174 1285 ›,
1186 1213 1219 1273 ei
1233 1212 1312 1273 tunc
1326 1206 1479 1273 dinuntur

297 1332 462 1397 constituti
485 1330 522 1397 iu
545 1332 702 1398 solidum.
730 1332 787 1397 Vel
813 1332 1054 1396 constituuntur
1076 1330 1276 1415 simpliciter
1302 1350 1360 1396 seu
1382 1333 1478 1399 colle·

296 1456 440 1542 piotiten
466 1474 505 1520 eu
527 1474 642 1539 nempe
665 1454 739 1540 lege
761 1458 797 1519 nt
820 1472 932 1518 omnes
949 1454 1145 1519 convenient
1166 1452 1208 1518 ad
1231 1454 1396 1539 negotium
1418 1472 1478 1518 ex-

295 1578 496 1666 pediendum.
514 1581 574 1645 Aet
589 1580 672 1645 haec
693 1580 844 1663 simplex
859 1578 1020 1664 delegatio
1036 1577 1195 1665 duplicem
1215 1576 1314 1644 habet
1335 1578 1476 1655 modum;

295 1702 348 1768 vel
372 1704 457 1767 enirn
477 1702 624 1775 edicitur,
644 1721 661 1764 ‹
678 1706 718 1769 ut
739 1702 769 1768 si
792 1720 909 1769 omnes
930 1702 1091 1767 iuteresse
1114 1701 1338 1786 nequiverint,
1350 1698 1479 1785 reliqui

295 1828 499 1895 mandatum
529 1832 790 1913 coequaretur»,
812 1826 866 1892 vel
897 1832 1033 1892 cavetur
1058 1836 1211 1892 «omnes
1232 1823 1392 1891 interesse
1415 1823 1477 1890 de-

295 1947 372 2014 bere
395 1954 428 2015 et
449 1948 612 2036 stupidos,
635 1954 672 2014 ut
703 1947 870 2014 sententia
894 1948 1011 2013 oalecu
1030 1968 1062 2019 ›‚
1087 1946 1129 2013 cl.
1154 1967 1181 2014 c.
1207 1965 1235 2013 c.
1258 1944 1310 2022 16,
1333 1945 1388 2025 21,
1409 1943 1464 2009 22

294 2072 346 2140 23
369 2074 415 2139 u't.
440 2074 489 2141 De
512 2076 566 2159 off.
590 2075 660 2141 iud.
685 2074 790 2161 dclep.
814 2074 850 2138 X
870 2072 1001 2160 (ΙΙ-29).

382 2200 436 2267 95.
460 2201 590 2285 Aliquid
613 2200 970 2286 dicamus-de'singulo
994 2221 1072 2267 cusu
1096 2200 1152 2286 (l).
1169 2236 1214 2251 -
1229 2201 1475 2267 Constituuntur

294 2323 331 2387 in
346 2323 502 2397 solidum,
521 2322 647 2408 quando
669 2323 827 2409 delegatis
850 2328 991 2409 potestas
1014 2324 1213 2407 conceditur,
1229 2326 1275 2391 ite
1295 2330 1334 2392 ut
1355 2342 1474 2391 omues

294 2451 350 2511 aut
372 2446 439 2512 duo
464 2465 583 2513 eorum
605 2452 661 2512 aut
687 2466 778 2513 unius
808 2446 964 2533 procedat
988 2452 1045 2512 aut
1066 2447 1131 2511 alie
1153 2445 1321 2513 consimili
1344 2444 1473 2528 somno.

294 2569 409 2635 Modus
432 2568 626 2655 procedendi
650 2570 738 2634 itae
761 2568 867 2634 Bouli.
893 2568 977 2635 VIII
1002 2569 1187 2654 explicatur
1218 2570 1252 2632 in
1275 2588 1350 2652 cap.
1378 2568 1403 2634 8
1423 2567 1479 2633 De

294 2696 349 2779 off.
372 2694 442 2761 iud.
466 2696 572 2781 delep.
589 2694 626 2759 in
649 2695 673 2759 6
695 2691 802 2779 (1-14);
831 2715 850 2757 u
867 2744 918 2759 .....
935 2693 1092 2778 ipsorum
1115 2694 1255 2780 quilibet
1285 2695 1477 2761 iniunctum

288 2826 399 2905 potest
421 2822 525 2889 tibere
547 2822 737 2905 adimplere
759 2821 974 2887 mandalum.
999 2820 1113 2887 Porro
1136 2839 1206 2887 uno
1232 2839 1351 2887 eorum
1372 2838 1478 2905 nepo·

294 2947 377 3011 tium
400 2946 580 3013 inchoante
604 2944 831 3020 commissum,
849 2945 911 3010 ulii
933 2943 1125 3030 requirunt
1147 2963 1182 3010 se
1204 2942 1347 3010 ulterius
1369 2943 1474 3010 intro·

293 3068 424 3136 mittere
446 3070 488 3135 de
511 3068 639 3162 eodem,
663 3067 731 3134 ruisi
760 3070 813 3135 oet
835 3067 1035 3154 infirmitate
1063 3068 1116 3134 oei
1147 3067 1218 3133 ulio
1247 3065 1335 3133 iustu
1366 3048 1485 3133 causo

293 3195 391 3261 illum
413 3194 621 3281 coutioperet
643 3192 824 3276 impediri:
848 3197 909 3259 aut
929 3194 960 3259 si
981 3193 1094 3275 nollet,
1110 3194 1163 3259 oet
1181 3192 1347 3258 meldinse
1368 3191 1406 3257 in
1428 3210 1468 3259 eo

288 3318 477 3400 procedere
498 3302 673 3383 recurreret
688 3336 719 3382 ›.
743 3316 836 3383 Unde
859 3336 971 3381 omnes
986 3318 1041 3382 vel
1062 3318 1174 3402 plures
1196 3335 1239 3383 ex
1261 3315 1419 3400 delegatis
1442 3317 1470 3379 si
1518 3376 1521 3380 .

292 3441 447 3526 incipiant
469 3460 598 3506 cansam
614 3438 736 3522 videre,
753 3460 837 3506 unus
859 3446 985 3506 tantum
1007 3460 1080 3507 eam
1102 3442 1252 3527 prosequi
1268 3440 1320 3505 vel
1336 3437 1476 3505 definire

291 3588 356 3633 non
384 3568 480 3634 valet
506 3566 539 3634 Si
567 3587 650 3632 unus
680 3587 760 3632 vero
791 3568 862 3633 sine
891 3569 1030 3634 caeteris
1060 3570 1225 3654 negotium
1256 3582 1474 3651 praeoccupa·

382 3797 420 3867 (l)
441 3796 534 3851 Etiam
553 3796 614 3850 inre
639 3796 715 3850 civili
736 3796 924 3850 Romanorum
950 3796 1107 3864 huiusmodi
1132 3794 1322 3863 delegationes
1347 3794 1475 3863 pluribus
1540 3828 1544 3835 ›

291 3902 352 3958 fieri
371 3903 590 3969 concedebatur3
610 3919 668 3972 urg.
689 3904 708 3957 l.
731 3905 749 3958 l.
773 3904 824 3971 76,
844 3906 874 3976 ff.
893 3906 929 3959 de
947 3906 1032 3959 iudic.
1052 3907 1089 3969 §g
1108 3905 1138 3971 2,
1158 3906 1181 3957 5
1199 3912 1226 3957 et
1244 3902 1291 3968 18,
1314 3904 1343 3973 ffl
1363 3902 1406 3956 De
1423 3920 1474 3957 re·

292 4016 376 4078 σφω
395 4018 422 4063 et
441 4006 486 4060 56
503 4022 562 4077 seq.
582 4008 611 4079 ffi
632 4006 675 4063 De
692 4024 725 4062 re
744 4008 801 4061 iud.
820 4034 859 4049 -
877 4006 1029 4063 Praeterea
1047 4007 1108 4062 iure
1127 4006 1226 4062 eccles
1247 4006 1276 4059 In
1298 4021 1329 4059 re
1347 4004 1473 4059 iudiciali

291 4108 401 4180 quondo
425 4110 569 4164 dubitatur
586 4128 623 4165 sn
642 4110 782 4181 delegatio
807 4112 883 4165 fectu
904 4111 943 4164 sit
961 4110 1087 4181 pluribus
1110 4110 1140 4164 iu
1164 4110 1286 4165 solidum
1307 4126 1344 4163 uu
1361 4111 1475 4180 simpli-

291 4222 368 4286 citer,
387 4220 573 4290 praesumItur
591 4222 758 4291 simpliciter
782 4222 886 4275 lectam
911 4221 1007 4287 fuisse,
1023 4225 1055 4275 ut
1073 4220 1179 4276 iudices
1197 4222 1388 4291 collepr'aliter
1406 4238 1473 4290 pro·

292 4324 399 4380 cedunt.
412 4354 447 4366 -
462 4326 620 4397 Collepium
633 4340 698 4380 vero
711 4316 833 4379 iudicurn
848 4326 1032 4392 ordinarium,
1045 4322 1164 4382 hebetur
1176 4325 1207 4380 In
1219 4324 1265 4380 SS.
1278 4324 1364 4395 Cong.
1379 4324 1473 4393 Rom„

292 4426 385 4499 prouti
403 4426 524 4483 hebetur
542 4427 571 4481 in
590 4426 616 4481 S.
637 4426 711 4482 Rota
731 4426 764 4481 R.
