3350 5117
791 557 904 623 cnm
928 557 989 620 lll.

604 749 649 803 DE
669 749 961 804 EXCEPTlONlBUS
981 750 1017 804 lN
1036 749 1169 804 spectu.

435 894 484 934 Huc
498 891 590 935 referet.
605 893 642 936 tit.
656 891 692 944 25,
707 893 738 945 Χ,
754 893 801 935 Lib.
817 891 857 945 113
872 895 908 936 tit.
926 893 950 934 12
963 894 986 935 in
1001 893 1022 946 o,
1038 893 1078 946 ll;
1093 895 1115 935 in
1131 893 1201 936 clem.
1217 893 1252 935 tit.
1268 895 1289 946 9,
1304 893 1335 936 11.

301 1108 516 1167 summarium.
529 1139 562 1152 -
576 1113 636 1165 282„
657 1111 701 1165 lue
714 1113 871 1181 positivum,
881 1112 1035 1166 concedens
1053 1113 1086 1166 de
1105 1113 1199 1182 alique
1218 1129 1248 1166 re
1266 1113 1411 1176 actionem,
1426 1111 1476 1163 im·

389 1222 484 1291 plicita
504 1223 629 1278 concedit
649 1223 732 1277 etiam
748 1227 946 1294 exceptionem.
961 1251 995 1263 -
1008 1221 1067 1275 283.
1082 1222 1187 1277 Tamen
1205 1241 1277 1293 quae
1295 1236 1476 1294 temporaneo

315 1341 317 1345 ·
389 1339 452 1383 sunt
477 1330 514 1382 ad
538 1333 688 1399 coendum,
704 1339 843 1400 perpetuo
861 1331 932 1399 fiunt
956 1332 994 1383 ud
1018 1332 1222 1400 excipiendum.
1242 1329 1405 1399 Explicatur
1423 1329 1477 1382 hoc

389 1436 564 1505 principium.
578 1463 611 1476 -
625 1435 685 1490 28⁴.
708 1435 811 1490 Rerum
829 1435 874 1491 vel
894 1437 1034 1490 actionum
1054 1438 1244 1507 praescriptio,
1263 1445 1313 1490 eut
1330 1437 1478 1490 instantia-

390 1560 450 1598 rum
470 1545 623 1614 peremptio
641 1545 790 1615 opponitur
809 1545 837 1598 in
857 1545 967 1599 indiciis
984 1547 1035 1599 sub
1054 1547 1143 1600 forma
1162 1546 1343 1616 exceptionis.
1362 1543 1402 1597 De
1415 1541 1479 1596 istis

389 1654 483 1723 agitur
502 1654 530 1707 in
549 1653 649 1724 specie.

389 1865 464 1951 2'82.
483 1886 622 1952 Intentio
646 1885 788 1952 actionis
811 1905 829 1949 e
853 1885 1010 1951 diametro
1034 1887 1204 1970 opponitur
1229 1842 1396 1952 intentioni
1420 1905 1477 1948 ex-

301 2013 466 2096 ceptionis,
482 2013 557 2096 quie
580 2013 714 2078 actionis
732 2017 780 2077 est
796 2011 915 2095 aliquid
938 2017 1064 2096 petere;
1089 2014 1289 2098 exceptionis
1305 2019 1354 2078 est
1370 2011 1480 2076 exclu-

301 2134 379 2198 dere
411 2135 595 2219 petitionem
627 2135 755 2200 actoris.
788 2134 1002 2200 Nihilominus
1025 2137 1075 2200 ius
1097 2136 1275 2220 positivum,
1296 2134 1480 2200 concedens

303 2264 349 2328 ius
374 2262 489 2348 agendi
513 2261 553 2326 de
576 2262 684 2345 alique
706 2282 753 2340 re,
778 2263 841 2327 iarn
872 2262 1076 2347 intelligitur,
1100 2281 1201 2345 aeque
1226 2260 1407 2326 concedere
1428 2261 1480 2322 ius

302 2381 493 2468 excipiendi.
511 2381 639 2446 Exinde
656 2382 713 2454 illi,
736 2383 787 2446 eui
803 2383 955 2467 competit
970 2400 1070 2466 agere
1085 2382 1127 2446 de
1142 2381 1296 2446 nullitate
1311 2385 1479 2453 actorum,

303 2528 366 2572 non
392 2509 495 2572 minus
518 2509 670 2592 competit
693 2508 851 2591 ecccipere
875 2506 914 2571 de
937 2507 1083 2572 nullitate
1106 2512 1262 2579 actorum,
1286 2506 1313 2571 si
1336 2505 1418 2570 alius
1434 2507 1480 2566 in-

302 2637 365 2696 stet
389 2631 428 2696 ad
453 2630 512 2696 sibi
529 2650 582 2696 res
607 2632 659 2696 vel
683 2633 754 2696 iura
770 2630 945 2716 repetenda
961 2652 1043 2717 quae
1067 2651 1181 2717 reapse
1203 2629 1399 2717 praestanda
1413 2649 1480 2693 nun

302 2764 385 2838 sunt,
400 2760 483 2842 quie,
508 2762 630 2842 utpute,
657 2759 784 2823 relativi
808 2764 993 2824 contractus
1017 2759 1097 2823 nulli
1121 2763 1204 2824 sunt.
1231 2758 1309 2824 Inde
1333 2778 1351 2822 e
1374 2758 1481 2822 latere

302 2884 443 2952 actionis
456 2884 534 2964 doli,
545 2890 662 2958 metus,
677 2888 824 2950 exoritur
841 2885 920 2957 doli,
933 2891 1051 2963 metus,
1064 2884 1227 2966 ecceptio.
1243 2885 1308 2949 Per
1320 2885 1480 2948 actionem

302 3009 375 3082 doli,
401 3016 513 3082 metue,
530 3013 602 3097 quis
625 3012 764 3095 postulat
791 3018 826 3075 ut
850 3017 939 3075 actus
957 3009 1159 3076 rescindatur
1179 3011 1258 3074 vitio
1277 3009 1352 3089 doli,
1376 3014 1482 3073 metus

303 3134 450 3209 iniectus
469 3155 529 3219 per
546 3136 766 3220 exceptionem
791 3135 866 3205 doli.
883 3142 996 3214 metus,
1018 3134 1147 3219 repellit
1170 3154 1245 3198 reus
1270 3134 1481 3200 intentionem

303 3258 421 3322 actoris
437 3260 619 3343 expetentis
643 3264 770 3323 actuum
786 3259 1021 3327 executionem,
1035 3259 1087 3340 qui
1101 3257 1294 3322 auctoritate
1306 3255 1388 3341 legis
1400 3253 1481 3319 fiunt

304 3361 485 3446 inefficaces
502 3382 541 3446 ob
558 3384 670 3448 vitium
694 3382 759 3447 doli
776 3388 832 3448 aut
853 3387 967 3447 metus.
994 3385 1074 3449 Item
1090 3382 1249 3448 restitut-io
1264 3383 1296 3445 in
1317 3383 1481 3464 integrum

303 3510 407 3590 potest
429 3507 604 3570 instaurari
634 3509 763 3571 nomine
787 3507 922 3572 actionis
956 3505 1188 3591 expostulando
1211 3525 1231 3569 a
1253 3505 1359 3570 iudice
1381 3524 1481 3590 appo·

303 3628 353 3694 siti
377 3633 468 3694 actus
493 3629 718 3694 rescissionem
735 3633 767 3692 et
790 3629 822 3692 in
846 3628 1017 3713 pristinum
1041 3629 1293 3701 restitutionem
1318 3627 1372 3691 vel
1387 3646 1484 3712 oppo

303 3753 390 3817 nitur
412 3754 443 3816 vi
474 3755 672 3838 exceptionis
695 3751 852 3818 adversus
868 3754 967 3833 illurn,
981 3753 1072 3818 cuius
1095 3757 1187 3819 actus
1211 3751 1406 3817 rescinditur
1421 3772 1483 3835 per

303 3877 483 3943 huiusmodi
508 3879 802 3945 extraordinarium
820 3877 1005 3942 remedium.
1024 3877 1071 3944 cf.
1090 3879 1239 3963 Pirhing‚
1260 3879 1310 3943 De
1324 3877 1363 3941 in
1377 3876 1482 3963 intep.

302 4007 390 4076 rest,
417 4023 451 4067 u.
478 4003 535 4069 69.

392 4127 517 4192 Verum
545 4128 720 4193 nonnullae
752 4129 959 4213 exceptiones
983 4147 1047 4193 non
1078 4128 1273 4212 proveniunt
1295 4147 1316 4190 a
1340 4128 1481 4192 relativa

302 4255 439 4336 actione,
453 4256 508 4320 sed
525 4275 680 4340 expresse
696 4277 715 4319 a
740 4258 809 4320 iure
826 4255 1058 4320 conceduntur.
1073 4255 1183 4322 Veluti
1200 4255 1352 4337 exceptio
1369 4256 1482 4337 spolii,

302 4379 429 4445 obiecta
451 4381 616 4466 spoliatori
633 4382 742 4468 agenti
766 4383 799 4445 in
824 4382 982 4465 petitorio,
1001 4379 1179 4466 repetenda
1195 4387 1243 4447 eet
1265 4381 1307 4447 ab
1324 4401 1484 4466 expressa
