3350 5117
326 276 392 339 410
849 292 933 339 rsus
956 291 980 339 1.

323 434 406 497 pene
429 414 551 479 nullam
575 432 617 479 ex
644 413 707 479 hoc
738 415 918 479 iuramento
941 413 1067 478 retrahi
1094 413 1276 487 utilitatem,
1300 418 1334 478 et
1363 412 1441 478 hine
1467 414 1504 478 in

325 538 396 601 foro
420 532 500 603 eccl.
525 541 739 605 iuramentum
770 538 952 603 calumniae
983 558 1048 603 non
1070 539 1207 624 amplius
1229 538 1336 604 solere
1363 540 1503 623 exquiri,

324 662 441 745 quippe
464 660 560 727 nimis
583 661 738 747 generale
769 666 802 726 et
834 661 1127 727 indeterminatum.
1150 696 1197 711 -
1218 662 1272 726 Ex
1299 660 1438 726 adverso
1458 662 1506 725 iu-

324 788 505 847 ramentum
535 784 577 848 de
606 782 746 848 veritate
774 783 923 849 dicendo
953 788 1011 849 aut
1044 782 1087 849 de
1116 783 1250 848 malitia
1282 802 1343 869 pro
1377 782 1507 849 artibus

323 906 515 993 specialibus
531 908 718 992 exposcitur
733 926 753 970 a
769 906 932 992 partibns3
948 913 1061 993 utputa
1076 908 1292 973 iuramentum
1307 907 1348 972 de
1363 908 1506 973 veritate

323 1030 459 1097 dicenda
481 1031 709 1116 praestandum
733 1036 783 1095 est
802 1050 822 1094 a
846 1029 1056 1117 litigantibus,
1074 1029 1252 1105 atestibus,
1268 1036 1441 1115 antequam
1456 1032 1505 1095 in·

322 1157 593 1243 terrogationibus
617 1156 835 1243 respondeant
858 1158 891 1221 in
916 1157 1033 1223 iudicio
1057 1158 1220 1242 promotis.
1241 1157 1342 1243 Viget
1364 1178 1445 1222 vero
1469 1164 1506 1223 et

324 1282 413 1349 iuvat
434 1290 502 1347 tum
530 1284 744 1349 iuramentum
767 1283 920 1350 ueritatis
941 1283 1076 1349 testibus
1099 1284 1257 1366 delatum,
1277 1287 1352 1369 quia
1375 1291 1426 1352 est
1449 1285 1505 1350 de-

321 1408 528 1471 terminatum
552 1406 593 1471 ad
624 1413 731 1473 certos
753 1405 974 1479 astipulasse
1004 1407 1118 1491 quibus
1139 1410 1254 1474 testari
1281 1408 1409 1489 debent,
1432 1413 1504 1474 tum

322 1530 538 1593 iuramentum
562 1530 702 1594 malitiae
733 1548 753 1593 a
776 1530 882 1594 iudice
905 1531 1009 1593 actori
1032 1530 1084 1595 vel
1118 1550 1175 1595 reo
1198 1532 1379 1615 impositum
1403 1550 1505 1616 super

323 1658 412 1720 certo
435 1654 501 1719 litis
525 1654 662 1719 articulo
686 1652 743 1739 (l).

411 1777 521 1853 Quare
544 1778 639 1844 hodio
662 1779 841 1845 huiusmodi
865 1781 1038 1845 iuramenti
1069 1802 1146 1846 usus
1175 1782 1412 1866 frequentatur,
1426 1802 1504 1867 qna·

321 1905 416 1966 tenus
439 1921 474 1967 se
490 1900 594 1967 refert
609 1901 650 1966 ad
665 1905 756 1967 actus
772 1902 964 1987 singulares,
981 1923 1046 1968 non
1069 1903 1110 1967 ad
1125 1905 1287 1989 integrum
1302 1924 1500 1989 processum.

389 4196 429 4265 (1)
447 4196 488 4248 Ob
508 4194 704 4265 particularem
725 4212 824 4249 causae
844 4196 973 4262 indolem,
992 4197 1106 4267 eiusque
1125 4196 1294 4266 gravitatem
1315 4198 1417 4252 morito
1434 4213 1490 4251 ser·

318 4306 399 4356 vatur
424 4302 611 4354 iuramentum
636 4300 794 4355 calumniae
815 4300 845 4354 in
870 4301 960 4353 causis
985 4300 1201 4355 beatificationis
1220 4306 1249 4355 ot
1270 4300 1490 4366 canonizationis,

317 4406 390 4478 quod
408 4408 531 4475 praestat
550 4422 650 4459 causae
669 4404 838 4459 Postulator.
