3350 5117
531 319 574 366 nn
599 319 735 366 morans
759 319 1025 367 accrasmsmcns
1302 302 1369 368 385

180 447 359 525 sequentes
390 442 541 507 iuridicos
564 440 709 509 effectus.
735 444 816 508 Item
841 445 866 508 si
898 443 1059 529 pendente
1082 464 1187 510 causa
1209 448 1367 529 appalla-

181 563 288 630 tiom'a
311 564 486 630 donatore
510 567 717 632 institutionis
734 567 766 632 in
791 565 948 631 beneficio
973 569 1053 632 iuris
1076 573 1274 652 patronatus,
1291 588 1368 632 exo·

182 692 292 758 riatur
315 693 462 776 quaestio
486 712 527 756 an
558 692 693 777 amplius
721 693 831 777 vigeat
856 693 906 756 ius
937 697 1134 776 patronatus,
1158 691 1241 756 haec
1269 712 1368 757 causa

181 835 253 880 non
275 821 379 901 potest
402 817 508 882 dirimi
526 837 546 881 a
570 817 673 882 iudice
690 817 822 882 secundi
839 816 959 902 gradus
982 837 1038 883 seu
1061 818 1295 904 appellationis,
1312 819 1369 884 sed

184 939 382 1005 remittenda
404 948 454 1007 est
475 940 516 1005 ad
541 939 712 1005 iudicema
732 960 803 1023 quo,
830 941 923 1004 iuxta
947 940 1114 1005 decretum
1130 941 1264 1006 Concilii
1280 941 1367 1006 Trid.

181 1085 265 1131 sear.
288 1065 348 1147 24,
377 1085 451 1148 cap.
474 1067 535 1139 20,
559 1064 612 1132 De
634 1065 711 1148 refi,
738 1087 849 1130 omnes
885 1085 1001 1130 causae
1024 1068 1057 1131 in
1084 1069 1190 1150 prima
1214 1066 1368 1131 instantia

182 1190 376 1255 iudicandae
399 1196 481 1255 sunt.

277 1314 352 1379 3⁴9.
384 1313 453 1379 l-loc
485 1315 687 1400 principium,
712 1333 827 1398 nempe
859 1321 983 1379 tantum
1015 1313 1185 1399 prorogari
1217 1333 1259 1377 ex
1290 1333 1368 1378 con-

183 1442 326 1505 nexione
351 1461 520 1505 causarum
538 1441 785 1524 competentiam
811 1439 1062 1512 territorialena
1080 1459 1100 1504 a
1122 1440 1251 1504 nemine
1266 1442 1299 1502 in
1315 1439 1369 1503 ‹lu-

182 1564 271 1630 bium
297 1571 479 1632 revocatur.
505 1564 567 1629 Sed
590 1565 664 1648 quia
688 1565 799 1629 clerici
823 1564 944 1630 habent
973 1563 1091 1647 forum
1111 1563 1368 1649 pricilepiatum

184 1691 237 1755 cui
262 1689 431 1776 privilegio
456 1689 515 1775 ipsi
540 1689 733 1754 renunciare
757 1709 820 1752 non
838 1688 957 1760 valent,
983 1691 1149 1772 quaeritur
1172 1708 1215 1752 an
1239 1689 1369 1773 privile-

184 1820 274 1904 gium
299 1817 360 1880 lori
384 1815 464 1880 adeo
487 1815 597 1900 vigeat
619 1820 654 1879 ut
678 1814 816 1878 clericus
841 1833 907 1877 non
930 1813 1031 1877 solum
1055 1833 1120 1877 non
1151 1813 1250 1897 possit
1272 1813 1366 1876 citari

184 1939 271 2025 apud
294 1937 430 2004 inlicem
455 1937 582 2006 laicum.
600 1935 655 2000 sed
681 1957 785 2020 neque
808 1936 917 2002 valeat
931 1937 1013 2020 apud
1039 1936 1185 2002 eumdem
1210 1956 1367 2001 reconve-

186 2066 263 2130 niri.
279 2064 338 2130 Est
360 2065 503 2148 quaestio
520 2064 598 2128 iuris
614 2064 738 2148 positivi
764 2065 854 2128 cuius
872 2063 1084 2148 praescriptio
1100 2065 1292 2146 inquirenda
1307 2070 1365 2128 est.

277 2190 434 2254 Nimirum
452 2189 620 2272 quaeritur
635 2207 676 2252 an
701 2188 841 2253 clericus
864 2187 999 2252 iudicari
1017 2189 1115 2272 possit
1131 2189 1168 2253 ia
1191 2207 1296 2253 causa
1311 2207 1366 2252 rc-

183 2309 417 2378 coaocntioaia
439 2330 458 2373 a
481 2311 586 2374 iudice
609 2311 701 2375 laico.
732 2347 777 2358 -
808 2311 897 2375 Fieri
922 2311 1006 2374 enim
1030 2317 1144 2396 potest,
1169 2317 1204 2376 ut
1227 2311 1366 2410 clericus

185 2433 226 2498 ob
244 2436 391 2519 regulam
417 2435 494 2498 iuris
515 2435 691 2498 communis
709 2469 726 2482 -
740 2440 837 2500 actor
860 2435 1015 2518 sequitur
1036 2434 1153 2516 foram
1175 2433 1227 2499 rei
1240 2469 1270 2506 ·‚
1287 2453 1365 2498 con-

183 2560 295 2624 veniat
326 2559 486 2622 hominem
518 2559 634 2623 laicum
665 2559 749 2643 apud
780 2559 923 2624 tribuual
955 2561 1120 2640 seculare3
1152 2566 1184 2626 et
1218 2562 1366 2646 incoepto

182 2683 312 2756 iudicio,
330 2683 468 2748 clericus
492 2701 512 2746 a
533 2684 616 2748 laico
633 2684 905 2749 reconveniatur.
924 2685 1002 2748 lude
1019 2687 1187 2768 quaeritur
1209 2705 1251 2750 an
1267 2687 1365 2751 iudex

181 2807 286 2872 laicus
310 2807 465 2872 clericum
496 2805 639 2872 iudicare
663 2806 769 2871 valeat
794 2809 826 2871 in
859 2828 956 2873 causa
979 2810 1249 2876 reconventionis.
1274 2811 1366 2874 Haec

182 2939 233 2996 est
257 2931 395 2997 celebris
420 2933 564 3013 quaestio
579 2937 612 2996 et
635 2932 776 3016 elegans,
794 2951 878 3014 quae
897 2953 969 2996 cum
994 2954 1036 2996 ex
1057 2935 1126 2997 iure
1150 2935 1285 3017 positivo
1301 2955 1365 2997 non

182 3056 303 3122 habeat
326 3075 511 3140 expressam
536 3056 735 3128 solutionem,
762 3057 955 3121 resolvenda
979 3062 1028 3121 est
1050 3077 1110 3141 per
1125 3057 1285 3142 principia
1309 3076 1365 3142 ge-

182 3179 361 3244 neraliora.

274 3301 352 3366 Cum
366 3302 477 3386 primis
493 3300 666 3374 recolatur,
679 3301 975 3367 reconventionem
989 3321 1058 3365 esse
1071 3303 1209 3385 speciem
1223 3300 1365 3368 aelionis

183 3430 216 3490 et
240 3423 319 3488 hino
343 3427 574 3487 reconventum
607 3421 677 3486 fieri
701 3441 799 3488 rcum
825 3426 858 3487 in
882 3443 980 3490 causa
1003 3425 1282 3499 reconventionis;
1311 3446 1364 3488 rc-

182 3551 432 3615 conventionem
447 3569 526 3613 uero
542 3549 679 3614 induere
696 3555 844 3615 naturam
866 3549 1079 3623 defensionis;
1106 3549 1190 3614 unde
1206 3557 1365 3616 convento

182 3695 243 3740 seu
268 3695 325 3738 reo
349 3675 454 3758 ampla
477 3674 564 3739 sacta
588 3679 637 3739 est
668 3674 806 3770 facultas
835 3673 1098 3745 reconveniendi,
1130 3677 1246 3760 quippe
1276 3676 1366 3740 nulla

183 3799 310 3883 species
325 3797 520 3862 defensionis
544 3797 591 3861 illi
615 3803 664 3863 est
679 3795 886 3881 deneganda;
911 3815 981 3880 arg.
1007 3816 1032 3861 c.
1051 3817 1078 3860 c.
1095 3796 1123 3871 l,
1148 3796 1182 3871 2,
1206 3797 1362 3862 Danant.

177 3929 259 4006 pet,
285 3923 319 3986 X
341 3919 397 4005 (II,
423 3922 466 4005 4).

274 4049 454 4112 Praeterea
477 4067 574 4112 causa
598 4049 858 4112 reconventionis
875 4053 923 4112 est
946 4059 1043 4114 causa
1067 4051 1270 4113 conventioni
1287 4069 1364 4114 con-

183 4193 280 4244 nexa,
306 4174 351 4237 uti
375 4173 629 4258 explicavimus;
655 4193 768 4237 causas
791 4193 871 4237 vero
896 4193 1061 4237 connexas
1084 4172 1275 4239 scindendas
1298 4194 1363 4238 non

184 4319 265 4374 esse,
288 4297 376 4363 iubet
399 4300 568 4384 positivum
593 4301 650 4363 ius.
670 4297 831 4372 Quocirca
855 4303 890 4362 ut
913 4298 1125 4362 concludatur
1142 4300 1363 4385 priuilcpiam

180 4423 253 4507 fori
278 4422 407 4487 obstare
431 4443 493 4506 quo
516 4425 622 4488 minus
654 4423 907 4487 reconveniatur
930 4422 1068 4487 clericus
1091 4423 1123 4484 in
1151 4423 1223 4485 foro
1246 4421 1362 4497 laicali,

329 4549 389 4602 Soc.
410 4547 494 4618 Lapa.
1185 4547 1221 4598 25
