<?xml version="1.0" encoding="UTF-8"?>
<!DOCTYPE html PUBLIC "-//W3C//DTD XHTML 1.0 Transitional//EN"
    "http://www.w3.org/TR/xhtml1/DTD/xhtml1-transitional.dtd">
<html xmlns="http://www.w3.org/1999/xhtml" xml:lang="en" lang="en">
 <head>
  <title>
</title>
<meta http-equiv="Content-Type" content="text/html;charset=utf-8" />
  <meta name='ocr-system' content='tesseract 3.04.00' />
  <meta name='ocr-capabilities' content='ocr_page ocr_carea ocr_par ocr_line ocrx_word'/>
</head>
<body>
  <div class='ocr_page' id='page_1' title='image "./praelectionesin01legagoog_0559.png"; bbox 0 0 3350 5117; ppageno 0'>
   <div class='ocr_carea' id='block_1_1' title="bbox 533 308 1368 375">
    <p class='ocr_par' dir='ltr' id='par_1_1' title="bbox 533 308 1368 375">
     <span class='ocr_line' id='line_1_1' title="bbox 533 308 1368 375; baseline 0.01 -12"><span class='ocrx_word' id='word_1_1' title='bbox 533 317 576 363; x_wconf 86' lang='lat' dir='ltr'>nn</span> <span class='ocrx_word' id='word_1_2' title='bbox 600 316 740 365; x_wconf 78' lang='lat' dir='ltr'>lonicus</span> <span class='ocrx_word' id='word_1_3' title='bbox 764 318 1029 369; x_wconf 73' lang='lat' dir='ltr'>neccssmsrrors</span> <span class='ocrx_word' id='word_1_4' title='bbox 1134 355 1136 360; x_wconf 84' lang='lat'><em>.</em></span> <span class='ocrx_word' id='word_1_5' title='bbox 1302 308 1368 375; x_wconf 82' lang='lat'>557</span> 
     </span>
    </p>
   </div>
   <div class='ocr_carea' id='block_1_2' title="bbox 188 436 1445 2769">
    <p class='ocr_par' dir='ltr' id='par_1_2' title="bbox 191 436 1371 903">
     <span class='ocr_line' id='line_1_2' title="bbox 191 436 1369 523; baseline 0.014 -22"><span class='ocrx_word' id='word_1_6' title='bbox 191 436 229 501; x_wconf 82' lang='lat' dir='ltr'>in</span> <span class='ocrx_word' id='word_1_7' title='bbox 252 437 276 502; x_wconf 90' lang='lat'><strong><em>6</em></strong></span> <span class='ocrx_word' id='word_1_8' title='bbox 299 436 356 523; x_wconf 88' lang='lat' dir='ltr'>(ll,</span> <span class='ocrx_word' id='word_1_9' title='bbox 376 436 440 523; x_wconf 85' lang='lat'>15).</span> <span class='ocrx_word' id='word_1_10' title='bbox 465 440 568 516; x_wconf 84' lang='lat' dir='ltr'>Quam</span> <span class='ocrx_word' id='word_1_11' title='bbox 593 442 626 505; x_wconf 92' lang='lat' dir='ltr'>in</span> <span class='ocrx_word' id='word_1_12' title='bbox 649 439 868 508; x_wconf 86' lang='lat' dir='ltr'>definitionem</span> <span class='ocrx_word' id='word_1_13' title='bbox 890 444 1088 519; x_wconf 80' lang='lat' dir='ltr'>advertatur,</span> <span class='ocrx_word' id='word_1_14' title='bbox 1110 448 1143 512; x_wconf 91' lang='lat' dir='ltr'>in</span> <span class='ocrx_word' id='word_1_15' title='bbox 1166 452 1369 518; x_wconf 81' lang='lat' dir='ltr'><strong>contumacia</strong></span> 
     </span>
     <span class='ocr_line' id='line_1_3' title="bbox 191 563 1370 658; baseline 0.01 -32"><span class='ocrx_word' id='word_1_16' title='bbox 191 563 366 648; x_wconf 89' lang='lat' dir='ltr'>praecipue</span> <span class='ocrx_word' id='word_1_17' title='bbox 388 564 521 629; x_wconf 89' lang='lat' dir='ltr'>attendi·</span> <span class='ocrx_word' id='word_1_18' title='bbox 534 584 580 631; x_wconf 71' lang='lat' dir='ltr'>ecc</span> <span class='ocrx_word' id='word_1_19' title='bbox 602 566 678 632; x_wconf 79' lang='lat' dir='ltr'>iure</span> <span class='ocrx_word' id='word_1_20' title='bbox 697 566 843 649; x_wconf 78' lang='lat' dir='ltr'>positivo</span> <span class='ocrx_word' id='word_1_21' title='bbox 859 587 944 649; x_wconf 78' lang='lat' dir='ltr'>can,</span> <span class='ocrx_word' id='word_1_22' title='bbox 958 569 1205 635; x_wconf 81' lang='lat' dir='ltr'>inobedientiam</span> <span class='ocrx_word' id='word_1_23' title='bbox 1230 591 1310 658; x_wconf 85' lang='lat' dir='ltr'>erga</span> <span class='ocrx_word' id='word_1_24' title='bbox 1325 575 1370 638; x_wconf 92' lang='lat' dir='ltr'>iu-</span> 
     </span>
     <span class='ocr_line' id='line_1_4' title="bbox 192 689 1371 779; baseline 0.01 -24"><span class='ocrx_word' id='word_1_25' title='bbox 192 689 296 755; x_wconf 89' lang='lat' dir='ltr'>dicem</span> <span class='ocrx_word' id='word_1_26' title='bbox 321 691 453 775; x_wconf 88' lang='lat' dir='ltr'>eiusque</span> <span class='ocrx_word' id='word_1_27' title='bbox 476 692 675 758; x_wconf 79' lang='lat' dir='ltr'>auctoritatis</span> <span class='ocrx_word' id='word_1_28' title='bbox 700 697 927 779; x_wconf 87' lang='lat' dir='ltr'>contemptum,</span> <span class='ocrx_word' id='word_1_29' title='bbox 952 694 1037 760; x_wconf 88' lang='lat' dir='ltr'>unde</span> <span class='ocrx_word' id='word_1_30' title='bbox 1061 700 1263 764; x_wconf 81' lang='lat' dir='ltr'>contumacia</span> <span class='ocrx_word' id='word_1_31' title='bbox 1285 699 1371 767; x_wconf 87' lang='lat' dir='ltr'>dicta</span> 
     </span>
     <span class='ocr_line' id='line_1_5' title="bbox 192 812 715 903; baseline 0.006 -26"><span class='ocrx_word' id='word_1_32' title='bbox 192 812 254 877; x_wconf 84' lang='lat' dir='ltr'>luit</span> <span class='ocrx_word' id='word_1_33' title='bbox 277 814 437 879; x_wconf 83' lang='lat' dir='ltr'>delictum</span> <span class='ocrx_word' id='word_1_34' title='bbox 455 818 637 897; x_wconf 72' lang='lat' dir='ltr'>personate</span> <span class='ocrx_word' id='word_1_35' title='bbox 660 814 715 903; x_wconf 81' lang='lat' dir='ltr'>(l).</span> 
     </span>
    </p>

    <p class='ocr_par' dir='ltr' id='par_1_3' title="bbox 189 937 1423 1869">
     <span class='ocr_line' id='line_1_6' title="bbox 285 937 1370 1025; baseline 0.013 -25"><span class='ocrx_word' id='word_1_36' title='bbox 285 937 390 1001; x_wconf 86' lang='lat' dir='ltr'>Etiam</span> <span class='ocrx_word' id='word_1_37' title='bbox 414 938 484 1002; x_wconf 89' lang='lat' dir='ltr'>iure</span> <span class='ocrx_word' id='word_1_38' title='bbox 501 958 635 1003; x_wconf 87' lang='lat' dir='ltr'>romano</span> <span class='ocrx_word' id='word_1_39' title='bbox 651 939 709 1005; x_wconf 83' lang='lat' dir='ltr'>sub</span> <span class='ocrx_word' id='word_1_40' title='bbox 724 940 780 1005; x_wconf 86' lang='lat' dir='ltr'>tali</span> <span class='ocrx_word' id='word_1_41' title='bbox 796 948 927 1025; x_wconf 91' lang='lat' dir='ltr'>aspectu</span> <span class='ocrx_word' id='word_1_42' title='bbox 951 945 1152 1009; x_wconf 84' lang='lat' dir='ltr'>contumacia</span> <span class='ocrx_word' id='word_1_43' title='bbox 1167 945 1370 1014; x_wconf 89' lang='lat' dir='ltr'>considerata</span> 
     </span>
     <span class='ocr_line' id='line_1_7' title="bbox 190 1060 1368 1156; baseline 0.009 -31"><span class='ocrx_word' id='word_1_44' title='bbox 190 1060 262 1143; x_wconf 84' lang='lat' dir='ltr'>fuit,</span> <span class='ocrx_word' id='word_1_45' title='bbox 279 1067 311 1127; x_wconf 91' lang='lat' dir='ltr'>et</span> <span class='ocrx_word' id='word_1_46' title='bbox 329 1064 512 1149; x_wconf 86' lang='lat' dir='ltr'>proscripta</span> <span class='ocrx_word' id='word_1_47' title='bbox 531 1067 620 1148; x_wconf 88' lang='lat' dir='ltr'>quasi</span> <span class='ocrx_word' id='word_1_48' title='bbox 645 1066 768 1131; x_wconf 81' lang='lat' dir='ltr'>crimen</span> <span class='ocrx_word' id='word_1_49' title='bbox 788 1066 868 1131; x_wconf 90' lang='lat' dir='ltr'>iuris</span> <span class='ocrx_word' id='word_1_50' title='bbox 884 1066 1019 1151; x_wconf 76' lang='lat' dir='ltr'>publici3</span> <span class='ocrx_word' id='word_1_51' title='bbox 1044 1068 1085 1133; x_wconf 84' lang='lat' dir='ltr'>cf.</span> <span class='ocrx_word' id='word_1_52' title='bbox 1102 1072 1123 1135; x_wconf 90' lang='lat' dir='ltr'>t.</span> <span class='ocrx_word' id='word_1_53' title='bbox 1141 1071 1161 1134; x_wconf 85' lang='lat' dir='ltr'>t.</span> <span class='ocrx_word' id='word_1_54' title='bbox 1179 1072 1274 1156; x_wconf 76' lang='lat' dir='ltr'><strong><em>11‚ff.</em></strong></span> <span class='ocrx_word' id='word_1_55' title='bbox 1297 1072 1320 1155; x_wconf 61' lang='grc' dir='ltr'><strong>ἓ</strong></span> <span class='ocrx_word' id='word_1_56' title='bbox 1335 1071 1368 1153; x_wconf 89' lang='grc'>4,</span> 
     </span>
     <span class='ocr_line' id='line_1_8' title="bbox 192 1186 1370 1274; baseline 0.008 -23"><span class='ocrx_word' id='word_1_57' title='bbox 192 1186 243 1253; x_wconf 87' lang='lat' dir='ltr'>Dc</span> <span class='ocrx_word' id='word_1_58' title='bbox 264 1186 427 1274; x_wconf 68' lang='lat' dir='ltr'>interrog.</span> <span class='ocrx_word' id='word_1_59' title='bbox 459 1193 493 1254; x_wconf 90' lang='lat' dir='ltr'>et</span> <span class='ocrx_word' id='word_1_60' title='bbox 518 1187 576 1262; x_wconf 81' lang='lat'>53,</span> <span class='ocrx_word' id='word_1_61' title='bbox 600 1192 635 1273; x_wconf 82' lang='lat' dir='ltr'>ff.</span> <span class='ocrx_word' id='word_1_62' title='bbox 658 1190 680 1271; x_wconf 64' lang='grc' dir='ltr'><strong>ἓ</strong></span> <span class='ocrx_word' id='word_1_63' title='bbox 707 1192 734 1271; x_wconf 87' lang='grc'>1,</span> <span class='ocrx_word' id='word_1_64' title='bbox 759 1188 809 1256; x_wconf 88' lang='lat' dir='ltr'>De</span> <span class='ocrx_word' id='word_1_65' title='bbox 836 1210 875 1257; x_wconf 86' lang='lat' dir='ltr'>re</span> <span class='ocrx_word' id='word_1_66' title='bbox 904 1192 975 1257; x_wconf 81' lang='lat' dir='ltr'>tad.</span> <span class='ocrx_word' id='word_1_67' title='bbox 1000 1230 1044 1242; x_wconf 98' lang='lat'>-</span> <span class='ocrx_word' id='word_1_68' title='bbox 1069 1193 1279 1260; x_wconf 83' lang='lat' dir='ltr'>Nihilominus</span> <span class='ocrx_word' id='word_1_69' title='bbox 1305 1196 1370 1261; x_wconf 85' lang='lat' dir='ltr'>alia</span> 
     </span>
     <span class='ocr_line' id='line_1_9' title="bbox 192 1311 1369 1402; baseline 0.006 -27"><span class='ocrx_word' id='word_1_70' title='bbox 192 1312 330 1392; x_wconf 80' lang='lat' dir='ltr'>qualitas</span> <span class='ocrx_word' id='word_1_71' title='bbox 352 1312 386 1377; x_wconf 90' lang='lat' dir='ltr'>in</span> <span class='ocrx_word' id='word_1_72' title='bbox 403 1313 606 1377; x_wconf 86' lang='lat' dir='ltr'>contumacia</span> <span class='ocrx_word' id='word_1_73' title='bbox 628 1311 749 1378; x_wconf 88' lang='lat' dir='ltr'>attendi</span> <span class='ocrx_word' id='word_1_74' title='bbox 765 1311 884 1387; x_wconf 86' lang='lat' dir='ltr'>debuit,</span> <span class='ocrx_word' id='word_1_75' title='bbox 901 1315 1051 1379; x_wconf 89' lang='lat' dir='ltr'>nimirum</span> <span class='ocrx_word' id='word_1_76' title='bbox 1075 1319 1291 1402; x_wconf 76' lang='lat' dir='ltr'>praesumptio</span> <span class='ocrx_word' id='word_1_77' title='bbox 1315 1337 1369 1382; x_wconf 91' lang='lat' dir='ltr'>re-</span> 
     </span>
     <span class='ocr_line' id='line_1_10' title="bbox 192 1436 1367 1523; baseline 0.005 -23"><span class='ocrx_word' id='word_1_78' title='bbox 192 1436 336 1500; x_wconf 88' lang='lat' dir='ltr'>nunciati</span> <span class='ocrx_word' id='word_1_79' title='bbox 356 1437 437 1501; x_wconf 88' lang='lat' dir='ltr'>iuris</span> <span class='ocrx_word' id='word_1_80' title='bbox 453 1440 604 1521; x_wconf 83' lang='lat' dir='ltr'>exparte</span> <span class='ocrx_word' id='word_1_81' title='bbox 621 1436 706 1501; x_wconf 89' lang='lat' dir='ltr'>illius</span> <span class='ocrx_word' id='word_1_82' title='bbox 730 1438 798 1501; x_wconf 87' lang='lat' dir='ltr'>sive</span> <span class='ocrx_word' id='word_1_83' title='bbox 813 1438 935 1503; x_wconf 88' lang='lat' dir='ltr'>actoris</span> <span class='ocrx_word' id='word_1_84' title='bbox 949 1440 1022 1503; x_wconf 88' lang='lat' dir='ltr'>sive</span> <span class='ocrx_word' id='word_1_85' title='bbox 1038 1439 1095 1512; x_wconf 90' lang='lat' dir='ltr'>rei,</span> <span class='ocrx_word' id='word_1_86' title='bbox 1114 1439 1167 1523; x_wconf 92' lang='lat' dir='ltr'>qui</span> <span class='ocrx_word' id='word_1_87' title='bbox 1184 1441 1367 1505; x_wconf 89' lang='lat' dir='ltr'>instantiam</span> 
     </span>
     <span class='ocr_line' id='line_1_11' title="bbox 192 1560 1366 1649; baseline 0.008 -26"><span class='ocrx_word' id='word_1_88' title='bbox 192 1561 343 1643; x_wconf 85' lang='lat' dir='ltr'>prosequi</span> <span class='ocrx_word' id='word_1_89' title='bbox 364 1560 509 1646; x_wconf 80' lang='lat' dir='ltr'>negligit,</span> <span class='ocrx_word' id='word_1_90' title='bbox 527 1561 578 1624; x_wconf 83' lang='lat' dir='ltr'>vel</span> <span class='ocrx_word' id='word_1_91' title='bbox 595 1561 736 1626; x_wconf 88' lang='lat' dir='ltr'>citationi</span> <span class='ocrx_word' id='word_1_92' title='bbox 757 1560 982 1649; x_wconf 90' lang='lat' dir='ltr'>obtemperare</span> <span class='ocrx_word' id='word_1_93' title='bbox 997 1565 1233 1648; x_wconf 84' lang='lat' dir='ltr'>praetermittit.</span> <span class='ocrx_word' id='word_1_94' title='bbox 1250 1567 1366 1640; x_wconf 84' lang='lat' dir='ltr'>sciens,</span> 
     </span>
     <span class='ocr_line' id='line_1_12' title="bbox 193 1680 1423 1775; baseline 0.007 -28"><span class='ocrx_word' id='word_1_95' title='bbox 193 1680 382 1747; x_wconf 83' lang='lat' dir='ltr'>adversario</span> <span class='ocrx_word' id='word_1_96' title='bbox 406 1703 464 1747; x_wconf 84' lang='lat' dir='ltr'>suo</span> <span class='ocrx_word' id='word_1_97' title='bbox 487 1688 609 1749; x_wconf 84' lang='lat' dir='ltr'>tantum</span> <span class='ocrx_word' id='word_1_98' title='bbox 634 1690 805 1770; x_wconf 87' lang='lat' dir='ltr'>praesente</span> <span class='ocrx_word' id='word_1_99' title='bbox 825 1693 858 1750; x_wconf 91' lang='lat' dir='ltr'>et</span> <span class='ocrx_word' id='word_1_100' title='bbox 880 1686 1030 1768; x_wconf 85' lang='lat' dir='ltr'>instante,</span> <span class='ocrx_word' id='word_1_101' title='bbox 1048 1686 1197 1753; x_wconf 91' lang='lat' dir='ltr'>iudicium</span> <span class='ocrx_word' id='word_1_102' title='bbox 1221 1688 1367 1775; x_wconf 82' lang='lat' dir='ltr'>expediri</span> <span class='ocrx_word' id='word_1_103' title='bbox 1420 1714 1423 1720; x_wconf 93' lang='lat'>·</span> 
     </span>
     <span class='ocr_line' id='line_1_13' title="bbox 189 1800 405 1869; baseline 0 -1"><span class='ocrx_word' id='word_1_104' title='bbox 189 1808 246 1869; x_wconf 88' lang='lat' dir='ltr'>aut</span> <span class='ocrx_word' id='word_1_105' title='bbox 268 1800 405 1869; x_wconf 88' lang='lat' dir='ltr'>definiri.</span> 
     </span>
    </p>

    <p class='ocr_par' dir='ltr' id='par_1_4' title="bbox 188 1931 1445 2769">
     <span class='ocr_line' id='line_1_14' title="bbox 279 1931 1366 2023; baseline 0.006 -27"><span class='ocrx_word' id='word_1_106' title='bbox 279 1931 355 1996; x_wconf 83' lang='lat'>566.</span> <span class='ocrx_word' id='word_1_107' title='bbox 381 1932 423 1996; x_wconf 89' lang='lat' dir='ltr'>Et</span> <span class='ocrx_word' id='word_1_108' title='bbox 441 1932 504 1996; x_wconf 90' lang='lat' dir='ltr'>hoc</span> <span class='ocrx_word' id='word_1_109' title='bbox 528 1933 737 1998; x_wconf 88' lang='lat' dir='ltr'>considerare</span> <span class='ocrx_word' id='word_1_110' title='bbox 761 1937 913 2019; x_wconf 83' lang='lat' dir='ltr'>praestat,</span> <span class='ocrx_word' id='word_1_111' title='bbox 931 1937 1005 2019; x_wconf 93' lang='lat' dir='ltr'>quia</span> <span class='ocrx_word' id='word_1_112' title='bbox 1022 1935 1123 2000; x_wconf 86' lang='lat' dir='ltr'>bodie</span> <span class='ocrx_word' id='word_1_113' title='bbox 1141 1938 1258 2022; x_wconf 88' lang='lat' dir='ltr'>passim</span> <span class='ocrx_word' id='word_1_114' title='bbox 1282 1937 1366 2023; x_wconf 86' lang='lat' dir='ltr'>apud</span> 
     </span>
     <span class='ocr_line' id='line_1_15' title="bbox 190 2056 1445 2144; baseline 0.005 -21"><span class='ocrx_word' id='word_1_115' title='bbox 190 2058 263 2123; x_wconf 88' lang='lat' dir='ltr'>cod.</span> <span class='ocrx_word' id='word_1_116' title='bbox 280 2056 342 2122; x_wconf 80' lang='grc' dir='ltr'>σίυ.</span> <span class='ocrx_word' id='word_1_117' title='bbox 361 2058 562 2122; x_wconf 90' lang='lat' dir='ltr'>contumacia</span> <span class='ocrx_word' id='word_1_118' title='bbox 585 2056 643 2122; x_wconf 91' lang='lat' dir='ltr'>sub</span> <span class='ocrx_word' id='word_1_119' title='bbox 666 2056 729 2122; x_wconf 92' lang='lat' dir='ltr'>hoc</span> <span class='ocrx_word' id='word_1_120' title='bbox 753 2058 815 2122; x_wconf 91' lang='lat' dir='ltr'>alio</span> <span class='ocrx_word' id='word_1_121' title='bbox 836 2064 977 2142; x_wconf 88' lang='lat' dir='ltr'>aspectu,</span> <span class='ocrx_word' id='word_1_122' title='bbox 995 2059 1074 2123; x_wconf 90' lang='lat' dir='ltr'>iuris</span> <span class='ocrx_word' id='word_1_123' title='bbox 1097 2078 1213 2144; x_wconf 87' lang='lat' dir='ltr'>nempe</span> <span class='ocrx_word' id='word_1_124' title='bbox 1236 2061 1367 2125; x_wconf 91' lang='lat' dir='ltr'>omnino</span> <span class='ocrx_word' id='word_1_125' title='bbox 1439 2122 1445 2129; x_wconf 88' lang='lat'><strong>.</strong></span> 
     </span>
     <span class='ocr_line' id='line_1_16' title="bbox 190 2180 1367 2268; baseline 0.003 -23"><span class='ocrx_word' id='word_1_126' title='bbox 190 2184 319 2268; x_wconf 83' lang='lat' dir='ltr'>privati,</span> <span class='ocrx_word' id='word_1_127' title='bbox 333 2180 558 2267; x_wconf 89' lang='lat' dir='ltr'>perpenditur;</span> <span class='ocrx_word' id='word_1_128' title='bbox 575 2184 729 2267; x_wconf 89' lang='lat' dir='ltr'>quocirca</span> <span class='ocrx_word' id='word_1_129' title='bbox 741 2182 943 2247; x_wconf 90' lang='lat' dir='ltr'>contumacia</span> <span class='ocrx_word' id='word_1_130' title='bbox 959 2181 1194 2263; x_wconf 86' lang='lat' dir='ltr'>consideratur,</span> <span class='ocrx_word' id='word_1_131' title='bbox 1207 2185 1308 2251; x_wconf 86' lang='lat' dir='ltr'>veluti</span> <span class='ocrx_word' id='word_1_132' title='bbox 1323 2188 1367 2249; x_wconf 89' lang='lat' dir='ltr'>ta·</span> 
     </span>
     <span class='ocr_line' id='line_1_17' title="bbox 189 2308 1366 2399; baseline -0.001 -24"><span class='ocrx_word' id='word_1_133' title='bbox 189 2312 254 2375; x_wconf 89' lang='lat' dir='ltr'>cita</span> <span class='ocrx_word' id='word_1_134' title='bbox 278 2309 479 2374; x_wconf 88' lang='lat' dir='ltr'>renunciatio</span> <span class='ocrx_word' id='word_1_135' title='bbox 503 2309 582 2373; x_wconf 84' lang='lat' dir='ltr'>iuris</span> <span class='ocrx_word' id='word_1_136' title='bbox 605 2308 793 2393; x_wconf 85' lang='lat' dir='ltr'>experiendi</span> <span class='ocrx_word' id='word_1_137' title='bbox 816 2328 875 2399; x_wconf 82' lang='lat' dir='ltr'>sua</span> <span class='ocrx_word' id='word_1_138' title='bbox 898 2308 970 2373; x_wconf 87' lang='lat' dir='ltr'>iura</span> <span class='ocrx_word' id='word_1_139' title='bbox 992 2309 1025 2372; x_wconf 92' lang='lat' dir='ltr'>in</span> <span class='ocrx_word' id='word_1_140' title='bbox 1049 2309 1174 2373; x_wconf 89' lang='lat' dir='ltr'>iudicio.</span> <span class='ocrx_word' id='word_1_141' title='bbox 1208 2309 1366 2375; x_wconf 85' lang='lat' dir='ltr'>Nimirum</span> 
     </span>
     <span class='ocr_line' id='line_1_18' title="bbox 189 2433 1365 2519; baseline -0.001 -19"><span class='ocrx_word' id='word_1_142' title='bbox 189 2439 285 2501; x_wconf 85' lang='lat' dir='ltr'>actor</span> <span class='ocrx_word' id='word_1_143' title='bbox 308 2434 361 2517; x_wconf 90' lang='lat' dir='ltr'>qui</span> <span class='ocrx_word' id='word_1_144' title='bbox 385 2434 528 2519; x_wconf 85' lang='lat' dir='ltr'>legitime</span> <span class='ocrx_word' id='word_1_145' title='bbox 552 2451 609 2497; x_wconf 88' lang='lat' dir='ltr'>rao</span> <span class='ocrx_word' id='word_1_146' title='bbox 632 2434 730 2497; x_wconf 89' lang='lat' dir='ltr'>citato</span> <span class='ocrx_word' id='word_1_147' title='bbox 752 2452 817 2499; x_wconf 89' lang='lat' dir='ltr'>non</span> <span class='ocrx_word' id='word_1_148' title='bbox 842 2434 1022 2517; x_wconf 85' lang='lat' dir='ltr'>comparuit</span> <span class='ocrx_word' id='word_1_149' title='bbox 1044 2433 1084 2497; x_wconf 88' lang='lat' dir='ltr'>ad</span> <span class='ocrx_word' id='word_1_150' title='bbox 1107 2433 1365 2518; x_wconf 88' lang='lat' dir='ltr'>prosequendum</span> 
     </span>
     <span class='ocr_line' id='line_1_19' title="bbox 188 2556 1365 2643; baseline 0 -21"><span class='ocrx_word' id='word_1_151' title='bbox 188 2559 350 2631; x_wconf 87' lang='lat' dir='ltr'>iudicium,</span> <span class='ocrx_word' id='word_1_152' title='bbox 375 2559 592 2643; x_wconf 87' lang='lat' dir='ltr'>praesumitur</span> <span class='ocrx_word' id='word_1_153' title='bbox 607 2558 816 2621; x_wconf 87' lang='lat' dir='ltr'>renunciasse</span> <span class='ocrx_word' id='word_1_154' title='bbox 840 2557 1012 2621; x_wconf 88' lang='lat' dir='ltr'>instantiae</span> <span class='ocrx_word' id='word_1_155' title='bbox 1035 2556 1193 2633; x_wconf 89' lang='lat' dir='ltr'>iudiciali;</span> <span class='ocrx_word' id='word_1_156' title='bbox 1216 2577 1296 2624; x_wconf 72' lang='lat' dir='ltr'>retas</span> <span class='ocrx_word' id='word_1_157' title='bbox 1311 2560 1365 2643; x_wconf 92' lang='lat' dir='ltr'>qui</span> 
     </span>
     <span class='ocr_line' id='line_1_20' title="bbox 188 2680 1365 2769; baseline 0.003 -21"><span class='ocrx_word' id='word_1_158' title='bbox 188 2705 254 2751; x_wconf 89' lang='lat' dir='ltr'>non</span> <span class='ocrx_word' id='word_1_159' title='bbox 278 2680 467 2769; x_wconf 88' lang='lat' dir='ltr'>compareat</span> <span class='ocrx_word' id='word_1_160' title='bbox 487 2684 526 2749; x_wconf 90' lang='lat' dir='ltr'>ad</span> <span class='ocrx_word' id='word_1_161' title='bbox 559 2684 607 2749; x_wconf 88' lang='lat' dir='ltr'>ius</span> <span class='ocrx_word' id='word_1_162' title='bbox 637 2704 729 2749; x_wconf 89' lang='lat' dir='ltr'>suum</span> <span class='ocrx_word' id='word_1_163' title='bbox 756 2682 919 2756; x_wconf 83' lang='lat' dir='ltr'>tuendum,</span> <span class='ocrx_word' id='word_1_164' title='bbox 944 2684 1083 2748; x_wconf 90' lang='lat' dir='ltr'>habetur</span> <span class='ocrx_word' id='word_1_165' title='bbox 1109 2702 1176 2765; x_wconf 82' lang='lat' dir='ltr'>pro</span> <span class='ocrx_word' id='word_1_166' title='bbox 1200 2682 1365 2766; x_wconf 78' lang='lat' dir='ltr'>confesso,</span> 
     </span>
    </p>
   </div>
   <div class='ocr_carea' id='block_1_3' title="bbox 189 2805 1211 2895">
    <p class='ocr_par' dir='ltr' id='par_1_5' title="bbox 189 2805 1211 2895">
     <span class='ocr_line' id='line_1_21' title="bbox 189 2805 1211 2895; baseline -0.003 -21"><span class='ocrx_word' id='word_1_167' title='bbox 189 2811 304 2895; x_wconf 91' lang='lat' dir='ltr'>quippe</span> <span class='ocrx_word' id='word_1_168' title='bbox 328 2810 382 2893; x_wconf 93' lang='lat' dir='ltr'>qui</span> <span class='ocrx_word' id='word_1_169' title='bbox 405 2808 524 2891; x_wconf 87' lang='lat' dir='ltr'>absque</span> <span class='ocrx_word' id='word_1_170' title='bbox 548 2807 735 2873; x_wconf 90' lang='lat' dir='ltr'>defensione</span> <span class='ocrx_word' id='word_1_171' title='bbox 758 2810 899 2893; x_wconf 90' lang='lat' dir='ltr'>patiatur</span> <span class='ocrx_word' id='word_1_172' title='bbox 923 2808 1129 2873; x_wconf 89' lang='lat' dir='ltr'>condemnari</span> <span class='ocrx_word' id='word_1_173' title='bbox 1156 2805 1211 2892; x_wconf 76' lang='lat'>(2).</span> 
     </span>
    </p>
   </div>
   <div class='ocr_carea' id='block_1_4' title="bbox 188 2931 1366 3371">
    <p class='ocr_par' dir='ltr' id='par_1_6' title="bbox 188 2931 1366 3371">
     <span class='ocr_line' id='line_1_22' title="bbox 278 2931 1366 3018; baseline -0.001 -19"><span class='ocrx_word' id='word_1_174' title='bbox 278 2935 322 2999; x_wconf 83' lang='lat' dir='ltr'>At</span> <span class='ocrx_word' id='word_1_175' title='bbox 345 2936 393 2999; x_wconf 86' lang='lat' dir='ltr'>ius</span> <span class='ocrx_word' id='word_1_176' title='bbox 416 2934 605 2997; x_wconf 87' lang='lat' dir='ltr'>canonicum</span> <span class='ocrx_word' id='word_1_177' title='bbox 630 2931 739 2998; x_wconf 89' lang='lat' dir='ltr'>debuit</span> <span class='ocrx_word' id='word_1_178' title='bbox 761 2938 793 2996; x_wconf 92' lang='lat' dir='ltr'>et</span> <span class='ocrx_word' id='word_1_179' title='bbox 817 2931 911 2996; x_wconf 92' lang='lat' dir='ltr'>debet</span> <span class='ocrx_word' id='word_1_180' title='bbox 935 2952 1170 3018; x_wconf 84' lang='lat' dir='ltr'>recognoscere</span> <span class='ocrx_word' id='word_1_181' title='bbox 1194 2938 1366 3015; x_wconf 88' lang='lat' dir='ltr'>utrumque</span> 
     </span>
     <span class='ocr_line' id='line_1_23' title="bbox 188 3054 1365 3141; baseline -0.002 -17"><span class='ocrx_word' id='word_1_182' title='bbox 188 3059 409 3125; x_wconf 88' lang='lat' dir='ltr'>contumaciae</span> <span class='ocrx_word' id='word_1_183' title='bbox 429 3054 588 3131; x_wconf 86' lang='lat' dir='ltr'>ellectum,</span> <span class='ocrx_word' id='word_1_184' title='bbox 605 3060 641 3123; x_wconf 89' lang='lat' dir='ltr'>ut</span> <span class='ocrx_word' id='word_1_185' title='bbox 656 3056 799 3121; x_wconf 89' lang='lat' dir='ltr'>remedia</span> <span class='ocrx_word' id='word_1_186' title='bbox 822 3060 854 3121; x_wconf 93' lang='lat' dir='ltr'>in</span> <span class='ocrx_word' id='word_1_187' title='bbox 875 3061 1081 3122; x_wconf 90' lang='lat' dir='ltr'>contumaces</span> <span class='ocrx_word' id='word_1_188' title='bbox 1105 3057 1207 3141; x_wconf 86' lang='lat' dir='ltr'>magis</span> <span class='ocrx_word' id='word_1_189' title='bbox 1229 3077 1365 3141; x_wconf 90' lang='lat' dir='ltr'>respon-</span> 
     </span>
     <span class='ocr_line' id='line_1_24' title="bbox 190 3178 1363 3266; baseline -0.003 -18"><span class='ocrx_word' id='word_1_190' title='bbox 190 3182 305 3249; x_wconf 89' lang='lat' dir='ltr'>derent</span> <span class='ocrx_word' id='word_1_191' title='bbox 316 3186 384 3247; x_wconf 91' lang='lat' dir='ltr'>tum</span> <span class='ocrx_word' id='word_1_192' title='bbox 400 3180 504 3245; x_wconf 91' lang='lat' dir='ltr'>ordini</span> <span class='ocrx_word' id='word_1_193' title='bbox 521 3199 592 3243; x_wconf 87' lang='lat' dir='ltr'>can.</span> <span class='ocrx_word' id='word_1_194' title='bbox 610 3179 748 3244; x_wconf 90' lang='lat' dir='ltr'>iudiciali</span> <span class='ocrx_word' id='word_1_195' title='bbox 766 3182 798 3245; x_wconf 94' lang='lat' dir='ltr'>in</span> <span class='ocrx_word' id='word_1_196' title='bbox 815 3180 872 3246; x_wconf 92' lang='lat' dir='ltr'>lite</span> <span class='ocrx_word' id='word_1_197' title='bbox 887 3178 1072 3245; x_wconf 89' lang='lat' dir='ltr'>inchoanda</span> <span class='ocrx_word' id='word_1_198' title='bbox 1087 3186 1119 3244; x_wconf 91' lang='lat' dir='ltr'>et</span> <span class='ocrx_word' id='word_1_199' title='bbox 1131 3180 1363 3266; x_wconf 89' lang='lat' dir='ltr'>prosequenda,</span> 
     </span>
     <span class='ocr_line' id='line_1_25' title="bbox 189 3303 1364 3371; baseline 0 -1"><span class='ocrx_word' id='word_1_200' title='bbox 189 3312 256 3371; x_wconf 90' lang='lat' dir='ltr'>tum</span> <span class='ocrx_word' id='word_1_201' title='bbox 280 3306 420 3371; x_wconf 86' lang='lat' dir='ltr'>maxime</span> <span class='ocrx_word' id='word_1_202' title='bbox 443 3305 626 3370; x_wconf 86' lang='lat' dir='ltr'>auctoritati</span> <span class='ocrx_word' id='word_1_203' title='bbox 643 3308 675 3368; x_wconf 91' lang='lat' dir='ltr'>et</span> <span class='ocrx_word' id='word_1_204' title='bbox 697 3305 902 3369; x_wconf 87' lang='lat' dir='ltr'>reverentiae</span> <span class='ocrx_word' id='word_1_205' title='bbox 918 3303 1057 3369; x_wconf 90' lang='lat' dir='ltr'>iudicum</span> <span class='ocrx_word' id='word_1_206' title='bbox 1073 3305 1364 3370; x_wconf 86' lang='lat' dir='ltr'>ecclesiasticorum</span> 
     </span>
    </p>
   </div>
   <div class='ocr_carea' id='block_1_5' title="bbox 185 3432 1364 3625">
    <p class='ocr_par' dir='ltr' id='par_1_7' title="bbox 185 3432 1364 3625">
     <span class='ocr_line' id='line_1_26' title="bbox 187 3432 1364 3519; baseline -0.002 -20"><span class='ocrx_word' id='word_1_207' title='bbox 187 3434 382 3519; x_wconf 89' lang='lat' dir='ltr'>praesertim</span> <span class='ocrx_word' id='word_1_208' title='bbox 416 3432 658 3516; x_wconf 87' lang='lat' dir='ltr'>Episcoporum‚</span> <span class='ocrx_word' id='word_1_209' title='bbox 690 3433 723 3496; x_wconf 91' lang='lat' dir='ltr'>et</span> <span class='ocrx_word' id='word_1_210' title='bbox 754 3436 890 3495; x_wconf 89' lang='lat' dir='ltr'>naturae</span> <span class='ocrx_word' id='word_1_211' title='bbox 920 3432 1122 3517; x_wconf 90' lang='lat' dir='ltr'>negotiorum</span> <span class='ocrx_word' id='word_1_212' title='bbox 1153 3433 1364 3499; x_wconf 86' lang='lat' dir='ltr'>ecclesiastici</span> 
     </span>
     <span class='ocr_line' id='line_1_27' title="bbox 185 3558 259 3625; baseline 0.014 -2"><span class='ocrx_word' id='word_1_213' title='bbox 185 3558 259 3625; x_wconf 89' lang='lat' dir='ltr'>fori.</span> 
     </span>
    </p>
   </div>
   <div class='ocr_carea' id='block_1_6' title="bbox 184 3803 1365 4509">
    <p class='ocr_par' dir='ltr' id='par_1_8' title="bbox 186 3803 1365 4089">
     <span class='ocr_line' id='line_1_28' title="bbox 277 3803 1364 3877; baseline -0.002 -16"><span class='ocrx_word' id='word_1_214' title='bbox 277 3806 316 3877; x_wconf 87' lang='lat' dir='ltr'>(l)</span> <span class='ocrx_word' id='word_1_215' title='bbox 338 3806 418 3861; x_wconf 86' lang='lat' dir='ltr'>Unde</span> <span class='ocrx_word' id='word_1_216' title='bbox 436 3806 469 3860; x_wconf 90' lang='lat' dir='ltr'>ds</span> <span class='ocrx_word' id='word_1_217' title='bbox 489 3804 664 3859; x_wconf 86' lang='lat' dir='ltr'>contumacia</span> <span class='ocrx_word' id='word_1_218' title='bbox 683 3805 881 3875; x_wconf 84' lang='lat' dir='ltr'>procuratoris,</span> <span class='ocrx_word' id='word_1_219' title='bbox 901 3803 1009 3871; x_wconf 84' lang='lat' dir='ltr'>tutoris,</span> <span class='ocrx_word' id='word_1_220' title='bbox 1024 3821 1077 3858; x_wconf 89' lang='lat' dir='ltr'>non</span> <span class='ocrx_word' id='word_1_221' title='bbox 1091 3804 1234 3871; x_wconf 84' lang='lat' dir='ltr'>mandans,</span> <span class='ocrx_word' id='word_1_222' title='bbox 1247 3822 1303 3859; x_wconf 92' lang='lat' dir='ltr'>non</span> <span class='ocrx_word' id='word_1_223' title='bbox 1316 3822 1364 3874; x_wconf 88' lang='lat' dir='ltr'>pu·</span> 
     </span>
     <span class='ocr_line' id='line_1_29' title="bbox 188 3910 1365 3985; baseline -0.002 -18"><span class='ocrx_word' id='word_1_224' title='bbox 188 3913 274 3983; x_wconf 83' lang='lat' dir='ltr'>pillos</span> <span class='ocrx_word' id='word_1_225' title='bbox 294 3913 448 3985; x_wconf 86' lang='lat' dir='ltr'>puniendus</span> <span class='ocrx_word' id='word_1_226' title='bbox 467 3916 517 3979; x_wconf 89' lang='lat' dir='ltr'>est,</span> <span class='ocrx_word' id='word_1_227' title='bbox 533 3912 580 3966; x_wconf 89' lang='lat' dir='ltr'>sed</span> <span class='ocrx_word' id='word_1_228' title='bbox 601 3913 658 3981; x_wconf 87' lang='lat' dir='ltr'>ipse</span> <span class='ocrx_word' id='word_1_229' title='bbox 671 3914 835 3981; x_wconf 81' lang='lat' dir='ltr'>procurator</span> <span class='ocrx_word' id='word_1_230' title='bbox 847 3915 897 3964; x_wconf 88' lang='lat' dir='ltr'>ant</span> <span class='ocrx_word' id='word_1_231' title='bbox 910 3914 999 3977; x_wconf 77' lang='lat' dir='ltr'>tutor3</span> <span class='ocrx_word' id='word_1_232' title='bbox 1019 3916 1048 3966; x_wconf 88' lang='lat' dir='ltr'>et</span> <span class='ocrx_word' id='word_1_233' title='bbox 1066 3911 1098 3965; x_wconf 90' lang='lat' dir='ltr'>de</span> <span class='ocrx_word' id='word_1_234' title='bbox 1117 3910 1170 3965; x_wconf 86' lang='lat' dir='ltr'>hac</span> <span class='ocrx_word' id='word_1_235' title='bbox 1188 3911 1365 3965; x_wconf 85' lang='lat' dir='ltr'>contumacia</span> 
     </span>
     <span class='ocr_line' id='line_1_30' title="bbox 186 4016 814 4089; baseline -0.006 -16"><span class='ocrx_word' id='word_1_236' title='bbox 186 4020 331 4086; x_wconf 74' lang='lat' dir='ltr'>mundane,</span> <span class='ocrx_word' id='word_1_237' title='bbox 350 4018 472 4089; x_wconf 86' lang='lat' dir='ltr'>pupillus</span> <span class='ocrx_word' id='word_1_238' title='bbox 491 4018 627 4073; x_wconf 85' lang='lat' dir='ltr'>indemnis</span> <span class='ocrx_word' id='word_1_239' title='bbox 645 4017 705 4071; x_wconf 85' lang='lat' dir='ltr'>fieri</span> <span class='ocrx_word' id='word_1_240' title='bbox 725 4016 814 4071; x_wconf 73' lang='lat' dir='ltr'>dubet.</span> 
     </span>
    </p>

    <p class='ocr_par' dir='ltr' id='par_1_9' title="bbox 184 4120 1364 4509">
     <span class='ocr_line' id='line_1_31' title="bbox 275 4120 1363 4195; baseline -0.004 -18"><span class='ocrx_word' id='word_1_241' title='bbox 275 4122 317 4195; x_wconf 77' lang='lat'>(2)</span> <span class='ocrx_word' id='word_1_242' title='bbox 337 4122 379 4177; x_wconf 89' lang='lat' dir='ltr'>Ita</span> <span class='ocrx_word' id='word_1_243' title='bbox 398 4122 455 4177; x_wconf 82' lang='lat' dir='ltr'>cod.</span> <span class='ocrx_word' id='word_1_244' title='bbox 476 4122 536 4177; x_wconf 87' lang='lat' dir='ltr'>ltal.</span> <span class='ocrx_word' id='word_1_245' title='bbox 556 4138 629 4193; x_wconf 90' lang='lat' dir='ltr'>proc.</span> <span class='ocrx_word' id='word_1_246' title='bbox 650 4120 701 4176; x_wconf 90' lang='lat' dir='ltr'>civ.</span> <span class='ocrx_word' id='word_1_247' title='bbox 721 4121 820 4175; x_wconf 87' lang='lat' dir='ltr'>statuit</span> <span class='ocrx_word' id='word_1_248' title='bbox 840 4126 1004 4191; x_wconf 88' lang='lat' dir='ltr'>conceptum</span> <span class='ocrx_word' id='word_1_249' title='bbox 1017 4122 1209 4177; x_wconf 87' lang='lat' dir='ltr'>contumaciae</span> <span class='ocrx_word' id='word_1_250' title='bbox 1224 4131 1276 4175; x_wconf 81' lang='lat' dir='ltr'>art.</span> <span class='ocrx_word' id='word_1_251' title='bbox 1289 4123 1363 4187; x_wconf 79' lang='lat'>380,</span> 
     </span>
     <span class='ocr_line' id='line_1_32' title="bbox 186 4224 1362 4295; baseline -0.003 -14"><span class='ocrx_word' id='word_1_252' title='bbox 186 4228 255 4295; x_wconf 74' lang='lat'>381,</span> <span class='ocrx_word' id='word_1_253' title='bbox 274 4228 339 4293; x_wconf 82' lang='grc'><strong><em>401,</em></strong></span> <span class='ocrx_word' id='word_1_254' title='bbox 360 4227 431 4291; x_wconf 86' lang='grc'><strong><em>440,</em></strong></span> <span class='ocrx_word' id='word_1_255' title='bbox 450 4226 575 4281; x_wconf 82' lang='lat' dir='ltr'>imitatus</span> <span class='ocrx_word' id='word_1_256' title='bbox 600 4226 657 4279; x_wconf 88' lang='lat' dir='ltr'>cod.</span> <span class='ocrx_word' id='word_1_257' title='bbox 678 4224 829 4291; x_wconf 88' lang='lat' dir='ltr'>Gallicum;</span> <span class='ocrx_word' id='word_1_258' title='bbox 853 4225 980 4295; x_wconf 87' lang='lat' dir='ltr'>quamvis</span> <span class='ocrx_word' id='word_1_259' title='bbox 998 4226 1033 4279; x_wconf 82' lang='lat' dir='ltr'>ab</span> <span class='ocrx_word' id='word_1_260' title='bbox 1053 4224 1105 4278; x_wconf 91' lang='lat' dir='ltr'>hoc</span> <span class='ocrx_word' id='word_1_261' title='bbox 1125 4224 1265 4293; x_wconf 86' lang='lat' dir='ltr'>paulisper</span> <span class='ocrx_word' id='word_1_262' title='bbox 1283 4224 1362 4277; x_wconf 85' lang='lat' dir='ltr'>dissi·</span> 
     </span>
     <span class='ocr_line' id='line_1_33' title="bbox 186 4330 1364 4402; baseline 0.001 -19"><span class='ocrx_word' id='word_1_263' title='bbox 186 4332 259 4387; x_wconf 84' lang='lat' dir='ltr'>dost.</span> <span class='ocrx_word' id='word_1_264' title='bbox 273 4330 343 4385; x_wconf 85' lang='lat' dir='ltr'>Nam</span> <span class='ocrx_word' id='word_1_265' title='bbox 364 4331 421 4385; x_wconf 92' lang='lat' dir='ltr'>cod.</span> <span class='ocrx_word' id='word_1_266' title='bbox 442 4330 564 4385; x_wconf 85' lang='lat' dir='ltr'>Gallicus</span> <span class='ocrx_word' id='word_1_267' title='bbox 578 4332 751 4401; x_wconf 84' lang='lat' dir='ltr'>recognoscit</span> <span class='ocrx_word' id='word_1_268' title='bbox 769 4332 836 4385; x_wconf 88' lang='lat' dir='ltr'>duas</span> <span class='ocrx_word' id='word_1_269' title='bbox 856 4333 1047 4387; x_wconf 85' lang='lat' dir='ltr'>contumaciae</span> <span class='ocrx_word' id='word_1_270' title='bbox 1065 4333 1180 4401; x_wconf 84' lang='lat' dir='ltr'>species,</span> <span class='ocrx_word' id='word_1_271' title='bbox 1192 4348 1310 4402; x_wconf 86' lang='lat' dir='ltr'>quarum</span> <span class='ocrx_word' id='word_1_272' title='bbox 1322 4332 1364 4384; x_wconf 85' lang='lat' dir='ltr'>al-</span> 
     </span>
     <span class='ocr_line' id='line_1_34' title="bbox 184 4436 1363 4509; baseline -0.001 -18"><span class='ocrx_word' id='word_1_273' title='bbox 184 4440 246 4492; x_wconf 87' lang='lat' dir='ltr'>tera</span> <span class='ocrx_word' id='word_1_274' title='bbox 266 4437 385 4493; x_wconf 86' lang='lat' dir='ltr'>habetur</span> <span class='ocrx_word' id='word_1_275' title='bbox 405 4438 433 4493; x_wconf 90' lang='lat' dir='ltr'>in</span> <span class='ocrx_word' id='word_1_276' title='bbox 458 4454 512 4492; x_wconf 90' lang='lat' dir='ltr'>non</span> <span class='ocrx_word' id='word_1_277' title='bbox 537 4438 728 4508; x_wconf 81' lang='lat' dir='ltr'>comparando,</span> <span class='ocrx_word' id='word_1_278' title='bbox 747 4438 827 4492; x_wconf 89' lang='lat' dir='ltr'>initio</span> <span class='ocrx_word' id='word_1_279' title='bbox 852 4436 956 4505; x_wconf 89' lang='lat' dir='ltr'>iudicii,</span> <span class='ocrx_word' id='word_1_280' title='bbox 975 4454 1065 4509; x_wconf 88' lang='lat' dir='ltr'>neque</span> <span class='ocrx_word' id='word_1_281' title='bbox 1087 4454 1292 4508; x_wconf 79' lang='lat' dir='ltr'>personaque</span> <span class='ocrx_word' id='word_1_282' title='bbox 1312 4454 1363 4507; x_wconf 87' lang='lat' dir='ltr'>per</span> 
     </span>
    </p>
   </div>
   <div class='ocr_carea' id='block_1_7' title="bbox 0 0 1680 5117">
    <p class='ocr_par' dir='ltr' id='par_1_10' title="bbox 0 0 1680 5117">
     <span class='ocr_line' id='line_1_35' title="bbox 0 0 1680 5117; baseline 0 1"><span class='ocrx_word' id='word_1_283' title='bbox 0 0 1680 5117; x_wconf 95' lang='lat' dir='ltr'> </span> 
     </span>
    </p>
   </div>
  </div>
 </body>
</html>
