3350 5117
540 379 584 426 nn
604 379 746 444 iunmns
769 379 1034 428 nccunsrnsricis
1306 361 1371 428 279

195 501 338 568 siderate
361 505 535 590 agentium,
552 511 735 573 statuerunt
749 527 843 594 posse
859 512 1008 593 agentem
1029 506 1061 572 in
1077 506 1227 592 petitorio
1243 505 1373 592 regredi

195 625 237 691 ad
259 630 502 713 possessorium,
522 631 548 695 si
570 631 707 716 primam
730 633 940 697 intentionem
964 631 993 696 ei
1017 630 1157 718 probare
1172 627 1301 696 difficile
1316 635 1374 695 aut

194 753 391 840 impossibile
413 756 463 832 sit,
488 759 522 820 et
542 757 775 843 possessionem
800 758 954 822 evincere
978 759 1019 822 sit
1041 759 1144 843 magis
1170 757 1276 830 facile,
1301 777 1371 842 arg.

194 895 270 960 eap.
294 877 330 950 5,
354 877 405 945 De
427 899 520 946 enus.
539 899 631 965 poss.
656 886 689 947 et
710 899 836 965 propr.
862 881 897 944 X
916 880 973 966 (ΙΙ,
1000 882 1054 962 12)
1078 887 1110 945 et
1133 899 1208 966 cap.
1236 879 1295 961 36,
1322 881 1373 945 De
1455 910 1458 923 ·

194 1001 332 1068 testibus
354 1003 556 1089 X(11‚20).
581 1005 762 1091 Regressus
792 1005 1000 1090 permittitur,
1024 1003 1064 1070 de
1094 1005 1166 1069 iure
1195 1003 1371 1084 ordinario,

191 1133 319 1195 tantum
342 1129 376 1192 in
400 1149 505 1196 cansa
523 1131 663 1214 primae
683 1131 888 1213 irntantiae3
910 1128 967 1196 sed
990 1129 1138 1196 Clemens
1161 1129 1193 1193 V
1217 1130 1295 1195 tecit
1318 1149 1372 1194 ex·

191 1253 375 1337 ceptionem
399 1272 459 1336 pro
482 1254 587 1318 causis
605 1252 847 1320 beneficialibus
863 1252 895 1318 in
915 1254 1017 1320 Ctem.
1034 1273 1092 1318 nn.
1110 1253 1159 1320 De
1174 1271 1264 1319 caus.
1279 1271 1370 1335 poss.

193 1379 226 1440 et
243 1395 350 1460 prop.
367 1373 423 1459 (lt,
440 1377 483 1465 3),
501 1380 534 1442 in
554 1379 668 1463 quibus
691 1380 723 1444 in
747 1399 847 1446 causa
861 1377 1085 1465 appellationis
1107 1383 1173 1444 tum
1197 1376 1372 1463 appellanti

191 1503 261 1563 tum
276 1500 446 1586 appellato,
458 1501 519 1568 ait:
535 1525 554 1564 ‹
569 1502 670 1568 licere
685 1502 903 1568 decernimus
918 1502 1044 1567 nedum
1056 1499 1255 1584 petitorium.
1269 1500 1328 1565 sed
1340 1504 1372 1563 et

188 1624 443 1707 possessorium
465 1624 643 1691 intentare.
667 1627 772 1692 Elin
792 1625 972 1710 spatiantis
995 1625 1111 1692 odium
1143 1628 1221 1690 ante
1247 1641 1371 1690 causae

191 1746 446 1814 conetnsmnem
460 1749 668 1832 suspendere
678 1748 877 1832 petitoriam
894 1767 915 1814 a
931 1767 967 1814 se
982 1749 1033 1814 vel
1049 1747 1092 1814 ab
1108 1746 1307 1812 adversario
1323 1746 1371 1809 in·

192 1877 369 1948 tentatum,
394 1875 432 1940 in
454 1875 524 1941 soto
543 1875 753 1958 possessorio
775 1875 995 1959 procedendo
1018 1895 1050 1937 s.
1076 1873 1137 1939 Sed
1162 1872 1314 1937 Pontifex
1337 1873 1370 1936 in

192 1995 308 2061 eedem
333 2001 434 2062 const.
451 1994 644 2083 significavit
658 1997 728 2064 dari
744 1997 807 2063 hoo
822 1997 1027 2084 priuilegium
1053 1999 1085 2061 in
1112 2019 1130 2058 ‹
1147 2015 1251 2062 cansa
1274 1995 1369 2063 bene·

191 2118 301 2205 fleiati
311 2139 379 2202 per
394 2120 657 2203 appellationem
679 2121 727 2188 ad
749 2121 872 2188 Sedem
889 2119 955 2204 Ap.
972 2121 1119 2208 teqitime
1134 2119 1325 2186 devolutam
1338 2141 1370 2182 ».

191 2243 304 2319 Quare
327 2243 391 2308 hoe
406 2243 598 2310 observatur
612 2251 737 2312 mutum
760 2247 797 2312 in
822 2265 927 2314 eausa
943 2245 1128 2333 beneficiali
1151 2251 1183 2310 et
1205 2246 1240 2309 in
1261 2244 1371 2329 appel-

192 2371 315 2436 latione
338 2373 519 2437 instaurata
540 2373 637 2456 apud
660 2371 694 2439 S.
713 2371 844 2444 Sedent,
863 2393 927 2436 non
951 2372 1035 2458 apud
1051 2371 1172 2436 iudices
1188 2369 1370 2436 inferiores.

282 2495 359 2561 247.
383 2493 539 2564 Secundo
561 2498 663 2563 modo
679 2497 832 2588 cumulus
843 2494 912 2561 fieri
929 2501 1042 2584 potest,
1056 2497 1083 2562 si
1107 2500 1198 2560 actor
1214 2497 1372 2580 proponat

381 2581 664 2594 *vv—*nnn*-
673 2581 681 2588 ¹

186 2621 388 2706 petitoriam
411 2621 596 2704 aetionom,·
611 2641 688 2716 {2¹¹⁸
714 2622 926 2685 reconveniat
949 2622 982 2684 in
1006 2619 1203 2706 possessorio
1222 2618 1276 2683 vel
1297 2619 1370 2682 vioe

192 2766 301 2810 versa.
319 2746 465 2811 Adverte
488 2747 648 2812 cumulum
672 2745 745 2812 fieri
764 2747 828 2812 noc
845 2746 937 2811 modo
952 2766 1017 2811 non
1033 2765 1136 2831 posse,
1154 2743 1279 2830 quando
1295 2763 1371 2810 reus

191 2871 345 2954 excipiat
367 2875 482 2938 eontra
507 2871 731 2957 spoliatorem,
756 2870 841 2955 quia,
866 2871 912 2938 uti
944 2871 1006 2936 iam
1029 2869 1182 2942 diximus,
1206 2869 1370 2952 spoliabis

190 3001 273 3062 ante
296 2995 414 3062 omnio
429 2995 654 3062 restituendus
677 3000 734 3070 est,
752 3015 813 3061 nec
839 2995 993 3080 spoliatus
1009 2994 1137 3060 auditur
1160 2993 1368 3078 inpediente,

191 3121 255 3186 nisi
278 3121 385 3185 omnia
407 3120 596 3186 restituerit.

282 3247 329 3313 At
351 3246 498 3312 cumulus
520 3245 736 3313 admittendus
752 3265 815 3310 non
841 3219 898 3318 est,
916 3243 1042 3330 absque
1062 3243 1172 3312 dnbio,
1190 3243 1266 3308 inre
1282 3261 1368 3314 can„

191 3368 321 3452 quando
344 3374 437 3434 ector
459 3370 643 3455 interponat
665 3368 872 3434 interdictum
896 3367 1138 3453 adipiscendae
1161 3366 1369 3452 possessionis

190 3497 325 3559 atreus
359 3492 503 3558 instituat
533 3492 682 3560 iudicium
712 3493 929 3579 proprietatis.
953 3493 1081 3558 Adnoto
1111 3492 1238 3575 absque
1267 3489 1368 3556 dubio

189 3615 370 3696 inre’ean.,
387 3635 461 3680 nem
477 3617 714 3701 praetermissis
729 3617 794 3681 DD.
812 3615 1050 3700 quaestionibus
1074 3616 1105 3678 in
1127 3615 1176 3680 ius
1191 3633 1366 3685 romanum,

190 3741 263 3805 iure
278 3740 435 3806 canonico
450 3760 515 3806 non
531 3746 635 3827 potest
650 3743 768 3809 iuriam
783 3742 997 3828 spiritualium
1021 3746 1055 3806 et
1077 3739 1367 3805 ecclesiasticorum

189 3861 331 3926 obtineri
355 3859 506 3928 immissio
529 3866 739 3949 possessionis
756 3865 878 3949 absque
901 3864 1003 3930 titula.
1025 3862 1075 3946 Cf.
1093 3884 1118 3930 a.
1137 3883 1164 3928 e.
1180 3863 1215 3936 2,
1233 3861 1266 3934 3,
1284 3860 1315 3934 4,
1334 3860 1366 3934 6,

190 3982 245 4049 De
267 4003 374 4050 eausa
391 4002 484 4067 poss.
509 3991 541 4052 et
558 4006 660 4070 prop.
685 3989 720 4051 X
741 3987 797 4072 (Il,
826 3986 880 4070 12)
905 3993 936 4052 et
958 3987 1041 4074 Req.
1066 3990 1093 4062 1,
1119 3989 1192 4052 lnr.
1213 3987 1252 4051 in
1276 3985 1307 4050 6.

280 4103 357 4171 248.
370 4105 511 4194 stipando
526 4108 733 4173 cumulantur
748 4128 865 4173 causae
878 4111 1085 4196 proprietatis
1101 4113 1134 4178 et
1148 4108 1366 4193 possessionis,

189 4226 338 4292 aiudiee
368 4228 459 4312 prius
489 4231 745 4317 cognoscendum
776 4233 816 4298 de
844 4252 942 4298 causa
972 4233 1182 4320 possessionis
1211 4229 1368 4315 quamde

189 4349 536 4458 eaumit'proprietatis,
560 4377 603 4422 ex
626 4358 679 4424 cit.
703 4377 777 4441 eap.
794 4359 830 4439 2,
852 4358 902 4424 De
926 4377 1016 4426 cans.
1029 4377 1120 4441 poss.
1138 4363 1169 4423 et
1187 4355 1366 4441 propriet,

191 4481 307 4565 quippe
330 4481 478 4547 cumulus
492 4484 638 4548 consistit
653 4486 686 4549 in
702 4483 906 4549 admittendis
921 4484 1043 4551 duabus
1061 4483 1239 4551 actionibus
1255 4481 1366 4548 eodem
