3350 5117
532 388 576 435 DE
599 386 739 437 runlclrs
762 388 1028 437 nccnnsmsrtcls
1304 372 1371 439 533

186 516 224 577 ut
247 509 303 577 fiat
317 512 486 580 conclusio
501 514 538 579 in
554 533 677 597 cuuso;
693 514 776 599 quod
800 514 948 584 decernit
966 516 1074 597 iudex,
1091 516 1254 583 admonita
1269 518 1367 583 etiam

184 635 327 701 adversa
354 642 457 721 parte,
481 643 577 723 atque
608 640 702 703 unius
724 644 757 703 et
779 639 914 705 alterins
936 642 1038 726 partis
1068 641 1236 727 perpensis
1265 642 1370 707 ratio·

187 760 292 827 nibus.
317 762 533 836 Quamobrem
556 762 722 829 decretum
739 766 908 829 continens
932 765 1180 833 conclusionem
1203 764 1242 831 in
1262 784 1369 833 causo

185 881 372 970 significare
396 883 499 959 debet,
513 883 553 950 ad
575 885 639 951 hoc
655 885 826 951 deventum
851 906 922 951 esse
945 887 1029 970 quia,
1045 887 1099 951 vel
1120 906 1186 953 una
1209 892 1242 952 et
1264 888 1370 954 altera

188 1029 265 1095 pars
281 1010 527 1096 expostularunt
542 1012 791 1079 conclusionem
805 1012 844 1077 in
860 1031 981 1083 cuuso,
998 1013 1050 1078 vel
1067 1015 1150 1097 quia,
1164 1033 1229 1079 une
1243 1018 1367 1081 tantum

187 1132 328 1201 instante
352 1140 454 1220 parte,
482 1136 535 1199 vel
565 1136 634 1221 ipsa
656 1136 810 1221 exigente
839 1136 1011 1220 aequitate,
1039 1136 1150 1202 dilatio
1181 1137 1370 1222 probatoria

186 1257 325 1344 amplius
347 1258 566 1344 protrahenda
590 1280 655 1325 non
680 1265 760 1325 erat.

277 1384 322 1449 At
342 1383 380 1448 in
403 1382 564 1465 ciuilibus,
590 1385 705 1469 quippe
726 1390 803 1449 tunc
825 1386 934 1470 agitur
954 1384 994 1450 de
1017 1384 1140 1450 iuribus
1155 1386 1367 1470 privatorum,

185 1506 357 1575 conclusio
370 1509 536 1575 ordinario
544 1508 732 1574 conceditur
743 1508 784 1573 ad
795 1510 996 1576 instantium
1008 1512 1114 1576 nnius
1126 1512 1178 1577 oet
1190 1511 1370 1596 utriusque

153 1652 159 1665 ·
185 1634 306 1716 portis,
323 1654 404 1720 quae
428 1636 669 1722 expostulantes
684 1636 842 1702 concludi
864 1636 901 1700 in
921 1656 1026 1702 cansa
1048 1642 1304 1721 praesumuntur
1321 1656 1371 1701 re-

188 1758 346 1823 nunciare
368 1759 431 1823 iuri
458 1778 524 1841 suc,
553 1755 708 1824 afferendi
738 1778 854 1845 nempe
882 1758 961 1825 alias
985 1759 1202 1844 probationes.
1228 1794 1274 1806 -
1298 1758 1370 1823 Hoc

185 1903 284 1950 sensu
308 1886 423 1971 passim
440 1888 626 1951 canonistae
649 1891 799 1951 asserunt
822 1886 1071 1953 conclusionem
1088 1888 1125 1951 in
1148 1906 1255 1953 causo
1271 1888 1372 1951 conti·

187 2026 268 2071 nere
284 2008 559 2073 renunciationem
576 2007 740 2072 ulterioris
757 2006 972 2093 probationis;
996 2008 1037 2072 cl.
1063 2007 1369 2094 Schmalzgrueben

182 2126 340 2196 Desunt.
363 2135 395 2196 ct
416 2149 455 2195 rc
477 2130 559 2211 iud,
588 2151 622 2196 n.
651 2128 675 2195 3
701 2149 768 2216 seq.
794 2167 839 2180 -
863 2130 991 2196 Exinde
1014 2131 1111 2198 iudex
1135 2133 1172 2197 in
1204 2133 1368 2206 ciuilibus,

187 2258 324 2343 utraque
347 2259 440 2339 parte
458 2256 599 2321 instante
615 2274 674 2340 pro
690 2254 904 2321 conclusione
918 2256 955 2321 in
971 2274 1086 2330 consa,
1100 2255 1196 2321 lacile
1220 2256 1369 2321 eamdem

139 2406 140 2411 ¹
186 2378 354 2443 concedet.
376 2415 421 2427 -
445 2378 549 2453 Quum
575 2398 655 2443 vero
679 2398 744 2456 nna
774 2398 851 2466 pars
881 2380 1004 2465 expetit
1026 2378 1208 2445 huiusmodi
1232 2381 1370 2447 conclu-

187 2501 315 2568 sionem
332 2502 443 2567 atalia
459 2508 574 2570 contra
590 2503 676 2576 dicit,
697 2501 827 2568 deliniet
849 2502 1044 2569 incidentem
1063 2506 1295 2588 quaestionem,
1313 2503 1370 2568 ha-

187 2627 261 2694 bitis
284 2648 363 2715 prae
389 2627 491 2693 oculis
514 2629 564 2693 his
580 2630 710 2715 regulis,
728 2647 843 2712 nempe
865 2627 1050 2710 fraudibus
1071 2648 1142 2693 non
1165 2647 1236 2695 csse
1251 2629 1370 2694 indul·

185 2752 338 2839 pendurn
363 2788 380 2801 -
398 2752 665 2851 ⁴favorabiliores
695 2771 765 2817 esse
795 2751 847 2818 rei
865 2758 985 2836 partes
1009 2788 1027 2800 -
1052 2770 1238 2819 causarum
1267 2754 1370 2819 ceteri

185 2878 396 2961 cupeditioni
417 2879 625 2946 studendum
648 2897 727 2945 esse.

277 3003 392 3069 Editur
422 3024 501 3069 vero
524 3024 570 3071 eac
600 3005 708 3091 officio
739 3006 833 3070 etiam
865 3004 902 3069 in
925 3003 1078 3071 ciuilibus
1101 3004 1164 3070 hoc
1187 3004 1369 3080 decretum,

184 3128 313 3211 quando
337 3128 435 3194 iudex
465 3130 623 3214 percipiat
645 3130 782 3194 alteram
806 3134 933 3214 partem
955 3127 1071 3193 fraude
1094 3128 1184 3194 abuti
1214 3128 1370 3195 dilatione

186 3252 380 3337 probatoria.
406 3254 497 3318 Tunc
520 3254 579 3319 etsi
597 3273 661 3318 non
684 3254 782 3318 instet
804 3252 943 3317 adversa
965 3271 1043 3338 pars
1066 3254 1158 3318 cuius
1183 3255 1369 3325 interesset,

187 3378 393 3443 nihilominus
416 3377 515 3444 iudex
538 3380 570 3443 in
594 3378 711 3444 bonum
734 3380 875 3444 iustitiae
891 3397 937 3444 cac
959 3378 1068 3463 officio
1091 3383 1199 3463 potest
1215 3378 1370 3444 ordinare

185 3486 434 3565 conclusionem
459 3500 497 3564 in
519 3518 635 3567 causo.

278 3625 316 3688 ln
339 3624 574 3693 criminalibus
587 3624 721 3708 aliisque
736 3625 842 3690 causis
858 3644 922 3688 non
945 3625 1077 3710 proprie
1101 3624 1249 3690 civilibus
1265 3626 1369 3689 veluti

189 3746 476 3813 matrimonialibus
506 3747 657 3812 statuitur
686 3746 855 3812 conclusio
887 3746 924 3810 in
954 3763 1059 3811 causo
1094 3746 1141 3811 od
1168 3746 1369 3811 instantium

188 3876 409 3958 procuratoris
431 3871 549 3938 fiscalis
572 3874 624 3938 vel
655 3875 788 3938 alterius
819 3873 986 3957 litigantis.
1010 3873 1055 3939 At
1085 3874 1167 3938 haec
1191 3893 1237 3940 eu
1261 3873 1369 3959 officio

186 4017 317 4084 semper
346 3999 556 4084 pronunciari
582 3995 677 4062 debet
700 3999 732 4061 in
756 3996 939 4063 huiusmodi
963 3998 1077 4071 causis,
1103 4000 1370 4085 quotiescumque

187 4121 251 4186 hoc
274 4122 456 4208 expostulet
479 4121 599 4187 iustitia
622 4118 740 4185 indicii.

278 4244 353 4310 532.
386 4242 448 4309 Sed
479 4243 653 4327 quaeritur,
678 4260 719 4305 an
749 4241 832 4307 baec
863 4242 1049 4307 solemnitas
1072 4243 1303 4310 conclusionis
1332 4244 1370 4308 in

187 4388 294 4435 consu
316 4370 357 4434 sit
379 4366 564 4433 necessaria
586 4366 627 4431 ad
650 4366 860 4431 substantiam
876 4386 1056 4451 processus,
1080 4367 1194 4432 saltem
1219 4368 1257 4433 in
1284 4366 1371 4433 iudi-

187 4491 248 4558 ciis
270 4491 469 4559 ordinariis.
