3350 5117
506 343 551 388 na
575 341 713 390 romans
737 340 1002 388 secessissrrcrs
1250 391 1255 402 ,
1277 321 1344 387 343

161 462 308 545 biennio,
326 483 520 548 permanere
549 463 633 549 apud
664 462 810 529 eumdem
836 463 984 543 iudicem,
1008 465 1068 529 etsi
1098 462 1139 526 lis
1165 461 1205 526 ad
1234 463 1345 548 plures

161 606 268 652 annos
299 589 520 675 protrahatur.
546 587 707 672 Siquidem
738 588 884 674 legitima
917 589 1050 674 agitatio
1080 587 1145 653 litis
1174 586 1344 671 aliquando

161 712 286 797 absque
318 713 432 778 iudicis
462 720 518 781 aut
547 715 686 799 partium
715 714 810 799 culpa
833 715 962 800 longius
992 713 1176 798 expostulat
1201 718 1344 799 tempus;

162 839 307 902 maiores
329 857 409 901 vero
424 838 526 922 exigit
541 857 711 923 expensas,
735 839 761 902 si
778 837 864 923 apud
888 837 1024 902 iudicem
1045 838 1244 922 superiorem
1260 836 1346 901 dete

163 969 268 1036 ratur,
294 965 334 1029 ad
360 983 453 1048 quem
473 964 673 1038 convocandi
697 969 771 1030 sunt
794 968 893 1029 testes
909 965 1005 1029 etiam
1022 984 1040 1028 e
1055 963 1239 1048 longinquo,
1256 962 1346 1028 exhi·

162 1089 270 1156 banda
294 1090 509 1156 instrumenta
532 1095 564 1155 et
586 1091 650 1155 alia
674 1090 870 1175 probationis
900 1089 1005 1154 media
1031 1089 1246 1175 producenda,
1264 1109 1345 1173 quae

163 1223 240 1282 sunt
255 1218 358 1302 magis
378 1216 485 1282 facilia
500 1218 533 1281 in
549 1217 620 1282 loco
644 1217 793 1283 domicilii
810 1216 1005 1303 litigantium
1021 1216 1077 1302 (l).
1095 1217 1166 1281 Hac
1183 1217 1222 1282 de
1237 1237 1343 1291 causa,

164 1342 253 1407 Trid.
281 1343 378 1407 Cone.
404 1342 547 1427 partibus
571 1344 619 1408 ius
641 1342 719 1410 iecit
741 1342 880 1408 adeundi
912 1343 1031 1409 iudices
1063 1345 1247 1428 superiores
1274 1347 1345 1429 post

163 1464 350 1540 biennium;
374 1465 428 1530 sed
452 1467 676 1533 necessitatem
700 1470 864 1553 praecepti
896 1487 962 1532 non
989 1469 1146 1553 imposuit.

260 1591 332 1655 Hoc
355 1590 435 1654 adeo
457 1611 571 1655 rerum
596 1594 644 1656 est
667 1596 702 1656 ut
724 1591 900 1676 litigantes,
917 1590 956 1655 ob
981 1593 1118 1656 maiores
1139 1611 1298 1677 expensas
1314 1595 1346 1656 et

164 1713 276 1779 iudicii
292 1711 334 1778 ad
349 1713 556 1799 Superiorem
572 1713 669 1779 delati
686 1711 926 1786 difficultatem,
943 1713 1086 1778 remedio
1106 1712 1228 1780 aTrid.
1248 1714 1344 1781 (lonc.

166 1838 300 1904 inducto
331 1857 443 1920 parum
476 1843 617 1905 utantur.
643 1838 691 1903 ot.
721 1838 901 1924 Pellegrini
933 1859 983 1925 op.
1012 1840 1064 1902 cit.
1089 1841 1111 1920 ἓ
1135 1839 1167 1904 ΙΙ
1195 1844 1270 1904 sect.
1296 1838 1344 1911 ΙΙ,

168 1961 309 2028 subsect.
327 1962 363 2025 11
383 1981 442 2026 nn.
460 1961 574 2026 ‹it-io.
600 1963 643 2027 At
665 1963 759 2048 praxi
784 1963 914 2027 forensi
940 1983 1009 2026 mos
1035 1961 1171 2028 obtinuit
1193 1968 1228 2027 ut
1250 1963 1348 2028 inter-

240 2223 280 2292 (Ι)
301 2223 460 2292 Antequam
479 2222 654 2276 absolvamus
673 2225 869 2277 tractationem
889 2223 922 2278 de
939 2227 1161 2294 praescriptione
1179 2240 1272 2279 rerum
1288 2225 1347 2278 sire

68 2323 71 2326 ’
168 2331 312 2384 actionum
338 2333 367 2384 et
391 2329 424 2384 de
445 2332 637 2400 peremptione
656 2331 862 2396 instantiarum,
879 2332 956 2385 iuvat
982 2349 1112 2388 revocare
1136 2332 1204 2386 duas
1222 2332 1346 2387 celebres

169 2435 283 2502 regulas
297 2433 490 2500 cancellariae,
501 2451 617 2505 quarum
631 2435 729 2501 altere,
743 2453 844 2506 nempe
863 2455 923 2506 rep.
934 2439 988 2504 35,
997 2455 1027 2492 se
1041 2440 1126 2493 refert
1136 2439 1169 2491 ad
1178 2439 1348 2515 peremptio-

167 2557 232 2594 nem
252 2540 463 2604 instantiarum
483 2539 573 2594 altera
588 2557 686 2609 nempe
700 2557 758 2610 rep.
772 2541 817 2594 36
830 2541 865 2594 ad
874 2546 1127 2613 praescriptionem
1139 2543 1345 2597 beneficiorum.

168 2647 238 2717 Reg.
259 2647 295 2704 35
313 2649 355 2702 ita
373 2664 402 2701 se
421 2647 514 2702 habet:
535 2647 639 2704 aldem
659 2649 733 2702 Dr'ms
752 2649 855 2703 Noster
874 2654 905 2703 ut
924 2649 1041 2718 improbi
1061 2649 1130 2724 lites·
1141 2651 1346 2720 exquirentium

170 2756 265 2806 motus
284 2754 486 2822 reprimantur3
508 2753 604 2820 voluit,
623 2755 723 2810 statuit
742 2760 770 2810 et
789 2754 943 2822 ordinavit,
957 2755 1028 2826 quod
1054 2757 1221 2825 quicumque
1242 2757 1346 2810 benefi-

166 2860 240 2914 cium
268 2860 497 2927 ecclesiasticum,
515 2866 582 2916 tuno
607 2879 654 2931 per
679 2879 782 2914 annum
808 2861 968 2915 immediate
993 2861 1203 2930 praecedentem
1230 2862 1345 2929 pacifice

168 2985 336 3040 possessum,
352 2973 380 3024 et
398 2969 470 3040 quod
490 2975 566 3025 recto
585 2971 664 3024 modo
684 2987 786 3026 vacare
807 2971 972 3040 praetendit,
992 2971 1121 3039 deinceps
1139 2970 1346 3038 impetraverit:

170 3091 287 3142 nomen,
308 3075 423 3144 gradum
449 3081 477 3130 et
503 3075 678 3130 nobilitatem
706 3077 872 3145 possessoris
898 3077 1020 3131 eiusdem
1045 3082 1073 3130 et
1092 3077 1253 3145 quotannis
1276 3075 1347 3130 illud

167 3183 227 3251 ipse
245 3181 376 3250 possedit·
396 3187 426 3236 et
444 3183 601 3252 specificam
620 3184 649 3236 et
667 3183 890 3248 determinatam,
903 3184 932 3236 in
945 3199 999 3252 qua
1012 3181 1087 3236 clare
1101 3187 1229 3237 constare
1243 3183 1346 3252 poterit

167 3287 241 3357 quod
262 3287 370 3342 nullum
389 3287 440 3356 ipsi
461 3288 610 3357 possessori
635 3289 664 3341 in
689 3288 764 3342 dicto
790 3290 926 3344 beneficio
950 3289 993 3342 ius
1018 3292 1168 3358 competat,
1186 3305 1297 3342 causam
1316 3289 1345 3343 in

167 3392 326 3446 huiusmodi
345 3393 541 3461 impetratione
560 3395 714 3463 exprimere
735 3404 761 3448 et
779 3396 858 3463 infra
871 3412 922 3448 sea
933 3412 1043 3449 mermes
1055 3399 1147 3465 ipsum
1155 3411 1346 3466 possessorem

168 3503 206 3554 ad
224 3502 360 3555 iudicium
379 3503 490 3554 evocari
508 3505 604 3571 facere
624 3519 791 3572 causamque
812 3520 849 3555 ex
870 3513 935 3556 tunc
954 3505 1076 3572 desuper
1091 3505 1168 3570 infra
1184 3519 1289 3556 annum
1300 3520 1347 3556 us-

99 3619 102 3624 “
168 3625 220 3676 que
239 3610 278 3660 aa
297 3608 461 3660 sententiam
478 3608 650 3677 definitivam
662 3608 799 3662 inclusiue
811 3611 948 3680 prosequi
966 3611 1064 3664 debeat
1077 3619 1104 3662 et
1117 3618 1258 3676 teneatur,·
1272 3610 1346 3662 alio-

167 3715 234 3784 quin
260 3715 418 3784 impetratio
439 3715 589 3784 praedicta
611 3723 637 3770 et
662 3732 862 3784 quaecumque,
882 3717 990 3769 nullius
1015 3718 1115 3770 existat
1138 3718 1287 3786 firmitatis.
1310 3715 1347 3770 m

167 3822 243 3874 idem
263 3821 417 3890 impetrans
436 3823 471 3875 de
490 3823 600 3876 damnis
618 3833 645 3876 et
664 3824 799 3877 interesse
819 3828 902 3877 etc.»
922 3823 971 3878 Uti
988 3828 1075 3892 patet,
1085 3824 1185 3893 regula
1197 3825 1347 3893 compescit

166 3925 279 3978 fraudes
300 3927 363 3979 lites
382 3927 588 3996 exquirentium
607 3927 754 3981 statuendo
774 3931 883 3981 certam
900 3931 1123 3999 peremptionem
1141 3931 1346 3983 instantiarum.

165 4059 203 4072 -
221 4029 289 4084 Alia
307 4030 406 4100 regula
424 4047 491 4085 vero
511 4031 554 4098 36,
575 4031 701 4087 decernit
725 4034 855 4102 beneficii
881 4034 1081 4104 usucapionem
1104 4053 1161 4106 per
1178 4035 1347 4089 triennalem

163 4137 315 4206 pacificam
334 4139 544 4206 possessionem.
565 4137 640 4191 Haec
665 4143 708 4192 est
730 4137 846 4207 regulae
872 4138 1001 4203 intentio,
1020 4139 1064 4192 cui
1090 4139 1256 4193 obtinendae
1279 4157 1345 4194 sane

166 4241 321 4312 requiritur
339 4241 411 4295 bona
430 4243 458 4310 f,
472 4243 519 4297 sed
540 4243 568 4297 iu
586 4245 716 4298 effectum
734 4243 817 4298 huius
839 4244 954 4314 regulae
972 4245 1138 4299 adamussim
1154 4244 1271 4316 quadrat
1283 4262 1348 4300 con·

167 4349 264 4416 ceptus
283 4345 347 4398 bi.
372 4361 390 4398 a
415 4346 494 4400 nobis
519 4346 682 4416 explicatus,
702 4348 859 4403 consistens
889 4364 944 4403 non
968 4349 997 4401 in
1020 4349 1198 4418 persuasione
1223 4351 1345 4416 dominii,

166 4450 214 4512 sed
233 4450 261 4503 in
282 4451 462 4519 persuasione
480 4453 585 4507 nemini
604 4452 735 4512 iniuriam
753 4454 899 4508 inferendi.
