<?xml version="1.0" encoding="UTF-8"?>
<!DOCTYPE html PUBLIC "-//W3C//DTD XHTML 1.0 Transitional//EN"
    "http://www.w3.org/TR/xhtml1/DTD/xhtml1-transitional.dtd">
<html xmlns="http://www.w3.org/1999/xhtml" xml:lang="en" lang="en">
 <head>
  <title>
</title>
<meta http-equiv="Content-Type" content="text/html;charset=utf-8" />
  <meta name='ocr-system' content='tesseract 3.04.00' />
  <meta name='ocr-capabilities' content='ocr_page ocr_carea ocr_par ocr_line ocrx_word'/>
</head>
<body>
  <div class='ocr_page' id='page_1' title='image "./praelectionesin01legagoog_0263.png"; bbox 0 0 3350 5117; ppageno 0'>
   <div class='ocr_carea' id='block_1_1' title="bbox 861 0 1650 1">
    <p class='ocr_par' dir='ltr' id='par_1_1' title="bbox 861 0 1650 1">
     <span class='ocr_line' id='line_1_1' title="bbox 861 0 1650 1; baseline 0 0"><span class='ocrx_word' id='word_1_1' title='bbox 861 0 1650 1; x_wconf 95' lang='lat' dir='ltr'><strong> </strong></span> 
     </span>
    </p>
   </div>
   <div class='ocr_carea' id='block_1_2' title="bbox 526 351 1362 434">
    <p class='ocr_par' dir='ltr' id='par_1_2' title="bbox 526 351 1362 434">
     <span class='ocr_line' id='line_1_2' title="bbox 526 351 1362 434; baseline -0.004 -1"><span class='ocrx_word' id='word_1_2' title='bbox 526 386 571 433; x_wconf 85' lang='grc' dir='ltr'><strong>ηη</strong></span> <span class='ocrx_word' id='word_1_3' title='bbox 595 386 734 434; x_wconf 82' lang='lat' dir='ltr'><strong>runicus</strong></span> <span class='ocrx_word' id='word_1_4' title='bbox 757 351 1023 434; x_wconf 78' lang='lat' dir='ltr'><strong>sccuasrnsriors</strong></span> <span class='ocrx_word' id='word_1_5' title='bbox 1297 365 1362 434; x_wconf 85' lang='lat'><strong>261</strong></span> 
     </span>
    </p>
   </div>
   <div class='ocr_carea' id='block_1_3' title="bbox 175 504 1366 1217">
    <p class='ocr_par' dir='ltr' id='par_1_3' title="bbox 175 504 1366 694">
     <span class='ocr_line' id='line_1_3' title="bbox 176 504 1366 590; baseline 0.002 -20"><span class='ocrx_word' id='word_1_6' title='bbox 176 505 341 570; x_wconf 60' lang='lat' dir='ltr'><strong>emordet</strong></span> <span class='ocrx_word' id='word_1_7' title='bbox 363 504 400 569; x_wconf 82' lang='lat' dir='ltr'><strong>in</strong></span> <span class='ocrx_word' id='word_1_8' title='bbox 424 504 543 571; x_wconf 82' lang='lat' dir='ltr'><strong>uitium</strong></span> <span class='ocrx_word' id='word_1_9' title='bbox 557 512 590 572; x_wconf 88' lang='lat' dir='ltr'><strong>et</strong></span> <span class='ocrx_word' id='word_1_10' title='bbox 612 506 705 590; x_wconf 82' lang='lat' dir='ltr'><strong>quod</strong></span> <span class='ocrx_word' id='word_1_11' title='bbox 725 525 797 572; x_wconf 78' lang='lat' dir='ltr'><strong>aon</strong></span> <span class='ocrx_word' id='word_1_12' title='bbox 819 507 964 572; x_wconf 80' lang='lat' dir='ltr'><strong>muttum</strong></span> <span class='ocrx_word' id='word_1_13' title='bbox 980 506 1118 572; x_wconf 79' lang='lat' dir='ltr'><strong>interest</strong></span> <span class='ocrx_word' id='word_1_14' title='bbox 1140 504 1256 590; x_wconf 82' lang='lat' dir='ltr'><strong>quoad</strong></span> <span class='ocrx_word' id='word_1_15' title='bbox 1267 505 1366 589; x_wconf 70' lang='grc' dir='ltr'><strong>ροντ’-</strong></span> 
     </span>
     <span class='ocr_line' id='line_1_4' title="bbox 175 628 586 694; baseline -0.002 0"><span class='ocrx_word' id='word_1_16' title='bbox 175 629 299 694; x_wconf 78' lang='lat' dir='ltr'><strong>cutum</strong></span> <span class='ocrx_word' id='word_1_17' title='bbox 322 628 461 694; x_wconf 78' lang='lat' dir='ltr'><strong>animae</strong></span> <span class='ocrx_word' id='word_1_18' title='bbox 482 633 542 694; x_wconf 89' lang='lat' dir='ltr'><strong>etc.</strong></span> <span class='ocrx_word' id='word_1_19' title='bbox 568 650 586 693; x_wconf 62' lang='grc' dir='ltr'>η</span> 
     </span>
    </p>

    <p class='ocr_par' dir='ltr' id='par_1_4' title="bbox 176 753 1366 1217">
     <span class='ocr_line' id='line_1_5' title="bbox 271 753 1365 840; baseline 0.003 -22"><span class='ocrx_word' id='word_1_20' title='bbox 271 755 398 818; x_wconf 86' lang='lat' dir='ltr'><strong>Verum</strong></span> <span class='ocrx_word' id='word_1_21' title='bbox 422 753 506 837; x_wconf 91' lang='lat' dir='ltr'><strong>qued</strong></span> <span class='ocrx_word' id='word_1_22' title='bbox 529 774 593 820; x_wconf 90' lang='lat' dir='ltr'><strong>uno</strong></span> <span class='ocrx_word' id='word_1_23' title='bbox 616 755 721 840; x_wconf 78' lang='lat' dir='ltr'><strong>gradu</strong></span> <span class='ocrx_word' id='word_1_24' title='bbox 747 789 764 802; x_wconf 91' lang='lat'>-</span> <span class='ocrx_word' id='word_1_25' title='bbox 789 753 940 822; x_wconf 79' lang='lat' dir='ltr'><strong>obstante</strong></span> <span class='ocrx_word' id='word_1_26' title='bbox 962 753 1051 820; x_wconf 81' lang='lat' dir='ltr'><strong>iuris</strong></span> <span class='ocrx_word' id='word_1_27' title='bbox 1074 753 1181 820; x_wconf 71' lang='lat' dir='ltr'><strong>civitts</strong></span> <span class='ocrx_word' id='word_1_28' title='bbox 1203 754 1320 840; x_wconf 65' lang='lat' dir='ltr'><strong>ripere</strong></span> <span class='ocrx_word' id='word_1_29' title='bbox 1345 789 1365 803; x_wconf 94' lang='lat'><em>-</em></span> 
     </span>
     <span class='ocr_line' id='line_1_6' title="bbox 177 875 1366 966; baseline 0 -22"><span class='ocrx_word' id='word_1_30' title='bbox 177 875 230 960; x_wconf 82' lang='lat' dir='ltr'><strong>(et</strong></span> <span class='ocrx_word' id='word_1_31' title='bbox 251 879 323 960; x_wconf 89' lang='lat' dir='ltr'><strong>quis</strong></span> <span class='ocrx_word' id='word_1_32' title='bbox 345 879 475 964; x_wconf 83' lang='lat' dir='ltr'>ignorat</span> <span class='ocrx_word' id='word_1_33' title='bbox 497 878 637 944; x_wconf 91' lang='lat' dir='ltr'><strong>studium</strong></span> <span class='ocrx_word' id='word_1_34' title='bbox 660 899 725 966; x_wconf 91' lang='lat' dir='ltr'><strong>quo</strong></span> <span class='ocrx_word' id='word_1_35' title='bbox 748 884 827 944; x_wconf 99' lang='grc' dir='ltr'><strong>ωηο</strong></span> <span class='ocrx_word' id='word_1_36' title='bbox 849 880 982 944; x_wconf 88' lang='lat' dir='ltr'><strong>iuristae</strong></span> <span class='ocrx_word' id='word_1_37' title='bbox 1005 883 1039 946; x_wconf 90' lang='lat' dir='ltr'><strong>et</strong></span> <span class='ocrx_word' id='word_1_38' title='bbox 1054 879 1241 944; x_wconf 83' lang='lat' dir='ltr'><strong>canonistas</strong></span> <span class='ocrx_word' id='word_1_39' title='bbox 1257 897 1366 964; x_wconf 88' lang='lat' dir='ltr'><strong>prose·</strong></span> 
     </span>
     <span class='ocr_line' id='line_1_7' title="bbox 178 982 1366 1091; baseline 0 -25"><span class='ocrx_word' id='word_1_40' title='bbox 178 1002 365 1085; x_wconf 88' lang='lat' dir='ltr'><strong>quebantur</strong></span> <span class='ocrx_word' id='word_1_41' title='bbox 388 982 438 1069; x_wconf 85' lang='lat' dir='ltr'><strong>ius</strong></span> <span class='ocrx_word' id='word_1_42' title='bbox 461 1005 521 1070; x_wconf 82' lang='lat' dir='ltr'><strong>civ.</strong></span> <span class='ocrx_word' id='word_1_43' title='bbox 547 1005 767 1070; x_wconf 81' lang='lat' dir='ltr'><strong>Romanorum</strong></span> <span class='ocrx_word' id='word_1_44' title='bbox 775 1003 800 1091; x_wconf 80' lang='lat' dir='ltr'><strong>t)</strong></span> <span class='ocrx_word' id='word_1_45' title='bbox 825 1005 1017 1070; x_wconf 74' lang='lat' dir='ltr'><strong>Innocentio</strong></span> <span class='ocrx_word' id='word_1_46' title='bbox 1040 1003 1152 1068; x_wconf 82' lang='lat' dir='ltr'><strong>facere</strong></span> <span class='ocrx_word' id='word_1_47' title='bbox 1175 1021 1241 1068; x_wconf 94' lang='lat' dir='ltr'><strong>non</strong></span> <span class='ocrx_word' id='word_1_48' title='bbox 1264 1020 1366 1087; x_wconf 86' lang='lat' dir='ltr'><strong>expe·</strong></span> 
     </span>
     <span class='ocr_line' id='line_1_8' title="bbox 176 1126 1365 1217; baseline 0 -27"><span class='ocrx_word' id='word_1_49' title='bbox 176 1126 299 1200; x_wconf 84' lang='lat' dir='ltr'><strong>diebat,</strong></span> <span class='ocrx_word' id='word_1_50' title='bbox 324 1131 485 1213; x_wconf 85' lang='lat' dir='ltr'><strong>praestitit</strong></span> <span class='ocrx_word' id='word_1_51' title='bbox 507 1129 761 1217; x_wconf 87' lang='lat' dir='ltr'><strong>iurisprudentia</strong></span> <span class='ocrx_word' id='word_1_52' title='bbox 783 1131 950 1202; x_wconf 87' lang='lat' dir='ltr'><strong>canonica,</strong></span> <span class='ocrx_word' id='word_1_53' title='bbox 975 1129 1146 1194; x_wconf 88' lang='lat' dir='ltr'><strong>occasione</strong></span> <span class='ocrx_word' id='word_1_54' title='bbox 1168 1127 1365 1211; x_wconf 89' lang='lat' dir='ltr'><strong>praesertim</strong></span> 
     </span>
    </p>
   </div>
   <div class='ocr_carea' id='block_1_4' title="bbox 180 1253 1492 1342">
    <p class='ocr_par' dir='ltr' id='par_1_5' title="bbox 180 1253 1492 1342">
     <span class='ocr_line' id='line_1_9' title="bbox 180 1253 1492 1342; baseline 0.001 -27"><span class='ocrx_word' id='word_1_55' title='bbox 180 1254 316 1318; x_wconf 90' lang='lat' dir='ltr'><strong>canonis</strong></span> <span class='ocrx_word' id='word_1_56' title='bbox 339 1253 632 1341; x_wconf 70' lang='lat' dir='ltr'><strong>Redintepraada</strong></span> <span class='ocrx_word' id='word_1_57' title='bbox 652 1275 746 1339; x_wconf 90' lang='lat' dir='ltr'><strong>quem</strong></span> <span class='ocrx_word' id='word_1_58' title='bbox 771 1257 888 1340; x_wconf 89' lang='lat' dir='ltr'><strong>passim</strong></span> <span class='ocrx_word' id='word_1_59' title='bbox 914 1256 1069 1320; x_wconf 80' lang='lat' dir='ltr'>Doctores</span> <span class='ocrx_word' id='word_1_60' title='bbox 1101 1259 1133 1318; x_wconf 89' lang='lat' dir='ltr'><strong>et</strong></span> <span class='ocrx_word' id='word_1_61' title='bbox 1165 1253 1364 1338; x_wconf 81' lang='lat' dir='ltr'><strong>Pragmatici</strong></span> <span class='ocrx_word' id='word_1_62' title='bbox 1489 1337 1492 1342; x_wconf 20' lang='grc' dir='ltr'>Ι</span> 
     </span>
    </p>
   </div>
   <div class='ocr_carea' id='block_1_5' title="bbox 179 1377 1365 1714">
    <p class='ocr_par' dir='ltr' id='par_1_6' title="bbox 179 1377 1365 1714">
     <span class='ocr_line' id='line_1_10' title="bbox 180 1377 1365 1467; baseline 0.002 -25"><span class='ocrx_word' id='word_1_63' title='bbox 180 1379 229 1443; x_wconf 87' lang='lat' dir='ltr'><strong>uti</strong></span> <span class='ocrx_word' id='word_1_64' title='bbox 252 1379 494 1464; x_wconf 86' lang='lat' dir='ltr'><strong>generaliorem</strong></span> <span class='ocrx_word' id='word_1_65' title='bbox 517 1382 623 1467; x_wconf 83' lang='lat' dir='ltr'><strong>capita</strong></span> <span class='ocrx_word' id='word_1_66' title='bbox 647 1417 665 1429; x_wconf 97' lang='lat'>-</span> <span class='ocrx_word' id='word_1_67' title='bbox 690 1379 801 1465; x_wconf 80' lang='lat' dir='ltr'><strong><em>Saepe</em></strong></span> <span class='ocrx_word' id='word_1_68' title='bbox 819 1381 983 1467; x_wconf 67' lang='lat' dir='ltr'><strong>continuit</strong></span> <span class='ocrx_word' id='word_1_69' title='bbox 1008 1415 1025 1428; x_wconf 94' lang='lat'><em>-</em></span> <span class='ocrx_word' id='word_1_70' title='bbox 1050 1377 1255 1465; x_wconf 86' lang='lat' dir='ltr'><strong>interpretati</strong></span> <span class='ocrx_word' id='word_1_71' title='bbox 1279 1383 1365 1459; x_wconf 87' lang='lat' dir='ltr'><strong>sunt,</strong></span> 
     </span>
     <span class='ocr_line' id='line_1_11' title="bbox 179 1499 1365 1587; baseline 0.001 -23"><span class='ocrx_word' id='word_1_72' title='bbox 179 1507 218 1564; x_wconf 89' lang='lat' dir='ltr'><strong>ut</strong></span> <span class='ocrx_word' id='word_1_73' title='bbox 248 1499 361 1566; x_wconf 87' lang='lat' dir='ltr'><strong>videre</strong></span> <span class='ocrx_word' id='word_1_74' title='bbox 392 1507 442 1566; x_wconf 90' lang='lat' dir='ltr'><strong>est</strong></span> <span class='ocrx_word' id='word_1_75' title='bbox 470 1502 555 1587; x_wconf 91' lang='lat' dir='ltr'><strong>apud</strong></span> <span class='ocrx_word' id='word_1_76' title='bbox 579 1500 794 1570; x_wconf 83' lang='lat' dir='ltr'><strong>Reiffenstuel</strong></span> <span class='ocrx_word' id='word_1_77' title='bbox 817 1509 850 1570; x_wconf 90' lang='lat' dir='ltr'><strong>et</strong></span> <span class='ocrx_word' id='word_1_78' title='bbox 872 1509 1022 1568; x_wconf 85' lang='lat' dir='ltr'><strong>auctores</strong></span> <span class='ocrx_word' id='word_1_79' title='bbox 1049 1502 1089 1567; x_wconf 93' lang='lat' dir='ltr'><strong>ab</strong></span> <span class='ocrx_word' id='word_1_80' title='bbox 1120 1522 1159 1567; x_wconf 92' lang='lat' dir='ltr'><strong>eo</strong></span> <span class='ocrx_word' id='word_1_81' title='bbox 1191 1503 1306 1566; x_wconf 86' lang='lat' dir='ltr'><strong>citatos</strong></span> <span class='ocrx_word' id='word_1_82' title='bbox 1328 1503 1365 1566; x_wconf 92' lang='lat' dir='ltr'><strong>in</strong></span> 
     </span>
     <span class='ocr_line' id='line_1_12' title="bbox 185 1627 1176 1714; baseline 0 -23"><span class='ocrx_word' id='word_1_83' title='bbox 185 1627 251 1692; x_wconf 79' lang='lat' dir='ltr'><strong>‘rit</strong></span> <span class='ocrx_word' id='word_1_84' title='bbox 275 1627 327 1693; x_wconf 90' lang='lat' dir='ltr'><strong>De</strong></span> <span class='ocrx_word' id='word_1_85' title='bbox 347 1634 426 1694; x_wconf 77' lang='lat' dir='ltr'><strong>rest.</strong></span> <span class='ocrx_word' id='word_1_86' title='bbox 449 1629 583 1711; x_wconf 85' lang='lat' dir='ltr'><strong>spoliat.</strong></span> <span class='ocrx_word' id='word_1_87' title='bbox 607 1649 642 1693; x_wconf 82' lang='lat' dir='ltr'><strong>a.</strong></span> <span class='ocrx_word' id='word_1_88' title='bbox 668 1627 712 1694; x_wconf 87' lang='lat'><strong>31</strong></span> <span class='ocrx_word' id='word_1_89' title='bbox 734 1649 819 1714; x_wconf 54' lang='lat' dir='ltr'><strong>seer</strong></span> <span class='ocrx_word' id='word_1_90' title='bbox 843 1634 876 1694; x_wconf 88' lang='lat' dir='ltr'><strong>et</strong></span> <span class='ocrx_word' id='word_1_91' title='bbox 899 1628 1078 1714; x_wconf 85' lang='lat' dir='ltr'><strong>Pellegrini</strong></span> <span class='ocrx_word' id='word_1_92' title='bbox 1102 1629 1123 1692; x_wconf 92' lang='lat' dir='ltr'><strong>t.</strong></span> <span class='ocrx_word' id='word_1_93' title='bbox 1148 1647 1176 1694; x_wconf 93' lang='lat' dir='ltr'><strong>c.</strong></span> 
     </span>
    </p>
   </div>
   <div class='ocr_carea' id='block_1_6' title="bbox 178 1746 1366 1960">
    <p class='ocr_par' dir='ltr' id='par_1_7' title="bbox 178 1746 1366 1960">
     <span class='ocr_line' id='line_1_13' title="bbox 272 1746 1366 1840; baseline -0.004 -27"><span class='ocrx_word' id='word_1_94' title='bbox 272 1748 350 1813; x_wconf 81' lang='lat'><strong>226.</strong></span> <span class='ocrx_word' id='word_1_95' title='bbox 376 1749 812 1840; x_wconf 63' lang='lat' dir='ltr'><strong>on-stquamjnmffl</strong></span> <span class='ocrx_word' id='word_1_96' title='bbox 820 1751 864 1822; x_wconf 75' lang='lat' dir='ltr'><strong>jn</strong></span> <span class='ocrx_word' id='word_1_97' title='bbox 887 1749 948 1819; x_wconf 78' lang='lat' dir='ltr'><strong>cit.</strong></span> <span class='ocrx_word' id='word_1_98' title='bbox 958 1767 1027 1832; x_wconf 84' lang='lat' dir='ltr'><strong>cap.</strong></span> <span class='ocrx_word' id='word_1_99' title='bbox 1045 1752 1253 1813; x_wconf 80' lang='lat' dir='ltr'><strong>concesserat</strong></span> <span class='ocrx_word' id='word_1_100' title='bbox 1268 1746 1366 1813; x_wconf 87' lang='lat' dir='ltr'><strong>actio-</strong></span> 
     </span>
     <span class='ocr_line' id='line_1_14' title="bbox 178 1861 1365 1960; baseline -0.013 -13"><span class='ocrx_word' id='word_1_101' title='bbox 178 1890 257 1935; x_wconf 72' lang='lat' dir='ltr'><strong>nem</strong></span> <span class='ocrx_word' id='word_1_102' title='bbox 278 1873 747 1960; x_wconf 71' lang='lat' dir='ltr'><strong>possessionisresntutoriam</strong></span> <span class='ocrx_word' id='word_1_103' title='bbox 771 1861 886 1938; x_wconf 84' lang='lat' dir='ltr'><strong>contra</strong></span> <span class='ocrx_word' id='word_1_104' title='bbox 909 1890 1020 1936; x_wconf 87' lang='lat' dir='ltr'><strong>omnes</strong></span> <span class='ocrx_word' id='word_1_105' title='bbox 1035 1889 1236 1956; x_wconf 86' lang='lat' dir='ltr'><strong>possessores</strong></span> <span class='ocrx_word' id='word_1_106' title='bbox 1259 1867 1365 1932; x_wconf 89' lang='lat' dir='ltr'><strong>malae</strong></span> 
     </span>
    </p>
   </div>
   <div class='ocr_carea' id='block_1_7' title="bbox 177 1992 1366 2702">
    <p class='ocr_par' dir='ltr' id='par_1_8' title="bbox 177 1992 1366 2702">
     <span class='ocr_line' id='line_1_15' title="bbox 180 1992 1365 2090; baseline -0.006 -26"><span class='ocrx_word' id='word_1_107' title='bbox 180 1992 690 2090; x_wconf 55' lang='lat' dir='ltr'><strong>Qmffldifficfflffla</strong></span> <span class='ocrx_word' id='word_1_108' title='bbox 710 1994 896 2080; x_wconf 85' lang='lat' dir='ltr'><strong>probandae</strong></span> <span class='ocrx_word' id='word_1_109' title='bbox 918 1995 1030 2062; x_wconf 83' lang='lat' dir='ltr'><strong>malae.</strong></span> <span class='ocrx_word' id='word_1_110' title='bbox 1042 1992 1120 2059; x_wconf 81' lang='lat' dir='ltr'><strong>fidei</strong></span> <span class='ocrx_word' id='word_1_111' title='bbox 1134 1995 1168 2058; x_wconf 93' lang='lat' dir='ltr'><strong>in</strong></span> <span class='ocrx_word' id='word_1_112' title='bbox 1193 2011 1270 2058; x_wconf 86' lang='lat' dir='ltr'><strong>casu</strong></span> <span class='ocrx_word' id='word_1_113' title='bbox 1292 2011 1365 2077; x_wconf 88' lang='lat' dir='ltr'><strong>par·</strong></span> 
     </span>
     <span class='ocr_line' id='line_1_16' title="bbox 180 2117 1365 2214; baseline 0.001 -29"><span class='ocrx_word' id='word_1_114' title='bbox 180 2122 323 2201; x_wconf 85' lang='lat' dir='ltr'><strong>ticulari,</strong></span> <span class='ocrx_word' id='word_1_115' title='bbox 354 2122 471 2214; x_wconf 84' lang='lat' dir='ltr'><strong>partim</strong></span> <span class='ocrx_word' id='word_1_116' title='bbox 496 2141 550 2212; x_wconf 44' lang='lat' dir='ltr'><strong>,effi</strong></span> <span class='ocrx_word' id='word_1_117' title='bbox 563 2121 714 2214; x_wconf 68' lang='lat' dir='ltr'><strong>naturali</strong></span> <span class='ocrx_word' id='word_1_118' title='bbox 745 2122 939 2189; x_wconf 84' lang='lat' dir='ltr'><strong>necessitate</strong></span> <span class='ocrx_word' id='word_1_119' title='bbox 968 2117 1154 2187; x_wconf 86' lang='lat' dir='ltr'><strong>absolvendi</strong></span> <span class='ocrx_word' id='word_1_120' title='bbox 1184 2119 1365 2186; x_wconf 86' lang='lat' dir='ltr'><strong>institutum</strong></span> 
     </span>
     <span class='ocr_line' id='line_1_17' title="bbox 183 2212 1365 2331; baseline 0 -21"><span class='ocrx_word' id='word_1_121' title='bbox 183 2212 427 2331; x_wconf 77' lang='lat' dir='ltr'><strong>recuperandae</strong></span> <span class='ocrx_word' id='word_1_122' title='bbox 449 2246 668 2329; x_wconf 84' lang='lat' dir='ltr'><strong>possessionis,</strong></span> <span class='ocrx_word' id='word_1_123' title='bbox 682 2243 722 2308; x_wconf 88' lang='lat' dir='ltr'><strong>ab</strong></span> <span class='ocrx_word' id='word_1_124' title='bbox 746 2246 818 2310; x_wconf 91' lang='lat' dir='ltr'><strong>Inn.</strong></span> <span class='ocrx_word' id='word_1_125' title='bbox 841 2245 892 2312; x_wconf 86' lang='lat'><strong>111</strong></span> <span class='ocrx_word' id='word_1_126' title='bbox 915 2244 1087 2310; x_wconf 87' lang='lat' dir='ltr'><strong>adductum</strong></span> <span class='ocrx_word' id='word_1_127' title='bbox 1109 2243 1150 2308; x_wconf 89' lang='lat' dir='ltr'><strong>ad</strong></span> <span class='ocrx_word' id='word_1_128' title='bbox 1172 2242 1282 2316; x_wconf 83' lang='lat' dir='ltr'><strong>limen,</strong></span> <span class='ocrx_word' id='word_1_129' title='bbox 1298 2263 1365 2312; x_wconf 90' lang='lat' dir='ltr'><strong>non</strong></span> 
     </span>
     <span class='ocr_line' id='line_1_18' title="bbox 177 2363 1366 2454; baseline 0.001 -23"><span class='ocrx_word' id='word_1_130' title='bbox 177 2363 224 2431; x_wconf 79' lang='lat' dir='ltr'><strong>ad</strong></span> <span class='ocrx_word' id='word_1_131' title='bbox 235 2365 399 2453; x_wconf 82' lang='lat' dir='ltr'><strong>fastigium</strong></span> <span class='ocrx_word' id='word_1_132' title='bbox 410 2366 631 2454; x_wconf 87' lang='lat' dir='ltr'><strong>perfectionis,</strong></span> <span class='ocrx_word' id='word_1_133' title='bbox 645 2369 838 2453; x_wconf 78' lang='lat' dir='ltr'><strong>interpretes</strong></span> <span class='ocrx_word' id='word_1_134' title='bbox 859 2369 939 2433; x_wconf 87' lang='lat' dir='ltr'><strong>iuris</strong></span> <span class='ocrx_word' id='word_1_135' title='bbox 964 2387 1034 2432; x_wconf 89' lang='lat' dir='ltr'><strong>can.</strong></span> <span class='ocrx_word' id='word_1_136' title='bbox 1052 2367 1131 2434; x_wconf 89' lang='lat' dir='ltr'><strong>illud</strong></span> <span class='ocrx_word' id='word_1_137' title='bbox 1154 2365 1366 2452; x_wconf 84' lang='lat' dir='ltr'><strong>perfecerunt</strong></span> 
     </span>
     <span class='ocr_line' id='line_1_19' title="bbox 178 2493 1363 2596; baseline 0.002 -38"><span class='ocrx_word' id='word_1_138' title='bbox 178 2512 258 2575; x_wconf 83' lang='lat' dir='ltr'><strong>cup.</strong></span> <span class='ocrx_word' id='word_1_139' title='bbox 284 2494 328 2558; x_wconf 87' lang='grc'><strong>18</strong></span> <span class='ocrx_word' id='word_1_140' title='bbox 358 2494 411 2559; x_wconf 85' lang='lat' dir='ltr'><strong>eit.</strong></span> <span class='ocrx_word' id='word_1_141' title='bbox 437 2493 1043 2596; x_wconf 47' lang='lat' dir='ltr'><strong>Qione„,ean,„,ttediateprande,</strong></span> <span class='ocrx_word' id='word_1_142' title='bbox 1065 2493 1120 2576; x_wconf 93' lang='lat' dir='ltr'><strong>qui</strong></span> <span class='ocrx_word' id='word_1_143' title='bbox 1155 2511 1259 2557; x_wconf 89' lang='lat' dir='ltr'><strong>canon</strong></span> <span class='ocrx_word' id='word_1_144' title='bbox 1293 2496 1363 2562; x_wconf 90' lang='lat' dir='ltr'><strong>tum</strong></span> 
     </span>
     <span class='ocr_line' id='line_1_20' title="bbox 179 2615 1364 2702; baseline 0.002 -22"><span class='ocrx_word' id='word_1_145' title='bbox 179 2615 223 2680; x_wconf 90' lang='lat' dir='ltr'><strong>ob</strong></span> <span class='ocrx_word' id='word_1_146' title='bbox 247 2617 436 2702; x_wconf 80' lang='lat' dir='ltr'><strong>generalem</strong></span> <span class='ocrx_word' id='word_1_147' title='bbox 457 2617 632 2684; x_wconf 88' lang='lat' dir='ltr'><strong>verborum</strong></span> <span class='ocrx_word' id='word_1_148' title='bbox 656 2621 848 2684; x_wconf 90' lang='lat' dir='ltr'><strong>senteutiam</strong></span> <span class='ocrx_word' id='word_1_149' title='bbox 872 2622 939 2683; x_wconf 93' lang='lat' dir='ltr'><strong>tum</strong></span> <span class='ocrx_word' id='word_1_150' title='bbox 956 2617 995 2683; x_wconf 91' lang='lat' dir='ltr'><strong>ob</strong></span> <span class='ocrx_word' id='word_1_151' title='bbox 1020 2621 1192 2682; x_wconf 82' lang='lat' dir='ltr'><strong>maximam</strong></span> <span class='ocrx_word' id='word_1_152' title='bbox 1217 2617 1364 2683; x_wconf 87' lang='lat' dir='ltr'><strong>Gratiani</strong></span> 
     </span>
    </p>
   </div>
   <div class='ocr_carea' id='block_1_8' title="bbox 177 2741 1363 2826">
    <p class='ocr_par' dir='ltr' id='par_1_9' title="bbox 177 2741 1363 2826">
     <span class='ocr_line' id='line_1_21' title="bbox 177 2741 1363 2826; baseline 0.002 -22"><span class='ocrx_word' id='word_1_153' title='bbox 177 2742 409 2805; x_wconf 84' lang='lat' dir='ltr'><strong>auctoritatem</strong></span> <span class='ocrx_word' id='word_1_154' title='bbox 432 2747 510 2807; x_wconf 92' lang='lat' dir='ltr'><strong>tunc</strong></span> <span class='ocrx_word' id='word_1_155' title='bbox 532 2742 621 2807; x_wconf 84' lang='lat' dir='ltr'><strong>visus</strong></span> <span class='ocrx_word' id='word_1_156' title='bbox 645 2747 696 2808; x_wconf 90' lang='lat' dir='ltr'><strong>est</strong></span> <span class='ocrx_word' id='word_1_157' title='bbox 717 2744 889 2807; x_wconf 90' lang='lat' dir='ltr'><strong>continere</strong></span> <span class='ocrx_word' id='word_1_158' title='bbox 912 2741 995 2826; x_wconf 92' lang='lat' dir='ltr'><strong>quod</strong></span> <span class='ocrx_word' id='word_1_159' title='bbox 1018 2741 1238 2806; x_wconf 91' lang='lat' dir='ltr'><strong>constitutioni</strong></span> <span class='ocrx_word' id='word_1_160' title='bbox 1262 2743 1363 2806; x_wconf 90' lang='lat' dir='ltr'><strong>Inno-</strong></span> 
     </span>
    </p>
   </div>
   <div class='ocr_carea' id='block_1_9' title="bbox 177 2864 1367 4565">
    <p class='ocr_par' dir='ltr' id='par_1_10' title="bbox 177 2864 1367 4565">
     <span class='ocr_line' id='line_1_22' title="bbox 179 2864 1364 2950; baseline 0.001 -22"><span class='ocrx_word' id='word_1_161' title='bbox 179 2867 356 2931; x_wconf 88' lang='lat' dir='ltr'><strong>centianae</strong></span> <span class='ocrx_word' id='word_1_162' title='bbox 379 2864 499 2931; x_wconf 87' lang='lat' dir='ltr'><strong>deerat.</strong></span> <span class='ocrx_word' id='word_1_163' title='bbox 519 2901 567 2914; x_wconf 90' lang='lat'><em>-</em></span> <span class='ocrx_word' id='word_1_164' title='bbox 588 2867 714 2930; x_wconf 90' lang='lat' dir='ltr'><strong>Verum</strong></span> <span class='ocrx_word' id='word_1_165' title='bbox 738 2870 841 2949; x_wconf 81' lang='lat' dir='ltr'><strong>ceput</strong></span> <span class='ocrx_word' id='word_1_166' title='bbox 863 2866 907 2933; x_wconf 87' lang='lat'><strong>18</strong></span> <span class='ocrx_word' id='word_1_167' title='bbox 930 2866 982 2933; x_wconf 85' lang='lat' dir='ltr'><strong>cit.</strong></span> <span class='ocrx_word' id='word_1_168' title='bbox 1007 2871 1057 2932; x_wconf 91' lang='lat' dir='ltr'><strong>est</strong></span> <span class='ocrx_word' id='word_1_169' title='bbox 1081 2865 1179 2930; x_wconf 89' lang='lat' dir='ltr'><strong>multo</strong></span> <span class='ocrx_word' id='word_1_170' title='bbox 1202 2865 1364 2950; x_wconf 88' lang='lat' dir='ltr'><strong>posterius</strong></span> 
     </span>
     <span class='ocr_line' id='line_1_23' title="bbox 177 2986 1365 3074; baseline 0.003 -23"><span class='ocrx_word' id='word_1_171' title='bbox 177 3006 309 3052; x_wconf 86' lang='lat' dir='ltr'><strong>canone</strong></span> <span class='ocrx_word' id='word_1_172' title='bbox 334 3024 352 3034; x_wconf 92' lang='lat'>-</span> <span class='ocrx_word' id='word_1_173' title='bbox 369 2987 652 3074; x_wconf 75' lang='lat' dir='ltr'><strong>Redintepranda</strong></span> <span class='ocrx_word' id='word_1_174' title='bbox 670 3008 701 3065; x_wconf 86' lang='lat'><strong>-;</strong></span> <span class='ocrx_word' id='word_1_175' title='bbox 717 2994 750 3054; x_wconf 90' lang='lat' dir='ltr'><strong>et</strong></span> <span class='ocrx_word' id='word_1_176' title='bbox 768 2988 845 3053; x_wconf 88' lang='lat' dir='ltr'><strong>huic</strong></span> <span class='ocrx_word' id='word_1_177' title='bbox 860 2986 1039 3053; x_wconf 87' lang='lat' dir='ltr'><strong>difficultati</strong></span> <span class='ocrx_word' id='word_1_178' title='bbox 1055 2987 1283 3054; x_wconf 83' lang='lat' dir='ltr'><strong>satisfecerunt</strong></span> <span class='ocrx_word' id='word_1_179' title='bbox 1297 2989 1365 3054; x_wconf 91' lang='lat' dir='ltr'><strong>ani·</strong></span> 
     </span>
     <span class='ocr_line' id='line_1_24' title="bbox 179 3111 1365 3198; baseline 0.003 -23"><span class='ocrx_word' id='word_1_180' title='bbox 179 3111 434 3184; x_wconf 83' lang='lat' dir='ltr'><strong>madvertentes,</strong></span> <span class='ocrx_word' id='word_1_181' title='bbox 450 3115 625 3178; x_wconf 83' lang='lat' dir='ltr'><strong>maximam</strong></span> <span class='ocrx_word' id='word_1_182' title='bbox 640 3112 901 3178; x_wconf 82' lang='lat' dir='ltr'><strong>incertitudinem</strong></span> <span class='ocrx_word' id='word_1_183' title='bbox 918 3115 950 3177; x_wconf 92' lang='lat' dir='ltr'><strong>in</strong></span> <span class='ocrx_word' id='word_1_184' title='bbox 968 3113 1040 3178; x_wconf 81' lang='lat' dir='ltr'><strong>foro</strong></span> <span class='ocrx_word' id='word_1_185' title='bbox 1057 3119 1135 3177; x_wconf 91' lang='lat' dir='ltr'><strong>tunc</strong></span> <span class='ocrx_word' id='word_1_186' title='bbox 1159 3131 1314 3198; x_wconf 81' lang='lat' dir='ltr'><strong>regnasse</strong></span> <span class='ocrx_word' id='word_1_187' title='bbox 1330 3114 1365 3178; x_wconf 92' lang='lat' dir='ltr'><strong>in</strong></span> 
     </span>
     <span class='ocr_line' id='line_1_25' title="bbox 180 3235 1364 3320; baseline 0.003 -22"><span class='ocrx_word' id='word_1_188' title='bbox 180 3235 246 3298; x_wconf 88' lang='lat' dir='ltr'><strong>hoc</strong></span> <span class='ocrx_word' id='word_1_189' title='bbox 277 3235 359 3299; x_wconf 90' lang='lat' dir='ltr'><strong>iuris</strong></span> <span class='ocrx_word' id='word_1_190' title='bbox 389 3240 516 3320; x_wconf 85' lang='lat' dir='ltr'><strong>puncto,</strong></span> <span class='ocrx_word' id='word_1_191' title='bbox 538 3235 664 3319; x_wconf 91' lang='lat' dir='ltr'><strong>quando</strong></span> <span class='ocrx_word' id='word_1_192' title='bbox 690 3235 843 3300; x_wconf 82' lang='lat' dir='ltr'><strong>Pontifex</strong></span> <span class='ocrx_word' id='word_1_193' title='bbox 866 3243 962 3300; x_wconf 84' lang='lat' dir='ltr'><strong>extra</strong></span> <span class='ocrx_word' id='word_1_194' title='bbox 993 3237 1212 3319; x_wconf 89' lang='lat' dir='ltr'><strong>quaestionem</strong></span> <span class='ocrx_word' id='word_1_195' title='bbox 1240 3255 1364 3320; x_wconf 89' lang='lat' dir='ltr'><strong>ponere</strong></span> 
     </span>
     <span class='ocr_line' id='line_1_26' title="bbox 181 3358 1364 3445; baseline 0.003 -24"><span class='ocrx_word' id='word_1_196' title='bbox 181 3359 285 3425; x_wconf 84' lang='lat' dir='ltr'><strong>voluit</strong></span> <span class='ocrx_word' id='word_1_197' title='bbox 309 3359 393 3442; x_wconf 92' lang='lat' dir='ltr'><strong>quod</strong></span> <span class='ocrx_word' id='word_1_198' title='bbox 416 3360 562 3444; x_wconf 88' lang='lat' dir='ltr'><strong>apprime</strong></span> <span class='ocrx_word' id='word_1_199' title='bbox 584 3361 744 3424; x_wconf 86' lang='lat' dir='ltr'><strong>intererat</strong></span> <span class='ocrx_word' id='word_1_200' title='bbox 768 3360 881 3424; x_wconf 86' lang='lat' dir='ltr'><strong>salutis</strong></span> <span class='ocrx_word' id='word_1_201' title='bbox 903 3361 1092 3424; x_wconf 89' lang='lat' dir='ltr'><strong>animarum.</strong></span> <span class='ocrx_word' id='word_1_202' title='bbox 1118 3359 1170 3424; x_wconf 89' lang='lat' dir='ltr'><strong>Ita</strong></span> <span class='ocrx_word' id='word_1_203' title='bbox 1192 3358 1364 3445; x_wconf 87' lang='lat' dir='ltr'><strong>congloba-</strong></span> 
     </span>
     <span class='ocr_line' id='line_1_27' title="bbox 180 3484 1366 3570; baseline 0.001 -22"><span class='ocrx_word' id='word_1_204' title='bbox 180 3485 240 3549; x_wconf 85' lang='lat' dir='ltr'><strong>tim</strong></span> <span class='ocrx_word' id='word_1_205' title='bbox 264 3484 386 3557; x_wconf 80' lang='lat' dir='ltr'><strong>refero</strong></span> <span class='ocrx_word' id='word_1_206' title='bbox 411 3485 625 3570; x_wconf 84' lang='lat' dir='ltr'><strong>interpretum</strong></span> <span class='ocrx_word' id='word_1_207' title='bbox 642 3485 828 3565; x_wconf 87' lang='lat' dir='ltr'><strong>sententias,</strong></span> <span class='ocrx_word' id='word_1_208' title='bbox 843 3485 917 3568; x_wconf 89' lang='lat' dir='ltr'><strong>quia</strong></span> <span class='ocrx_word' id='word_1_209' title='bbox 939 3485 1031 3550; x_wconf 83' lang='lat' dir='ltr'><strong>mira</strong></span> <span class='ocrx_word' id='word_1_210' title='bbox 1054 3485 1237 3552; x_wconf 79' lang='lat' dir='ltr'><strong>concordia</strong></span> <span class='ocrx_word' id='word_1_211' title='bbox 1253 3504 1366 3550; x_wconf 90' lang='lat' dir='ltr'><strong>omnes</strong></span> 
     </span>
     <span class='ocr_line' id='line_1_28' title="bbox 181 3611 1364 3698; baseline 0 -23"><span class='ocrx_word' id='word_1_212' title='bbox 181 3611 367 3696; x_wconf 90' lang='lat' dir='ltr'><strong>incipiendo</strong></span> <span class='ocrx_word' id='word_1_213' title='bbox 402 3631 422 3675; x_wconf 91' lang='lat' dir='ltr'><strong>a</strong></span> <span class='ocrx_word' id='word_1_214' title='bbox 457 3613 571 3678; x_wconf 80' lang='lat' dir='ltr'><strong>Glossa</strong></span> <span class='ocrx_word' id='word_1_215' title='bbox 605 3613 864 3697; x_wconf 89' lang='lat' dir='ltr'><strong>interpretantur</strong></span> <span class='ocrx_word' id='word_1_216' title='bbox 898 3631 968 3676; x_wconf 89' lang='lat' dir='ltr'><strong>can.</strong></span> <span class='ocrx_word' id='word_1_217' title='bbox 1001 3611 1293 3698; x_wconf 72' lang='lat' dir='ltr'><strong>Redintepraada</strong></span> <span class='ocrx_word' id='word_1_218' title='bbox 1318 3612 1364 3678; x_wconf 90' lang='lat' dir='ltr'><strong>uti</strong></span> 
     </span>
     <span class='ocr_line' id='line_1_29' title="bbox 178 3735 1366 3820; baseline 0.002 -23"><span class='ocrx_word' id='word_1_219' title='bbox 178 3735 345 3800; x_wconf 86' lang='lat' dir='ltr'><strong>actionem</strong></span> <span class='ocrx_word' id='word_1_220' title='bbox 368 3735 573 3820; x_wconf 88' lang='lat' dir='ltr'><strong>personalem</strong></span> <span class='ocrx_word' id='word_1_221' title='bbox 596 3756 655 3802; x_wconf 90' lang='lat' dir='ltr'><strong>seu</strong></span> <span class='ocrx_word' id='word_1_222' title='bbox 677 3736 922 3803; x_wconf 75' lang='lat' dir='ltr'><strong>condictionem</strong></span> <span class='ocrx_word' id='word_1_223' title='bbox 946 3756 980 3800; x_wconf 91' lang='lat' dir='ltr'><strong>se</strong></span> <span class='ocrx_word' id='word_1_224' title='bbox 1003 3736 1232 3800; x_wconf 82' lang='lat' dir='ltr'><strong>extendentem</strong></span> <span class='ocrx_word' id='word_1_225' title='bbox 1252 3735 1294 3799; x_wconf 95' lang='lat' dir='ltr'><strong>ad</strong></span> <span class='ocrx_word' id='word_1_226' title='bbox 1317 3753 1366 3799; x_wconf 85' lang='lat' dir='ltr'><strong>re</strong></span> 
     </span>
     <span class='ocr_line' id='line_1_30' title="bbox 179 3856 1360 3944; baseline -0.001 -22"><span class='ocrx_word' id='word_1_227' title='bbox 179 3857 380 3923; x_wconf 89' lang='lat' dir='ltr'><strong>stitutionem</strong></span> <span class='ocrx_word' id='word_1_228' title='bbox 396 3858 537 3923; x_wconf 91' lang='lat' dir='ltr'><strong>omnium</strong></span> <span class='ocrx_word' id='word_1_229' title='bbox 556 3879 678 3938; x_wconf 85' lang='lat' dir='ltr'><strong>rerum,</strong></span> <span class='ocrx_word' id='word_1_230' title='bbox 696 3861 792 3924; x_wconf 91' lang='lat' dir='ltr'><strong>etiam</strong></span> <span class='ocrx_word' id='word_1_231' title='bbox 808 3858 913 3944; x_wconf 91' lang='lat' dir='ltr'><strong>quoad</strong></span> <span class='ocrx_word' id='word_1_232' title='bbox 938 3859 1040 3923; x_wconf 91' lang='lat' dir='ltr'><strong>bonae</strong></span> <span class='ocrx_word' id='word_1_233' title='bbox 1056 3856 1129 3923; x_wconf 83' lang='lat' dir='ltr'><strong>fidei</strong></span> <span class='ocrx_word' id='word_1_234' title='bbox 1146 3876 1360 3942; x_wconf 88' lang='lat' dir='ltr'><strong>possessores,</strong></span> 
     </span>
     <span class='ocr_line' id='line_1_31' title="bbox 180 3980 1362 4069; baseline 0.003 -25"><span class='ocrx_word' id='word_1_235' title='bbox 180 3980 227 4045; x_wconf 87' lang='lat' dir='ltr'><strong>ita</strong></span> <span class='ocrx_word' id='word_1_236' title='bbox 250 3987 286 4046; x_wconf 89' lang='lat' dir='ltr'><strong>ut</strong></span> <span class='ocrx_word' id='word_1_237' title='bbox 309 3981 384 4047; x_wconf 88' lang='lat' dir='ltr'><strong>talis</strong></span> <span class='ocrx_word' id='word_1_238' title='bbox 407 4001 512 4047; x_wconf 89' lang='lat' dir='ltr'><strong>canon</strong></span> <span class='ocrx_word' id='word_1_239' title='bbox 536 4003 631 4068; x_wconf 91' lang='lat' dir='ltr'><strong>quam</strong></span> <span class='ocrx_word' id='word_1_240' title='bbox 655 3985 749 4049; x_wconf 88' lang='lat' dir='ltr'><strong>citius</strong></span> <span class='ocrx_word' id='word_1_241' title='bbox 772 3985 1022 4069; x_wconf 87' lang='lat' dir='ltr'><strong>pertransiverit</strong></span> <span class='ocrx_word' id='word_1_242' title='bbox 1036 3983 1077 4047; x_wconf 89' lang='lat' dir='ltr'><strong>ad</strong></span> <span class='ocrx_word' id='word_1_243' title='bbox 1101 3983 1207 4046; x_wconf 87' lang='lat' dir='ltr'><strong>forum</strong></span> <span class='ocrx_word' id='word_1_244' title='bbox 1231 3983 1362 4060; x_wconf 87' lang='lat' dir='ltr'><strong>laicum,</strong></span> 
     </span>
     <span class='ocr_line' id='line_1_32' title="bbox 181 4105 1364 4192; baseline 0 -22"><span class='ocrx_word' id='word_1_245' title='bbox 181 4111 348 4180; x_wconf 85' lang='lat' dir='ltr'><strong>extensus,</strong></span> <span class='ocrx_word' id='word_1_246' title='bbox 384 4107 447 4172; x_wconf 91' lang='lat' dir='ltr'><strong>hac</strong></span> <span class='ocrx_word' id='word_1_247' title='bbox 481 4105 635 4182; x_wconf 88' lang='lat' dir='ltr'><strong>efficacia,</strong></span> <span class='ocrx_word' id='word_1_248' title='bbox 668 4107 709 4174; x_wconf 92' lang='lat' dir='ltr'><strong>ad</strong></span> <span class='ocrx_word' id='word_1_249' title='bbox 744 4129 858 4173; x_wconf 86' lang='lat' dir='ltr'><strong>causas</strong></span> <span class='ocrx_word' id='word_1_250' title='bbox 892 4107 1034 4173; x_wconf 79' lang='lat' dir='ltr'><strong>laicales.</strong></span> <span class='ocrx_word' id='word_1_251' title='bbox 1059 4143 1103 4157; x_wconf 95' lang='lat'>—</span> <span class='ocrx_word' id='word_1_252' title='bbox 1126 4107 1364 4192; x_wconf 80' lang='lat' dir='ltr'><strong>Exceptiouem</strong></span> 
     </span>
     <span class='ocr_line' id='line_1_33' title="bbox 180 4232 1365 4320; baseline 0 -22"><span class='ocrx_word' id='word_1_253' title='bbox 180 4234 276 4318; x_wconf 88' lang='lat' dir='ltr'><strong>spolii</strong></span> <span class='ocrx_word' id='word_1_254' title='bbox 298 4234 405 4319; x_wconf 90' lang='lat' dir='ltr'><strong>potius</strong></span> <span class='ocrx_word' id='word_1_255' title='bbox 435 4233 626 4300; x_wconf 88' lang='lat' dir='ltr'><strong>derivarunt</strong></span> <span class='ocrx_word' id='word_1_256' title='bbox 648 4255 668 4298; x_wconf 90' lang='lat' dir='ltr'><strong>a</strong></span> <span class='ocrx_word' id='word_1_257' title='bbox 691 4254 766 4318; x_wconf 86' lang='lat' dir='ltr'><strong>cap.</strong></span> <span class='ocrx_word' id='word_1_258' title='bbox 794 4235 822 4308; x_wconf 92' lang='lat'><strong>1,</strong></span> <span class='ocrx_word' id='word_1_259' title='bbox 848 4235 897 4300; x_wconf 88' lang='lat' dir='ltr'><strong>De</strong></span> <span class='ocrx_word' id='word_1_260' title='bbox 924 4240 1000 4300; x_wconf 83' lang='lat' dir='ltr'><strong>rest.</strong></span> <span class='ocrx_word' id='word_1_261' title='bbox 1026 4236 1109 4318; x_wconf 78' lang='lat' dir='ltr'><strong>spot.</strong></span> <span class='ocrx_word' id='word_1_262' title='bbox 1135 4235 1172 4298; x_wconf 81' lang='lat' dir='ltr'><strong>ta</strong></span> <span class='ocrx_word' id='word_1_263' title='bbox 1196 4234 1219 4298; x_wconf 85' lang='lat'><strong><em>6</em></strong></span> <span class='ocrx_word' id='word_1_264' title='bbox 1248 4235 1305 4319; x_wconf 87' lang='grc' dir='ltr'>(ΙΙ,</span> <span class='ocrx_word' id='word_1_265' title='bbox 1329 4232 1365 4320; x_wconf 84' lang='lat'><strong>5)</strong></span> 
     </span>
     <span class='ocr_line' id='line_1_34' title="bbox 181 4355 1367 4443; baseline 0 -22"><span class='ocrx_word' id='word_1_266' title='bbox 181 4355 224 4421; x_wconf 83' lang='lat' dir='ltr'><strong>cf.</strong></span> <span class='ocrx_word' id='word_1_267' title='bbox 249 4358 283 4420; x_wconf 93' lang='lat' dir='ltr'><strong>in</strong></span> <span class='ocrx_word' id='word_1_268' title='bbox 308 4358 374 4422; x_wconf 86' lang='lat' dir='ltr'><strong>suis</strong></span> <span class='ocrx_word' id='word_1_269' title='bbox 398 4358 639 4422; x_wconf 88' lang='lat' dir='ltr'><strong>commentariis</strong></span> <span class='ocrx_word' id='word_1_270' title='bbox 662 4357 702 4422; x_wconf 87' lang='lat' dir='ltr'><strong>ad</strong></span> <span class='ocrx_word' id='word_1_271' title='bbox 730 4361 834 4441; x_wconf 78' lang='lat' dir='ltr'><strong>ceput</strong></span> <span class='ocrx_word' id='word_1_272' title='bbox 859 4393 876 4405; x_wconf 96' lang='lat'>-</span> <span class='ocrx_word' id='word_1_273' title='bbox 902 4355 1011 4440; x_wconf 80' lang='lat' dir='ltr'><strong>Saepe</strong></span> <span class='ocrx_word' id='word_1_274' title='bbox 1034 4357 1197 4443; x_wconf 71' lang='lat' dir='ltr'><strong>coatieyit</strong></span> <span class='ocrx_word' id='word_1_275' title='bbox 1223 4393 1240 4405; x_wconf 95' lang='lat'>-</span> <span class='ocrx_word' id='word_1_276' title='bbox 1265 4355 1367 4421; x_wconf 81' lang='lat' dir='ltr'><strong>Iano·</strong></span> 
     </span>
     <span class='ocr_line' id='line_1_35' title="bbox 180 4477 1366 4565; baseline 0.001 -22"><span class='ocrx_word' id='word_1_277' title='bbox 180 4477 341 4552; x_wconf 79' lang='lat' dir='ltr'><strong>centium,</strong></span> <span class='ocrx_word' id='word_1_278' title='bbox 360 4478 534 4553; x_wconf 33' lang='lat' dir='ltr'><strong>nicoeam,</strong></span> <span class='ocrx_word' id='word_1_279' title='bbox 551 4479 769 4565; x_wconf 65' lang='lat' dir='ltr'><strong>Poenarum,</strong></span> <span class='ocrx_word' id='word_1_280' title='bbox 787 4479 969 4563; x_wconf 69' lang='lat' dir='ltr'><strong>Reiffeest„</strong></span> <span class='ocrx_word' id='word_1_281' title='bbox 995 4477 1313 4565; x_wconf 75' lang='lat' dir='ltr'><strong>Settmatzprueber,</strong></span> <span class='ocrx_word' id='word_1_282' title='bbox 1330 4483 1366 4544; x_wconf 88' lang='lat' dir='ltr'><strong>et</strong></span> 
     </span>
    </p>
   </div>
   <div class='ocr_carea' id='block_1_10' title="bbox 0 0 1681 5117">
    <p class='ocr_par' dir='ltr' id='par_1_11' title="bbox 0 0 1681 5117">
     <span class='ocr_line' id='line_1_36' title="bbox 0 0 1681 5117; baseline 0 0"><span class='ocrx_word' id='word_1_283' title='bbox 0 0 1681 5117; x_wconf 95' lang='lat' dir='ltr'><strong> </strong></span> 
     </span>
    </p>
   </div>
  </div>
 </body>
</html>
