3350 5117
541 316 584 363 nn
609 313 749 363 rnnrcns
773 315 1039 364 nccnusmsrrcrs
1334 298 1380 363 43

193 433 334 502 liberam
365 437 465 506 habet
493 442 701 523 potestatem
730 437 828 504 veluti
861 439 1025 505 Romanus
1053 440 1206 507 Pontifex
1231 441 1262 505 in
1293 438 1379 505 bona

194 557 407 625 beneficialia.
439 562 489 627 Ad
521 562 771 647 praecidendam
802 560 1037 647 dispendiosam
1066 572 1099 631 et
1125 564 1219 629 valde
1250 562 1378 629 dubiam

194 685 296 759 litem,
322 682 412 771 Papa
435 684 541 759 edicit,
565 690 662 769 quota
684 704 761 771 pars
784 686 833 751 rei
856 687 1018 772 litigiosae
1044 691 1161 772 cuique
1184 689 1377 773 litigantium

194 810 368 877 tribuenda
390 814 449 887 sit,
473 831 567 896 qnam
591 812 861 879 adiudicationem
886 815 913 879 si
936 814 1022 880 ultro
1045 816 1191 900 citroque
1218 817 1379 901 accipient

194 936 438 1018 contendentes,
461 940 715 1004 transactionem
739 940 861 1003 ineunt.

286 1061 513 1137 Quamobrem,
538 1061 704 1128 ordinario
734 1064 815 1145 iure,
841 1063 939 1129 iudex
970 1084 1037 1129 ecc.
1062 1063 1161 1131 habet
1190 1065 1377 1132 facultatem

194 1186 350 1251 invitandi
373 1190 484 1271 partes
507 1184 547 1251 ad
570 1185 777 1251 concordiam
801 1186 991 1259 ineundam;
1016 1206 1078 1272 qua
1093 1194 1202 1254 tamen
1218 1193 1376 1274 potestate

195 1326 238 1371 ne
249 1308 434 1379 abutantur,
445 1306 585 1375 advertit
597 1306 691 1373 Card.
705 1307 751 1373 De
765 1309 853 1373 Luca
865 1309 916 1374 De
934 1309 1071 1385 Iudicia,
1085 1309 1209 1377 ducar.
1221 1311 1283 1393 XI,
1295 1332 1330 1378 a.
1342 1312 1376 1385 4,

194 1449 294 1516 parce
321 1430 486 1517 litigantes
516 1431 557 1497 ad
587 1434 838 1498 transactionem
872 1432 1044 1498 ineundam
1072 1434 1270 1500 inducendos
1293 1454 1377 1516 esse,

195 1556 270 1638 quia
292 1553 458 1640 longiores
482 1554 622 1621 evadunt
646 1552 728 1637 lites,
745 1554 785 1619 ob
809 1554 1029 1623 difficultatem
1050 1558 1279 1623 transactionis
1298 1577 1376 1623 con-

195 1678 363 1751 ciliandae,
388 1678 433 1745 nti
458 1679 661 1764 experientia
684 1678 789 1744 docet.
806 1680 942 1745 Frustra
964 1682 1050 1747 enirn
1073 1682 1160 1748 facto
1183 1680 1378 1748 concordiae

194 1804 427 1887 experimento,
451 1805 580 1888 integer
603 1808 751 1888 superest
774 1803 990 1869 exsolvendos
1014 1805 1174 1871 iudicialis
1193 1826 1374 1890 processus.

287 1928 467 1994 Praeterea
498 1934 612 1996 caveat
641 1928 749 2002 index,
781 1950 822 1993 ne
855 1931 888 1993 in
918 1930 1128 2015 proponenda
1156 1931 1378 1997 transactione

197 2050 292 2116 nimis
314 2052 434 2137 pandat
455 2054 596 2118 animum
621 2074 712 2117 suum
737 2054 827 2118 circa
850 2054 999 2118 meritum
1024 2053 1227 2137 quaestionis.
1248 2054 1376 2119 Etenim

195 2173 224 2237 si
247 2172 424 2239 concordia
447 2193 510 2238 non
535 2174 736 2246 concilietur,
762 2172 859 2238 iudex
891 2174 1000 2239 evadit
1028 2179 1195 2260 suspectos
1221 2174 1268 2238 illi
1291 2177 1374 2260 parti

196 2297 288 2361 cuius
311 2297 481 2362 intentioni
504 2297 715 2363 favorabilem
747 2319 782 2364 se
812 2318 878 2363 non
902 2298 1058 2363 exhibuit.
1085 2300 1170 2365 Hinc
1194 2300 1293 2365 satius
1315 2304 1375 2371 est,

196 2420 360 2505 negotium
384 2420 572 2507 experiendi
596 2423 858 2494 transactionem,
876 2422 1077 2487 committere
1094 2422 1189 2487 iudici
1214 2422 1372 2507 delegato.

193 3270 324 3339 Galliam,
337 3276 462 3343 tempore
474 3274 626 3329 eversionis
639 3292 730 3329 rerum
745 3274 928 3344 publicarum,
941 3291 1044 3344 magno
1056 3274 1212 3329 animorum
1225 3280 1304 3330 aestu
1318 3275 1374 3330 boc

193 3382 374 3446 praeceptum
392 3376 580 3432 introductum
593 3380 655 3444 fuit,
668 3380 748 3450 quod,
762 3396 817 3431 non
837 3380 897 3434 eine
913 3379 1057 3434 doctorum
1071 3381 1268 3445 controversia,
1282 3381 1373 3435 adbuc

194 3484 223 3537 in
235 3482 331 3538 codice
344 3483 461 3551 Gallico,
477 3487 518 3540 uti
538 3486 584 3541 lex
597 3486 746 3556 generalis,
760 3492 928 3555 perseverat.
943 3487 1008 3542 lode
1027 3489 1055 3541 in
1070 3488 1163 3557 plures
1182 3488 1252 3542 alios
1264 3489 1373 3546 codices

194 3590 364 3657 pertransiit
383 3588 425 3642 Cf.
445 3590 544 3663 Meyer
563 3604 616 3663 (op.
637 3596 679 3645 cit.
694 3602 757 3645 tom.
772 3592 790 3645 Ι
797 3594 825 3659 V,
840 3612 870 3662 p.
890 3594 966 3659 365,
987 3604 1014 3648 et
1032 3603 1095 3647 tom.
1116 3594 1145 3659 V,
1154 3611 1183 3664 p.
1199 3594 1284 3661 563),
1306 3594 1372 3649 Bor·

192 3692 283 3748 deaux
302 3694 493 3765 (Philosophia
510 3699 546 3750 rte
566 3696 595 3749 lo
609 3701 770 3767 procedure
789 3698 873 3751 avite
892 3715 951 3767 cap.
973 3696 1074 3761 XXII,
1092 3715 1121 3767 p.
1141 3699 1214 3763 411),
1228 3701 1257 3753 et
1276 3699 1375 3753 Matti-

194 3796 254 3853 rolo
272 3800 414 3867 (Trattato
439 3802 469 3854 di
490 3802 591 3855 Diritto
613 3802 772 3856 Giudiciade
792 3804 924 3868 Italicae,
944 3803 976 3856 V.
997 3804 1111 3875 I,pnrt.
1139 3805 1161 3871 J,
1181 3806 1219 3858 tit.
1240 3807 1268 3872 2,
1291 3825 1314 3860 c.
1336 3808 1370 3871 1).

194 3904 265 3966 Quia
283 3907 458 3977 experientia
476 3906 631 3963 huiusmodi
651 3909 758 3977 praxim
778 3926 833 3963 non
853 3926 950 3979 parum
969 3910 1029 3963 visa
1048 3916 1091 3964 est
1111 3912 1265 3980 reprobare,
1279 3912 1308 3965 in
1328 3928 1372 3965 co·

193 4010 282 4067 dicem
302 4012 363 4067 ital.
383 4013 550 4084 procederae
575 4015 674 4081 civilis,
693 4014 850 4069 huiusmodi
877 4015 1016 4085 obligatio
1034 4016 1219 4085 experiendae
1238 4013 1373 4071 concilia-

195 4120 278 4174 tionis
297 4121 410 4176 iuducte
431 4138 486 4176 non
511 4122 575 4177 fuit.
593 4122 633 4175 Cf.
653 4121 756 4176 Saredo
785 4122 864 4189 (last.
883 4125 914 4176 di
932 4123 1013 4177 Ptoo.
1036 4123 1134 4190 finite,
1160 4125 1189 4177 V.
1209 4124 1233 4189 I,
1252 4127 1322 4178 edis.
1341 4128 1371 4187 3,

190 4226 304 4295 ρ.114).
325 4225 401 4281 Haec
419 4226 600 4297 praescriptio
619 4230 662 4280 est
681 4226 849 4281 conformior
869 4226 926 4297 legi
944 4228 980 4280 12
1002 4228 1066 4281 Tab.
1086 4228 1115 4281 in
1134 4244 1164 4282 re
1184 4227 1260 4281 civili
1279 4228 1373 4283 decer-

192 4336 291 4387 nente:
308 4346 327 4387 e
345 4334 416 4388 Rem
434 4336 475 4388 uti
487 4344 602 4405 parunt,
621 4345 708 4389 orato.
729 4334 768 4387 Ni
787 4344 894 4404 ponunt
919 4336 948 4387 in
974 4336 1082 4389 comitio
1101 4345 1150 4389 aut
1174 4338 1203 4387 in
1221 4338 1286 4407 foro
1305 4346 1373 4388 onte

192 4440 341 4495 meridiem
360 4458 473 4496 causom
491 4442 626 4496 coiciunto
646 4458 670 4493 a.
