3350 5117
311 244 356 314 20
837 270 921 319 runs
945 272 967 318 1.

311 394 412 475 agunt
435 389 474 455 de
498 390 736 475 quaestionibus
759 392 838 457 iuris
869 395 996 479 privati,
1021 414 1103 479 quae
1134 416 1193 481 per
1218 403 1324 480 pacta
1349 404 1407 465 aut
1428 419 1492 484 per

310 515 448 591 iudicia,
474 518 621 602 componi
644 517 762 583 valent.

401 643 549 708 lamvero
574 619 617 707 in·
630 643 714 709 libro
736 644 769 709 ll
796 644 1012 710 Decretalium
1036 644 1218 731 explicatur
1243 648 1380 713 materia
1409 646 1487 712 iudi-

310 766 450 831 ciorum:
466 766 499 830 in
514 766 615 831 titulis
631 770 738 831 autem
754 767 925 852 postremis
947 765 1023 832 libri
1038 768 1064 841 Ι,
1081 773 1213 853 praeter
1235 769 1316 834 alias
1339 772 1490 837 notiones

309 890 458 973 praevias
481 888 616 965 iudiciis
641 888 877 955 determinatur
899 889 1012 955 modus
1037 887 1192 976 pacificae
1221 889 1324 957 litium
1356 912 1489 978 compo·

305 1016 439 1081 sitionis.

396 1144 428 1211 2.
454 1146 598 1228 Namque
621 1143 695 1209 lites
717 1163 799 1228 quae
822 1145 856 1208 in
871 1143 1051 1209 huiusmodi
1067 1145 1204 1230 negotiis
1220 1145 1414 1226 excitantur,
1431 1144 1488 1209 du·

304 1266 380 1353 plici
404 1269 457 1332 via
481 1268 599 1332 resolvi
624 1273 772 1353 possunt3
797 1286 914 1352 nempe
937 1268 990 1333 vel
1009 1267 1149 1349 privata
1175 1267 1228 1331 vel
1254 1266 1396 1350 publica
1418 1287 1486 1334 au-

155 1288 157 1292 ,
211 1190 262 1269 t-

303 1391 464 1458 ctoritate.

393 1514 528 1578 Privata
551 1514 746 1579 auctoritate
770 1514 844 1578 lites
866 1513 1063 1578 dirimuntur
1076 1532 1137 1599 per
1152 1518 1246 1598 pacta
1259 1532 1316 1577 seu
1339 1532 1482 1577 conven-

302 1637 416 1718 tiones,
441 1639 546 1722 prouti
570 1636 666 1703 edicit
690 1638 722 1701 in
748 1656 879 1723 genere,
909 1635 972 1700 Tit.
989 1633 1048 1716 35,
1071 1633 1144 1701 Lib.
1162 1635 1189 1709 I,
1212 1635 1255 1710 X,
1279 1634 1330 1700 De
1351 1633 1485 1700 Pactts:

302 1784 385 1848 quae
408 1766 441 1829 in
466 1784 503 1829 re
525 1770 637 1829 nostra
661 1764 694 1828 in
718 1763 796 1829 duas
812 1764 937 1848 species
952 1762 1193 1848 dispescuutur;
1218 1782 1353 1846 quarum
1376 1762 1486 1829 altera

300 1889 453 1956 habetur:

299 2160 429 2227 occasum
448 2172 515 2227 solis
533 2189 620 2245 usque
639 2172 673 2227 ad
686 2171 833 2227 secundam
847 2171 944 2225 feriam
957 2171 986 2224 in
999 2174 1063 2225 ortu
1082 2170 1162 2235 solis3
1181 2170 1217 2223 ab
1235 2169 1356 2225 adventu
1369 2169 1480 2224 Domini

300 2290 387 2345 usque
406 2274 440 2327 ad
459 2274 592 2329 Octavam
611 2272 784 2345 Epiphaniae
802 2278 832 2329 et
850 2291 867 2327 a
886 2272 1098 2343 septuagesima
1120 2289 1205 2343 usque
1224 2272 1259 2325 ad
1275 2271 1407 2326 Octavam
1426 2271 1482 2325 Pa·

300 2378 394 2445 sebae,
413 2380 448 2434 ab
467 2381 596 2435 omnibus
614 2379 815 2435 inviolabiliter
833 2379 977 2434 obseruari
998 2380 1182 2449 praecipimus
1201 2396 1225 2433 a.
1245 2378 1371 2431 Concilia
1388 2376 1480 2447 parti-

298 2484 405 2541 cularia
423 2488 451 2541 in
472 2487 564 2542 Gallia
576 2488 632 2541 iam
646 2487 752 2558 pridem
765 2486 848 2541 huius
861 2486 972 2557 generis
985 2486 1230 2557 praescriptionem
1244 2484 1395 2539 edixerant.
1410 2484 1480 2539 Pro-

297 2594 365 2648 bent
378 2594 480 2649 eruditi
493 2592 565 2647 hanc
578 2594 670 2663 legem
684 2592 772 2648 latam
789 2593 875 2648 fuisse
894 2592 1011 2647 inbelle
1023 2592 1184 2657 domestica,
1196 2607 1267 2661 qnae
1279 2590 1475 2644 excitabantur

296 2703 453 2757 evindicta
472 2702 605 2758 sumenda
623 2704 698 2757 inter
715 2701 838 2756 familias
857 2705 887 2755 et
904 2701 1027 2755 familias
1044 2704 1074 2755 et
1093 2700 1166 2755 inter
1190 2698 1302 2770 oppida:
1322 2700 1356 2753 cf.
1376 2698 1475 2755 Devoti

295 2805 360 2877 (Ius
382 2807 445 2861 Cara
467 2808 547 2861 Unio.
561 2808 587 2860 h.
601 2805 634 2877 t.)
653 2810 683 2859 et
702 2804 743 2858 Du
754 2804 891 2873 Gergium
904 2802 1008 2873 (Gloss.
1021 2804 1094 2858 med.
1108 2812 1134 2857 et
1147 2804 1233 2873 infim.
1249 2804 1296 2855 tat.
1310 2801 1343 2856 V.
1360 2803 1478 2875 Treupcr

293 2912 368 2967 etv.
388 2914 480 2967 Treva
493 2916 522 2968 et
534 2910 568 2965 V.
584 2909 692 2982 Foida).
708 2909 766 2963 Has
778 2909 941 2963 inimicitias
959 2924 1078 2974 sumere,
1093 2908 1223 2963 dicebant
1241 2911 1349 2980 faidam
1367 2909 1472 2963 tonare.

293 3022 420 3077 Ecclesia
438 3038 579 3093 nunquam
599 3019 764 3091 approbavit
783 3016 940 3071 huiusmodi
959 3016 1035 3072 bella
1057 3017 1209 3072 domestica
1232 3017 1280 3071 sed
1298 3032 1476 3086 compescere

293 3134 362 3183 tunc
379 3144 436 3183 non
459 3131 584 3198 poterat;
603 3126 669 3180 hinc
693 3124 801 3179 studuit
819 3129 976 3193 temperare
1001 3128 1031 3177 et
1054 3121 1189 3178 emollire.
1209 3122 1365 3192 Vestigium
1390 3120 1477 3176 huius

291 3235 424 3291 violentis
449 3235 536 3289 moris
562 3232 697 3288 habemus
715 3233 744 3285 in
764 3232 878 3287 Duetto·
897 3260 912 3271 -
930 3230 1052 3286 Intentio
1070 3247 1138 3285 vero
1155 3230 1232 3285 tituli
1256 3231 1311 3284 fuit
1334 3230 1470 3284 moderari

292 3342 378 3397 etiam
396 3342 480 3407 bella,
500 3339 612 3411 publica
629 3340 799 3393 arrctoritate
818 3343 960 3408 suscepta:
980 3343 1047 3392 tunc
1070 3338 1145 3393 enim
1163 3337 1261 3393 omnia
1280 3338 1343 3391 iura
1361 3336 1475 3406 privata

290 3456 320 3506 et
346 3450 459 3521 publica
483 3451 524 3503 ita
547 3448 813 3514 commiscebantur,
833 3451 866 3501 ut
887 3445 1058 3516 impossibile
1082 3445 1248 3501 essethaec
1271 3447 1357 3515 probe
1382 3462 1475 3500 secer·

290 3574 365 3613 nere.
384 3556 534 3610 Immututo
553 3556 613 3611 iure
633 3554 743 3625 privato
762 3560 790 3608 et
808 3552 920 3623 publico
933 3554 1088 3619 civitatum,
1102 3552 1154 3607 hae
1173 3552 1251 3622 leges
1270 3553 1427 3607 necessario
1439 3554 1469 3607 in

293 3660 503 3715 desuetudinem
522 3660 660 3714 abierunt
680 3688 694 3699 -
714 3658 824 3712 Titulus
849 3663 944 3712 autem
969 3658 1131 3710 inscribitur
1154 3658 1196 3710 De
1223 3658 1334 3727 Treuyu
1353 3667 1379 3711 et
1397 3656 1475 3711 Pace
1563 3644 1566 3647 ⁴

290 3784 346 3823 non
364 3768 455 3822 solum
474 3771 505 3822 ut
524 3784 577 3837 pax
596 3766 668 3821 inita
687 3766 867 3832 custodiatur,
886 3765 966 3819 finito
986 3764 1075 3827 bello;
1094 3765 1143 3819 sed
1161 3769 1192 3818 ut
1216 3769 1309 3819 certae
1334 3781 1470 3834 personae

289 3873 350 3945 ipso
369 3878 495 3944 tempore
508 3872 585 3939 belli,
598 3888 666 3943 pace
685 3876 715 3927 et
734 3872 886 3927 securitate
898 3871 1072 3935 fruerentur3
1085 3870 1248 3938 praesertim
1261 3868 1356 3924 clerici
1374 3884 1474 3924 omnes

289 3982 319 4034 et
337 3978 479 4049 agricolae
497 3995 559 4048 erp.
579 3992 638 4049 cap.
657 3977 686 4045 2,
704 3978 730 4029 h.
749 3985 768 4031 t.
781 4002 797 4015 ·
815 3974 874 4029 Alii
900 3974 955 4029 duo
977 3973 1053 4029 tituli
1072 3975 1120 4045 qui
1144 3972 1284 4028 habentur
1301 3973 1330 4027 in
1348 3973 1409 4027 Lib.
1439 3974 1472 4039 V,

290 4086 328 4153 X,
346 4084 401 4141 huc
420 4085 559 4141 referendi
578 4088 660 4150 sunt3
679 4100 778 4154 nempe
802 4083 855 4136 Tit.
873 4083 915 4149 13,
935 4082 977 4136 De
1002 4082 1219 4147 maneamus,
1239 4083 1285 4136 ubi
1303 4080 1472 4151 prohibetur

288 4211 367 4248 arma
385 4198 415 4249 et
433 4210 531 4247 manus
550 4207 704 4251 conserere.
722 4188 758 4245 ad
776 4186 980 4261 spectaculum
1000 4191 1029 4243 et
1052 4189 1105 4243 Te.
1126 4189 1173 4255 15,
1186 4183 1229 4242 De
1242 4188 1400 4258 Supinas-its
1418 4189 1466 4260 qui

287 4302 330 4357 uti
342 4302 384 4357 ait
396 4320 455 4371 cop.
467 4302 540 4355 ante.
554 4304 579 4355 b.
593 4310 620 4365 t..
634 4310 725 4354 artem
742 4301 921 4370 inertiferam
940 4307 966 4352 et
979 4297 1112 4352 odibilem
1129 4298 1306 4363 exercebant,
1319 4296 1471 4352 iaculando

285 4408 405 4478 sagittae
417 4412 467 4464 aut
479 4426 547 4464 saxa
560 4424 594 4463 ex
607 4407 725 4461 arcubus
738 4410 767 4459 et
778 4404 909 4459 ballistia·
920 4404 955 4459 ci.
962 4403 1203 4460 commentatores
1215 4404 1244 4457 in
1254 4402 1328 4460 hunc
1342 4402 1469 4460 titulum.
