3350 5117
502 325 545 372 nn
569 325 709 373 runicus
732 325 997 373 scormsmsrrcrs
1103 302 1112 315 '
1269 310 1336 375 353

161 447 231 510 iura
255 451 405 514 constant
426 449 459 512 in
489 449 717 532 patrimonium
741 451 773 511 et
806 448 839 512 in
863 446 1077 513 hereditatem
1100 449 1172 514 viri.
1197 449 1280 524 Quia
1302 450 1337 513 hi

161 576 234 636 sunt
257 567 391 638 effectus
413 572 541 638 iuridici
556 572 752 659 separabiles
776 593 796 638 a
819 577 938 638 natura
960 574 1099 659 coniugii
1116 573 1249 639 iudicari
1266 593 1337 659 pos-

161 701 236 761 sunt
259 717 278 762 a
302 699 489 784 magistratu
513 699 663 772 seculari,
680 700 756 784 quin
781 699 849 764 ulla
872 699 1034 764 inferatur
1056 699 1265 765 sacramento
1288 698 1336 762 iu-

163 821 256 886 iuria.
273 821 384 907 Neque
399 822 616 908 reprobantur
631 825 665 888 in
680 823 743 888 hoc
766 823 857 909 leges
882 822 994 888 civiles
1017 822 1217 888 vindicantes
1232 822 1339 886 huius·

163 946 248 1013 modi
273 947 390 1013 iudicia
416 948 487 1012 loro
517 948 634 1014 laicali.
660 947 707 1014 Ol.
734 948 831 1013 Leon.
857 949 955 1021 Xlll,
979 947 1105 1032 encycl.
1128 946 1338 1021 immortale,

165 1069 398 1136 luovembn's
421 1070 521 1136 1885.

253 1195 381 1260 Verum
404 1213 467 1258 non
491 1192 609 1260 exinde
631 1194 781 1260 aufertur
805 1193 901 1259 iudici
929 1195 1045 1260 eccles.
1070 1195 1285 1280 competentia
1308 1196 1341 1258 in

167 1320 225 1386 bas
248 1339 372 1394 causas,
386 1327 419 1385 et
441 1322 467 1386 si
491 1319 617 1394 iudicet,
641 1321 785 1407 legitimo
811 1319 931 1386 iudicat
954 1322 1085 1406 eiusque
1107 1324 1269 1388 sententia
1290 1329 1341 1386 at-

167 1443 329 1508 tendenda
352 1449 409 1509 est.
427 1444 587 1529 Siquidem
604 1446 636 1510 in
660 1445 751 1510 bisce
775 1447 882 1511 causis
896 1447 1015 1519 mixtis,
1033 1447 1078 1511 uti
1101 1447 1278 1530 loquuntur
1292 1467 1344 1511 ca·

169 1573 325 1643 nonistae‚
342 1576 390 1636 est
406 1571 498 1637 loeus
517 1571 775 1654 praecentiou2'5
798 1591 868 1657 arg.
887 1591 958 1636 can.
982 1571 1026 1637 39
1050 1571 1136 1639 Sunt
1159 1574 1341 1658 quaedam,

171 1693 338 1769 cosas.23‚
355 1714 386 1779 q.
411 1695 435 1762 5
459 1701 492 1762 et
513 1715 586 1779 cup.
605 1697 635 1772 1,
651 1695 701 1762 De
722 1699 778 1780 off.
799 1697 884 1770 ord,
901 1699 934 1764 X
958 1697 997 1783 (1,
1021 1698 1087 1783 31),
1100 1719 1158 1763 seu
1174 1699 1229 1763 ille
1244 1697 1343 1764 iudex
1435 1704 1439 1710 ’

172 1817 334 1900 negotium
358 1813 499 1890 definiet,
523 1818 577 1900 qui
601 1817 693 1902 prior
715 1817 799 1881 idem
823 1787 1073 1903 praeoccupavit
1095 1817 1152 1904 (1).

258 1939 293 2025 o)
311 1939 396 2004 Hinc
411 1941 439 2005 si
454 1940 529 2005 dum
545 1940 686 2026 agitatur
703 1942 847 2024 quaestio
870 1941 910 2006 de
923 1942 1035 2005 valore
1049 1941 1254 2021 matrimonii,
1268 1941 1346 2004 inci-

171 2063 226 2130 dat
251 2064 410 2148 ‚quaestio
445 2064 484 2128 de
514 2064 588 2130 dote
618 2063 752 2148 aliisque
788 2061 956 2130 effectibus
985 2064 1226 2150 separabilibus,
1250 2065 1348 2130 iudex

173 2188 411 2254 ecclesiasticus
434 2207 497 2252 una
521 2207 593 2254 cum
616 2186 788 2272 principali
813 2189 1001 2272 quaestione
1030 2189 1090 2254 has
1112 2191 1210 2254 etiam
1234 2209 1343 2254 acces·

101 2386 104 2395 Ι
172 2313 275 2376 sorias
298 2308 433 2376 definire
456 2311 552 2383 valet,
566 2310 756 2396 applicando
771 2310 865 2398 leges
889 2311 930 2376 de
954 2309 1119 2379 effectibus
1145 2313 1291 2379 civilibus
1314 2313 1348 2377 in

172 2438 325 2503 societate
343 2436 428 2502 civili
444 2437 608 2522 vigentes;
625 2457 695 2522 arg.
713 2456 739 2502 c.
758 2457 785 2504 c.
803 2439 831 2512 1,
850 2438 887 2510 5,·
903 2437 926 2502 7
928 2489 935 2510 ,
954 2437 1018 2509 Qui
1038 2438 1101 2523 filii
1115 2438 1183 2504 sint
1199 2437 1349 2524 legitimi,

171 2563 205 2628 X
226 2561 299 2646 (IV,
319 2563 372 2648 17)
396 2566 428 2627 et
451 2561 485 2642 3,
501 2562 551 2628 De
574 2561 812 2630 domocultas
835 2562 1064 2629 interniciem
1087 2570 1120 2630 et
1140 2576 1298 2637 umorem,
1317 2559 1352 2623 X

172 2685 245 2770 (lv,
261 2685 318 2771 26)
337 2684 394 2772 (2).

262 2809 294 2898 b)
312 2811 416 2886 Quum
432 2831 512 2877 vero
527 2811 751 2898 principalitar
767 2811 911 2894 quaestio
927 2813 1075 2878 exoritur
1090 2810 1131 2876 de
1145 2810 1227 2885 dote,
1240 2809 1280 2877 de
1295 2807 1352 2875 ali-

174 2935 300 3013 mentis,
325 2932 364 2998 do
395 2932 599 2998 hereditariis
629 2931 762 3004 iuribus,
791 2937 871 2998 tunc
900 2953 1013 3005 causa,
1049 2933 1107 2998 sub
1130 2933 1189 2997 tali
1217 2934 1350 3018 aspectu

175 3077 265 3124 mere
295 3059 475 3144 temporali,
499 3059 598 3124 satius
622 3063 672 3124 est
693 3063 730 3124 nt
753 3057 945 3142 expediatur
968 3078 988 3123 a
1012 3058 1116 3124 iudice
1139 3059 1233 3122 laico.

263 3185 294 3268 ο)
312 3185 402 3248 Inter
419 3202 532 3248 causas
548 3184 664 3248 mixtas
680 3181 916 3250 adnumeratur
932 3187 1119 3249 contractus
1133 3183 1291 3248 laicorum
1306 3183 1350 3246 iu·

175 3311 323 3373 ramento
346 3303 562 3378 confirmatus,
581 3306 654 3390 quia
669 3311 756 3379 tunc,
775 3307 821 3371 uti
837 3306 986 3380 vidimus,
1004 3304 1190 3390 obligationi
1214 3305 1354 3371 iustitiae

174 3431 360 3516 adiungitur
374 3429 525 3514 obligatio
541 3449 583 3494 ex
600 3429 771 3514 religione;
785 3447 827 3494 eu
839 3428 960 3515 duplex
976 3430 1169 3496 elementum
1184 3429 1354 3496 iuridicum

175 3554 323 3620 tribuens
337 3551 513 3642 subiectam
529 3552 697 3616 materiam
713 3552 843 3634 utrique
860 3550 947 3625 lor03
964 3552 1090 3635 quando
1105 3571 1223 3638 nempe
1238 3556 1356 3636 agatur

176 3675 216 3743 de
240 3681 426 3743 contractus
449 3677 561 3741 valore
583 3679 615 3740 et
638 3676 831 3741 executione
856 3679 1056 3752 contractus;
1081 3677 1123 3742 cl.
1148 3697 1176 3743 c.
1193 3697 1221 3743 c.
1245 3676 1278 3749 3,
1303 3675 1355 3740 De

176 3803 318 3870 iuretur.
335 3801 372 3868 in
395 3801 419 3867 6
441 3800 498 3886 (11,
517 3799 570 3888 11)
588 3805 620 3866 et
635 3799 669 3874 3,
689 3799 737 3866 Do
754 3799 867 3883 pactis
891 3800 968 3865 ino
990 3801 1030 3882 (I,
1050 3799 1113 3887 18).
1129 3801 1175 3868 nt
1196 3803 1223 3866 si
1239 3804 1356 3886 agatur

267 4013 308 4084 (1)
327 4011 386 4066 Hoc
405 4011 571 4082 principium
584 4012 655 4065 iuris
672 4012 882 4082 praeventionis
896 4009 925 4064 in
946 4010 1037 4064 causis
1050 4011 1145 4065 mixtis
1159 4011 1290 4065 [nudatur
1303 4008 1357 4063 iuri

178 4119 297 4188 positivo
316 4116 415 4172 eccles.
435 4115 474 4172 Cf.
495 4117 641 4186 Cavagnis,
661 4116 718 4182 III,
737 4116 806 4170 414.

268 4223 307 4289 (2)
327 4219 432 4276 Verum
445 4220 469 4273 si
487 4218 600 4273 dubium
612 4218 650 4272 sit
668 4235 703 4271 au
722 4217 818 4288 aliqua
836 4231 922 4270 causa
935 4217 972 4272 sit
985 4218 1077 4273 civilis
1096 4219 1142 4274 vel
1160 4217 1359 4281 ecclesiastica,

180 4307 387 4384 controversiae
406 4327 530 4381 definitio
555 4327 689 4397 competit
713 4326 797 4380 iudici
817 4327 933 4393 eecles.;
956 4329 991 4381 ef.
1011 4345 1070 4398 cop.
1091 4329 1135 4396 12,
1155 4329 1197 4382 De
1221 4337 1290 4382 sent.
1311 4342 1360 4380 ar·

179 4455 277 4493 comm.
297 4439 327 4489 in
348 4437 368 4490 6
387 4435 431 4508 (V,
453 4434 819 4504 11)etSchmalzgrueber,
839 4435 885 4489 lio.
909 4435 949 4503 ΙΙ,
968 4438 1007 4489 tit.
1028 4436 1051 4503 1,
1069 4455 1097 4490 n.
1118 4438 1173 4490 55.

327 4527 386 4598 Suc.
408 4541 494 4613 Lego.
1182 4541 1218 4596 33
