3350 5117
772 664 955 732 TITULUS
978 665 1073 730 Xlll.

513 878 557 925 DE
582 877 845 932 QUAESTIONIBUS
869 878 1110 928 mclomleus
1133 880 1171 928 IN
1195 882 1342 929 GENERB.

723 1004 774 1045 Hoc
788 1000 881 1045 retent.
896 1003 934 1045 tit.
948 1004 980 1054 X,
995 1002 1034 1045 lib.
1050 1002 1083 1056 11,
1099 1003 1130 1046 X.

334 1176 596 1235 Summemum—
607 1180 668 1235 536.
683 1180 753 1241 Quid
773 1181 810 1233 sit
828 1181 957 1250 quaestio
975 1180 1108 1235 incidens.
1120 1209 1159 1222 -
1170 1181 1233 1235 537.
1254 1182 1397 1241 Quaenam
1416 1197 1452 1236 ex
1473 1180 1519 1233 his

424 1288 502 1341 initio
521 1286 617 1340 iudicii
636 1287 737 1341 exoriri
758 1292 843 1341 natae
859 1287 925 1339 sint.
938 1315 973 1329 -
985 1286 1047 1340 538.
1061 1286 1143 1341 Aliae
1157 1288 1216 1343 sire
1228 1289 1322 1343 medic
1334 1287 1447 1353 iudici0,
1459 1288 1520 1341 sire

425 1396 454 1449 in
471 1398 528 1465 fine
547 1396 640 1449 iudicii
660 1396 832 1450 exoriuntur.
845 1424 879 1437 —
891 1395 954 1450 539.
973 1396 1055 1451 Aliae
1074 1397 1103 1449 in
1121 1414 1326 1469 quamcumque
1345 1398 1440 1453 iudicii
1453 1414 1516 1467 par·

427 1503 483 1554 tem
509 1501 630 1555 incidere
654 1499 758 1554 valent.
778 1527 811 1539 —
836 1500 898 1553 540.
920 1498 960 1553 De
978 1516 1109 1569 processu
1134 1502 1163 1554 in
1188 1500 1347 1556 huiusmodi
1365 1503 1465 1556 causis
1485 1528 1521 1544 -

424 1604 484 1659 541.
505 1605 686 1665 Quaestiones
705 1605 859 1660 incidentes
877 1604 1051 1659 definiendae
1068 1608 1134 1658 sunt
1152 1604 1268 1673 speciali
1287 1605 1429 1659 sententie
1446 1607 1517 1658 ante

426 1710 605 1777 definitivam,
624 1711 734 1781 quando
753 1711 806 1765 hac
825 1710 1021 1781 comprehendi
1041 1726 1094 1763 uon
1116 1716 1239 1780 possunt.
1257 1740 1292 1751 —
1310 1711 1372 1764 542.
1390 1708 1452 1763 Non
1472 1724 1523 1778 po-

426 1821 481 1873 test
494 1818 628 1888 appellari
642 1820 677 1873 ab
688 1818 909 1885 interlocutoria,
919 1819 971 1872 nisi
987 1819 1041 1872 vim
1051 1818 1212 1873 definitivae
1224 1818 1335 1873 hebent
1344 1848 1382 1859 -
1393 1816 1455 1873 545
1465 1816 1521 1870 Sed

388 1920 392 1927 ’
425 1925 593 1979 sententiam
618 1924 859 1980 interlocutoriam
877 1924 955 1979 velet
972 1941 1104 1979 revocare
1123 1930 1173 1981 sut
1191 1926 1332 1995 corrigere
1357 1925 1417 1994 ipse
1435 1925 1522 1980 iudex

426 2036 473 2106 qui
493 2035 694 2105 pronunciavit.
715 2061 748 2074 -
772 2034 834 2089 544.
854 2035 1038 2095 Quaestiones
1063 2034 1217 2089 incidentes
1241 2034 1343 2088 debent
1367 2033 1470 2088 resolui
1491 2035 1522 2086 in

427 2139 649 2191 contradictorio.

426 2334 502 2403 536.
518 2336 691 2421 Expliceta
707 2336 833 2399 ratione
850 2355 914 2419 qua
928 2333 1079 2401 iudicium
1102 2334 1321 2403 introducitur
1336 2340 1369 2399 et
1384 2334 1521 2399 instrui-

338 2466 400 2532 tur,
425 2479 485 2545 per
507 2458 630 2544 aliquos
653 2478 768 2545 nempe
791 2464 884 2525 actus
907 2479 991 2545 pene
1014 2460 1226 2531 necessarios,
1248 2466 1283 2525 ut
1308 2460 1378 2525 eius
1399 2463 1522 2523 natura

338 2588 463 2671 integre
494 2586 672 2658 evolvatur,
698 2584 802 2669 quoad
834 2591 963 2671 partem
990 2587 1088 2650 etiam
1110 2584 1344 2656 necessariam,
1369 2587 1522 2668 superest

337 2711 448 2777 dicere
463 2711 503 2775 de
519 2710 756 2795 quaestionibus
772 2710 1011 2783 incidentibus,
1025 2730 1108 2795 quae
1119 2705 1236 2796 ne‘mpe
1250 2706 1422 2792 aliquando
1437 2707 1523 2772 inci-

337 2840 417 2906 dunt
438 2841 471 2903 in
495 2837 705 2923 principalem
737 2838 924 2902 instantiam
947 2836 988 2902 ab
1011 2838 1125 2903 eadem
1153 2838 1312 2923 originem
1337 2836 1520 2901 trahentes.

342 3086 442 3172 (ἆνερ.
467 3085 520 3151 cit.
543 3090 608 3150 art.
633 3084 714 3149 841.-
740 3106 758 3148 ‹
783 3084 1034 3150 coutroversiae
1057 3106 1140 3169 quae
1169 3085 1328 3171 originem
1350 3090 1408 3150 aut
1427 3102 1522 3149 occa·

339 3209 461 3273 sionem
492 3206 611 3272 habent
642 3227 662 3270 a
692 3208 916 3293 principaliori
940 3209 1101 3279 instantia,
1125 3212 1159 3272 et
1181 3226 1264 3291 quae
1287 3212 1523 3292 promoventur

338 3340 406 3400 tum
429 3354 449 3399 a
472 3332 616 3419 partibus
640 3335 726 3398 inter
742 3354 786 3415 se,
809 3340 877 3399 tum
901 3336 987 3399 inter
1002 3339 1112 3421 partes
1135 3340 1168 3398 et
1191 3333 1312 3405 tertios,
1330 3337 1405 3397 sunt
1419 3352 1522 3415 quae·

340 3460 459 3523 stiones
483 3458 705 3523 incidentes».

429 3582 571 3648 Proinde
599 3583 828 3667 praetermissa
861 3579 1067 3647 distinctione
1097 3581 1184 3645 inter
1207 3580 1412 3663 quaestiones
1432 3580 1521 3645 inci·

339 3706 455 3772 dentes
478 3712 510 3771 et
531 3711 748 3792 erumpentes,
766 3707 812 3770 uti
827 3704 941 3770 videre
965 3711 1015 3773 est
1036 3705 1121 3790 apud
1138 3701 1361 3779 Reiffenstucl,
1377 3704 1428 3771 De
1442 3704 1520 3771 ord.

340 3850 411 3917 cop.
428 3852 462 3897 n.
478 3832 531 3905 21,
555 3852 613 3896 nos
629 3832 721 3917 large
736 3833 929 3897 assumimus
945 3831 1137 3897 vocabulum
1161 3831 1358 3914 quaestionis
1379 3827 1522 3894 inciden-

339 3960 388 4041 tis,
413 3958 664 4044 complectentes
687 3978 799 4024 omnes
823 3960 897 4023 illes
921 3959 1160 4025 controversias
1184 3958 1363 4042 quaestioni
1384 3957 1520 4040 princi-

334 4083 411 4167 pali
433 4084 639 4151 accessorius
663 4085 730 4149 sive
753 4084 861 4157 initio,
887 4085 956 4149 sive
979 4084 1013 4148 in
1035 4083 1146 4150 medio
1169 4084 1239 4150 sive
1262 4084 1296 4148 in
1319 4085 1389 4169 fine
1410 4081 1519 4149 iudicii

341 4214 556 4293 emergentes.

429 4331 505 4397 537.
530 4330 620 4406 Quae
642 4331 738 4398 initio
762 4331 870 4397 iudicii
886 4332 1011 4397 exoriri
1033 4332 1139 4396 solent
1161 4338 1236 4397 sunt
1252 4331 1461 4415 exceptiones
1476 4328 1519 4395 de

341 4454 455 4519 iudicis
471 4454 729 4540 incompetentia,
746 4453 786 4519 de
802 4454 870 4517 eius
885 4454 1075 4539 suspicione,
1093 4453 1133 4518 de
1156 4452 1284 4518 deiectu
1302 4452 1448 4528 actionis,
1464 4452 1518 4516 rel
