3350 5117
522 315 567 360 on
591 315 731 364 runicus
755 316 1019 366 accnnsmsmms
1292 303 1353 370 221

266 436 301 525 5)
326 458 406 505 cum
428 439 579 507 otiorum
600 442 806 521 ecclesiane,
830 464 905 509 nam
937 444 1068 511 dominii
1100 451 1158 530 est,
1182 469 1252 514 rem
1283 449 1357 515 alio·

176 580 253 626 rum
276 561 474 648 dispositioni
497 569 530 629 et
552 567 623 631 usui
646 566 850 642 subtrahere,
876 573 909 634 et
931 569 1059 635 domino
1083 571 1128 635 ita
1151 571 1306 654 tribuere,
1322 579 1359 640 ut

176 694 250 759 eius
275 688 424 772 propriu
455 688 513 764 sit;
545 689 629 754 unde
659 691 860 766 dominium,
893 694 988 760 etiam
1015 695 1214 778 proprietas
1247 697 1357 784 appel-

175 814 274 879 latur.

270 937 345 1003 188.
370 935 457 1003 Hinc
479 937 593 1004 haberi
616 959 681 1004 non
704 946 819 1024 potest,
843 940 979 1008 duorum
1008 943 1063 1008 sel
1088 942 1228 1028 plurium
1257 943 1358 1008 domi·

177 1064 267 1127 nium
290 1064 324 1127 in
347 1063 493 1138 solidum,
518 1083 635 1149 nempe
657 1065 799 1130 eiusdem
823 1067 890 1142 rei;
915 1069 1021 1153 prouti
1038 1067 1193 1154 Ulpianus
1216 1064 1310 1132 docet
1324 1066 1357 1129 in

178 1187 202 1251 t.
227 1187 320 1272 5,ff.
347 1187 569 1256 Commodat:
595 1211 614 1252 ι
636 1189 795 1255 Duorum
825 1189 964 1275 quidem
993 1191 1031 1256 tn
1068 1191 1218 1258 solidam
1247 1189 1357 1257 domi-

176 1312 279 1378 nium
312 1314 365 1378 eet
394 1312 561 1394 possessio
593 1332 664 1379 esse
696 1333 767 1380 non
792 1319 903 1398 potest
927 1335 957 1379 a.
982 1314 1045 1381 Sed
1074 1315 1185 1400 plures
1211 1315 1356 1380 eamdem

179 1455 252 1501 rem
273 1455 340 1520 pro
363 1436 507 1504 indiviso
530 1437 654 1502 habere
676 1444 822 1523 possunt;
846 1446 924 1506 tunc
939 1439 1046 1504 locum
1062 1439 1161 1504 habet
1183 1437 1357 1506 condomi-

179 1559 289 1626 ninm.
315 1596 333 1609 ·
358 1561 486 1627 Exinde
509 1562 642 1646 quisque
665 1564 890 1630 condaminas
911 1568 1016 1649 potest
1038 1565 1088 1630 rei
1118 1583 1209 1630 suam
1232 1567 1358 1649 partem

179 1686 367 1753 indivisam
389 1689 545 1769 alienare,
568 1687 622 1754 sel
645 1694 766 1774 petere,
790 1691 1034 1776 peractionem
1057 1691 1100 1757 de
1122 1689 1296 1758 communi
1310 1689 1358 1756 di·

176 1811 341 1884 vidundo,
365 1813 414 1878 rei
438 1814 616 1878 communis
638 1813 837 1880 divisionem.
853 1851 898 1861 —
915 1814 1103 1881 Haberetur
1117 1821 1224 1881 autem
1248 1813 1358 1881 domi

177 1937 277 2003 nium
301 1939 519 2012 collectivum,
537 1940 564 2004 si
586 1959 693 2023 neque
706 1940 977 2007 intellectualiter
994 1947 1114 2024 partes
1133 1943 1359 2027 concipiantur

179 2065 326 2131 iuridice
349 2065 535 2138 distinctae,
552 2064 609 2131 sed
631 2065 776 2153 pluribus
791 2072 952 2152 competat
974 2066 1115 2134 eiusdem
1134 2068 1183 2132 rei
1198 2088 1275 2132 usus
1290 2086 1355 2132 non

178 2186 393 2269 eoectnsivns5
414 2187 525 2271 prouti
545 2184 582 2253 fit
603 2187 637 2251 in
660 2185 751 2252 bonis
767 2186 915 2254 obnoxiis
938 2188 1079 2254 dominio
1094 2189 1231 2253 alicuius
1255 2187 1357 2253 socie·

178 2309 271 2374 tatis:
296 2307 340 2374 cf.
365 2307 574 2383 D'Aunibale
599 2311 642 2384 ΙΙ,
667 2331 721 2375 nn.
747 2311 899 2377 112-475.

272 2435 346 2500 189.
371 2435 467 2500 Modo
490 2436 693 2522 dispiciamus
717 2436 756 2503 de
779 2439 910 2502 notione
928 2427 1161 2522 possessionis.

269 2562 325 2660 lus
339 2535 611 2650 ,dominiisd'e'sej
632 2567 681 2626 est
703 2562 787 2646 qnid
808 2562 987 2648 spirituale
1010 2563 1055 2628 uti
1080 2567 1191 2628 cetera
1211 2561 1297 2634 iura;
1322 2555 1359 2624 fit

180 2683 547 2786 emternprnpbisicpm
567 2683 695 2765 lactum,
701 2706 763 2769 per
777 2687 866 2750 cives
889 2685 952 2750 hoc
974 2685 1023 2749 ius
1043 2683 1310 2780 praeseferentes
1325 2686 1359 2772 et

181 2793 395 2898 exercentes;
411 2807 496 2874 unde
519 2807 654 2874 dicimus
667 2809 812 2874 dominos
835 2829 906 2874 rem
925 2830 1014 2875 suam
1026 2809 1213 2892 possidere,
1231 2807 1358 2892 quando

181 2899 295 2996 eadem
310 2930 414 2996 libere
429 2936 581 3008 utuntur3
595 2933 623 2997 si
638 2953 719 2996 vero
734 2951 754 2996 a
770 2953 807 2996 re
821 2952 881 2997 sua
896 2931 1140 3018 prohibeantur,
1154 2930 1289 2996 dicimus
1301 2948 1357 2994 eos

178 3075 200 3119 a
218 3055 433 3138 possessione
455 3057 505 3122 rei
535 3077 613 3123 suae
643 3057 742 3124 fuisse
773 3057 963 3144 prohibitos.
987 3093 1031 3108 -
1055 3060 1136 3123 ltem
1167 3059 1264 3142 uulgo
1286 3057 1358 3140 quis

178 3183 299 3250 dicitur
322 3183 487 3268 possidere
508 3185 703 3252 sanitatem
725 3206 819 3270 quam
835 3190 972 3254 exercet
985 3187 1018 3250 in
1035 3185 1133 3250 tundo
1149 3185 1299 3259 alterius;
1325 3188 1358 3248 et

178 3327 244 3373 uno
267 3309 370 3374 verbo
392 3309 544 3375 dicuutur
562 3310 733 3392 possideri
755 3330 813 3375 eae
837 3330 901 3391 res,
914 3328 997 3394 quae
1012 3309 1147 3375 subsunt
1162 3309 1286 3373 liberae
1302 3307 1358 3371 ali-

178 3433 274 3497 cuius
297 3431 506 3517 dispositioni.
523 3431 633 3507 Quare
654 3434 812 3518 possessio
829 3434 862 3496 in
878 3433 1037 3497 communi
1053 3431 1178 3515 eloquio
1203 3429 1359 3517 exprimit

176 3554 311 3637 factum
330 3557 510 3640 phisicam,
527 3561 561 3622 et
575 3559 677 3643 ipsum
700 3557 891 3623 vocabulum
908 3558 970 3622 hoc
987 3577 1142 3644 expresse
1162 3561 1264 3630 sonat,
1281 3575 1357 3619 narn

180 3699 198 3743 r
222 3682 383 3766 possessio
405 3681 567 3767 appellata
589 3687 648 3755 est,
673 3687 709 3748 ut
731 3681 838 3749 Labeo
854 3683 945 3764 eit,a
968 3682 1105 3757 sedibus,
1123 3681 1213 3766 quasi
1230 3681 1356 3766 positio,

178 3803 254 3885 quia
289 3803 484 3869 naturaliter
512 3808 643 3869 tenetur
672 3803 712 3869 ab
743 3825 782 3869 eo
813 3807 867 3889 qui
898 3806 927 3870 ei
954 3805 1080 3876 insistit,
1111 3824 1205 3888 quam
1238 3803 1356 3870 Graeci
1392 3861 1393 3864 ,

177 3939 323 4015 κατοχὴν
349 3929 460 3996 dieunt
484 3953 513 3995 ›.
538 3933 589 3996 Ita
611 3931 732 3995 Paulus
755 3930 788 3994 iu
819 3932 841 3996 t.
866 3931 892 4002 1,
921 3950 978 4014 pr.
1000 3932 1035 4015 ff.
1065 3929 1115 3995 De
1144 3927 1357 4013 acquirenda

178 4054 232 4118 oet
255 4051 363 4118 amitt.
384 4071 529 4136 possess.
553 4052 609 4140 (1).
633 4089 679 4102 -
703 4055 852 4118 lamuero
876 4053 1021 4118 homines
1044 4073 1108 4117 non
1134 4051 1279 4117 dubitant
1302 4049 1357 4115 ali-

268 4227 311 4299 (1)
329 4228 371 4282 cl.
391 4227 516 4299 Ruggeri
536 4230 565 4283 in
590 4230 639 4300 Op.
660 4230 689 4283 Il
704 4246 831 4300 possesso
853 4245 868 4283 e
886 4229 1085 4301 prinianas·
1110 4230 1206 4282 diritto
1222 4228 1358 4300 pressimi

178 4337 220 4388 ad
237 4351 308 4402 csso,
327 4311 450 4390 Firenze
470 4336 557 4401 1880,
577 4341 656 4391 notat
674 4337 807 4390 idiomata
825 4336 985 4406 antiquiora
1003 4340 1032 4390 et
1049 4333 1183 4390 hodierna
1202 4335 1357 4404 exprimere

178 4442 285 4495 iactum
305 4442 487 4512 possessionis
505 4459 553 4512 per
571 4441 739 4496 uocabulum
758 4442 919 4510 significans
932 4439 1052 4495 hominis
1070 4441 1243 4496 nativitatem
1257 4440 1285 4494 in
1298 4455 1357 4493 rem
