3350 5117
327 256 372 322 32
857 274 939 322 nuos
963 274 985 321 1.

419 400 470 464 10.
496 400 589 465 Nunc
614 400 656 465 de
679 399 803 467 obiecto
829 398 1078 466 transactionis.

417 524 449 607 l)
474 524 598 588 Natura
623 530 809 590 contractus
825 523 1029 598 determinat,
1053 524 1149 589 huius
1180 522 1340 588 obiectum
1362 522 1510 589 esseda

326 643 822 722 bereremdubiom,utia1u
847 649 1019 713 innuimus.
1044 647 1192 720 Revera,
1217 667 1260 712 ex
1286 652 1405 712 natura
1432 665 1508 711 con·

173 805 176 830 t
209 794 211 804 ·
272 790 274 798 ·
293 844 296 849 Δ
325 776 459 844 tractus,
474 792 526 837 res
543 772 647 840 dubio
663 775 704 839 sit
716 778 843 859 oportet
857 776 928 840 sive
943 773 982 840 de
998 774 1070 841 iure
1086 780 1118 839 et
1134 773 1175 839 de
1190 773 1287 854 iacto,
1300 774 1370 839 sive
1384 777 1509 839 tautum

139 948 141 962 .
239 895 262 965 1'
327 892 367 959 de
382 894 478 959 facto.
497 896 646 980 quuam:
663 897 768 963 dabie
783 898 853 965 siue
876 898 919 965 de
934 898 1010 965 iare
1034 903 1067 965 et
1082 898 1125 964 de
1139 897 1230 982 facto
1238 918 1253 981 ;
1268 916 1326 963 seu
1343 915 1510 981 quousque

215 1040 218 1054 ’
274 1017 276 1027 ’
327 1038 381 1085 res
402 1019 542 1106 litigiosa
566 1020 698 1089 definita
721 1025 851 1089 nonsit.
871 1024 951 1090 Nam
968 1023 1096 1107 quando
1119 1022 1161 1089 lis
1183 1021 1275 1088 finita
1298 1028 1346 1088 est
1363 1042 1423 1107 per
1439 1041 1510 1085 sen-

325 1144 459 1211 tentiam
483 1165 503 1210 a
525 1166 588 1230 qua
611 1152 720 1232 partes
742 1148 795 1213 vel
820 1168 884 1213 non
907 1148 1073 1233 appellant
1087 1148 1142 1213 vel
1165 1146 1331 1233 appellare
1353 1164 1418 1209 non
1433 1164 1507 1229 pos·

325 1278 409 1345 sunt,
427 1274 572 1355 quamvis
595 1278 705 1358 partes
729 1274 875 1341 dubitent
895 1275 945 1340 vel
971 1274 1118 1341 dubitare
1141 1275 1264 1360 possint
1286 1272 1326 1337 de
1350 1277 1441 1337 recta
1463 1272 1508 1335 iu·

327 1394 410 1459 rium
445 1396 714 1481 interpretatione
745 1402 777 1462 et
810 1398 1045 1484 applicatione;
1077 1403 1186 1461 tamen
1220 1396 1262 1461 da
1293 1394 1371 1459 iure
1404 1396 1509 1457 omnis

327 1518 480 1586 dubitatio
497 1527 610 1591 cessat,
625 1528 657 1587 et
675 1524 718 1588 de
731 1522 823 1605 sacto
836 1544 897 1609 pro
909 1525 1050 1590 veritate
1066 1522 1205 1590 babetur
1219 1542 1275 1588 res
1290 1521 1504 1606 iudicatall).

326 1646 478 1721 Quando,
503 1667 636 1733 nempe,
660 1649 821 1714 sententia
851 1650 967 1715 iudicis
999 1647 1215 1735 appellatione
1245 1647 1381 1731 amplius
1407 1647 1506 1731 impu·

324 1774 418 1858 gnari
450 1793 514 1837 nou
545 1779 665 1859 potest,
689 1794 745 1840 res
771 1773 888 1839 dicitur
910 1773 1080 1857 iudicato5
1103 1778 1153 1845 et,
1178 1793 1222 1839 ex
1244 1772 1505 1857 praesumptione

324 1892 412 1960 iaris
434 1898 466 1960 ct
488 1894 530 1961 de
551 1894 643 1967 iure,
668 1896 796 1959 veritati
827 1898 1067 1980 aequiparatur..
1092 1929 1136 1942 -
1160 1894 1334 1959 Dumtaxat
1362 1911 1422 1977 per
1452 1909 1501 1954 re-

325 2021 432 2086 media
455 2019 725 2094 extraordinaria,
743 2026 856 2107 utputa
877 2041 937 2106 per
952 2022 1137 2106 petitionem
1158 2018 1377 2085 restitutionis
1395 2018 1433 2083 io
1447 2017 1501 2081 in-

254 2230 256 2238 ,
326 2147 468 2227 lepram,
485 2143 579 2206 valor
593 2141 781 2207 huiusmodi
803 2143 856 2208 rei
876 2143 1047 2208 iudicatae
1068 2143 1103 2207 in
1125 2141 1362 2206 contentionem
1385 2137 1501 2204 adduci

325 2273 442 2353 posset
464 2272 498 2334 et
519 2273 607 2339 tuuc,
632 2267 691 2332 sub
714 2268 778 2332 hoc
801 2273 962 2353 respectu,
984 2266 1195 2332 transactioni
1217 2263 1274 2329 fiet
1295 2266 1394 2330 locus.
1420 2265 1500 2329 Item

324 2388 451 2453 dicatur
475 2389 513 2454 de
530 2409 729 2473 quocumque
752 2387 816 2454 alio
840 2389 934 2455 titulo
951 2409 1013 2473 quo
1030 2409 1140 2455 rerum
1163 2390 1320 2475 possessio
1336 2394 1370 2452 et
1383 2388 1501 2452 iunium

324 2514 436 2580 fruitio
460 2514 654 2580 iudicialiter
677 2515 787 2599 impeti
806 2514 904 2579 valet.
929 2515 1020 2579 Tunc
1044 2534 1099 2580 res
1121 2520 1170 2581 est
1193 2513 1288 2579 dubia
1310 2514 1353 2579 de
1370 2513 1446 2579 iure
1468 2518 1501 2576 et

325 2638 368 2703 de
389 2638 490 2721 facto,
515 2636 618 2722 quoad
642 2638 803 2701 incertum
826 2637 948 2700 exitum
971 2636 1079 2701 iudicii
1101 2636 1158 2723 (2).

346 2749 347 2753 ¹
416 2766 480 2830 Res
504 2767 607 2850 potius
630 2764 747 2829 dicitur
770 2761 867 2827 dubia
887 2766 1012 2827 tantum
1035 2763 1078 2829 de
1098 2762 1200 2846 facto,
1217 2760 1342 2846 quando
1366 2761 1414 2827 ius
1433 2779 1497 2824 non

324 2900 374 2955 est
395 2889 586 2975 litigiosum
611 2888 774 2953 sedidem
797 2889 900 2972 repeti
923 2888 976 2952 vel
1000 2887 1139 2954 obtineri
1160 2909 1223 2951 non
1248 2893 1362 2972 potest,
1383 2884 1422 2950 ob
1446 2903 1500 2949 re·

324 3015 501 3081 sistentiam
524 3013 662 3077 activam
686 3032 741 3077 seu
765 3014 926 3099 passivam
949 3012 1138 3082 adversarii,
1155 3014 1215 3077 nisi
1231 3012 1410 3098 permedia
1426 3030 1500 3076 exe·

411 3328 450 3401 (1)
470 3330 531 3395 Qui,
550 3334 627 3386 certo
645 3331 736 3385 sciens
761 3347 818 3386 rem
838 3331 950 3384 dubiam
972 3347 1027 3386 non
1049 3348 1119 3398 esse,
1137 3347 1187 3401 per
1207 3331 1317 3386 fraudes
1339 3330 1500 3385 aduersario

321 3451 373 3489 suo
393 3450 450 3489 rem
474 3433 586 3488 dubiam
611 3450 671 3489 esse
690 3435 773 3503 fingit
796 3438 825 3489 et
848 3435 1009 3505 persuadet,
1030 3434 1092 3501 vel,
1111 3435 1237 3489 conscius
1258 3434 1291 3490 de
1309 3436 1351 3489 rei
1368 3435 1500 3501 veritate,

322 3539 456 3595 iudicium
480 3542 617 3595 instaurat
642 3544 675 3594 ut
700 3538 828 3593 timidum
847 3539 1036 3595 aduersarium
1063 3544 1195 3611 provocet
1216 3540 1250 3594 ad
1271 3542 1499 3605 transactionem,

321 3649 393 3715 dein,
413 3648 517 3720 aliquid
538 3648 674 3718 recipiens
697 3648 742 3703 vel
769 3649 895 3703 retinens
914 3653 1062 3719 praetextu
1082 3650 1287 3716 transactionis,
1305 3651 1430 3706 indebite
1447 3650 1502 3705 hoc

318 3753 372 3807 sibi
391 3750 506 3807 habebit
524 3756 553 3805 st
572 3752 743 3807 restitutioni
761 3752 955 3821 adstringitur.

408 3862 448 3933 (2)
468 3861 498 3915 In
523 3862 584 3915 foro
611 3859 818 3928 ecclesiastico,
838 3860 988 3931 praecipua
1012 3862 1086 3931 apud
1110 3862 1157 3915 SS.
1178 3862 1273 3932 cong,
1293 3863 1419 3933 quaestio
1443 3863 1501 3917 fre·

321 3970 462 4041 quentior‚
481 3970 555 4023 circa
580 3969 785 4023 transactiones
810 3969 1002 4038 approbandas
1026 3968 1071 4023 vel
1096 3968 1272 4039 respuendus,
1291 3974 1334 4023 est
1353 3986 1388 4023 au
1407 3986 1507 4025 revera

320 4072 405 4129 dubia
423 4074 508 4128 fuerit
527 4090 571 4129 res
596 4073 630 4128 de
651 4090 706 4145 qua
730 4077 901 4127 transactum
921 4078 973 4138 est,
992 4088 1028 4127 ne
1047 4073 1156 4128 ratione
1182 4074 1380 4128 transactionis
1397 4073 1505 4144 aliquid

319 4180 401 4236 detur
418 4180 463 4236 vel
478 4180 658 4250 promittatur
670 4180 784 4235 omnino
797 4179 960 4235 indebitum.
980 4179 1092 4249 Species
1104 4184 1133 4234 et
1148 4179 1332 4234 resolutiones
1343 4180 1502 4235 huiusmodi

320 4285 571 4339 controversiarum
590 4284 678 4339 videri
703 4287 818 4353 possunt
843 4282 916 4352 apud
935 4281 1083 4336 Pallottini
1103 4284 1121 4335 l.
1142 4285 1186 4337 cit.
1205 4282 1236 4337 In
1254 4300 1311 4337 una
1335 4284 1501 4350 Faventino,

322 4390 501 4462 Concordiae,
512 4394 569 4449 dici
577 4392 620 4445 29
628 4392 700 4447 Nou.
709 4392 724 4445 1
729 4392 749 4445 7
751 4393 794 4445 66
803 4390 828 4443 S.
840 4390 926 4460 cong.
935 4390 1052 4445 Consilii
1067 4392 1222 4461 approbare
1233 4391 1325 4446 noluit
1337 4392 1503 4447 traumctio·
