3350 5117
520 381 565 427 1>ss
588 379 727 429 loulcns
750 381 1017 429 nocuusmsrlcls
1291 361 1359 428 297

270 502 346 570 263.
372 504 494 569 Motum
524 503 626 589 passis
648 505 698 570 ius
727 504 900 590 positivum
924 503 1068 569 remedia
1098 502 1298 588 comparavit
1319 501 1361 568 ad

180 626 333 692 damnum
358 633 391 692 et
413 628 564 693 iniuriam
587 626 838 713 propulsandam
861 623 918 712 (1).
950 625 1029 691 Cum
1051 626 1165 710 primis
1191 643 1298 690 sermo
1320 625 1361 691 sit

179 751 221 816 de
243 754 372 818 actione
394 773 452 819 seu
474 751 693 818 declaratione
720 750 887 817 nullitatis.
922 749 1110 816 Huiusmodi
1134 752 1357 816 controversia

181 875 338 960 frequens
361 896 434 942 esse
456 876 539 942 solet
560 878 594 940 in
617 876 691 941 foro
716 875 797 941 eccl.
821 873 863 940 ob
879 893 993 940 causas
1016 880 1109 940 matr.
1127 875 1171 940 ibi
1193 873 1361 961 agitandas

182 1002 223 1066 ad
245 1004 442 1068 matrimonii
458 1001 686 1069 declarandam
709 1002 905 1076 nullitatem;
930 1001 1013 1084 quod
1036 1003 1200 1088 negotium
1224 1004 1362 1088 partium

182 1131 215 1191 et
230 1126 443 1212 Reipublicae
459 1129 598 1192 maxime
613 1127 760 1192 interest.
779 1125 922 1191 Proinde
938 1125 1036 1190 iudex
1056 1125 1150 1191 debet
1165 1125 1275 1191 sedulo
1291 1147 1363 1212 pro-

183 1247 328 1315 bationes
351 1249 516 1335 colligere,
530 1249 726 1315 admittendo
749 1251 848 1316 etiam
871 1253 970 1314 testes
993 1250 1026 1312 in
1049 1249 1120 1314 aliis
1144 1251 1249 1314 causis
1271 1235 1364 1316 sorsi-

184 1379 240 1436 tan
262 1372 439 1453 inidoneos,
463 1372 563 1439 veluti
586 1377 748 1458 parentes,
774 1373 1041 1458 consanguineos,
1057 1391 1119 1438 nec
1138 1393 1203 1438 non
1227 1393 1282 1438 eos
1309 1373 1363 1457 qui

186 1501 302 1559 metum
323 1495 516 1576 intulerunt,
533 1514 575 1559 ne
590 1495 690 1560 ullum
713 1495 994 1580 praetermittatur
1012 1493 1211 1580 probationis
1232 1494 1364 1560 admini-

185 1621 293 1684 culum
317 1618 374 1704 (2).
397 1620 448 1686 Ad
472 1621 565 1693 haec,
589 1619 789 1701 advertatur,
810 1619 894 1706 apud
918 1620 1054 1686 iudicem
1079 1618 1159 1685 eccl.
1184 1625 1365 1705 competen-

185 1745 260 1812 tem,
285 1741 520 1826 implorandam
543 1761 614 1807 esse
637 1741 889 1807 declarationem
912 1741 1077 1822 nullitatis,
1099 1741 1225 1824 quando
1248 1746 1365 1826 agatur

184 1865 225 1932 de
247 1869 386 1953 negotiis
416 1866 546 1953 publice
575 1869 674 1952 gestis
704 1867 738 1931 in
770 1867 855 1932 facie
885 1866 1052 1932 Ecclesiae
1079 1866 1137 1932 sub
1161 1872 1248 1930 metu
1271 1867 1364 1951 gravi

188 1994 307 2060 iniusto
331 1995 401 2080 ipso
425 1996 496 2059 iure
519 1995 630 2074 irritis,
653 1992 753 2057 veluti
777 1992 805 2056 si
828 1996 945 2076 agatur
967 1991 1007 2056 de
1030 1991 1141 2056 valore
1165 1991 1196 2056 S.
1222 1989 1364 2066 Ordinis,

187 2113 400 2198 professionis
423 2113 671 2200 religiosae;·cl.
689 2112 809 2178 Bened.
833 2112 916 2177 XIV
931 2113 1036 2178 Const.
1061 2111 1124 2177 Dei
1138 2111 1364 2192 miseratione,

187 2245 220 2302 et
241 2239 338 2304 aliam
361 2237 401 2304 Si
423 2240 550 2315 datam,
582 2245 617 2304 et
646 2242 744 2307 Instr.
769 2235 802 2302 S.
829 2235 867 2302 C.
893 2239 927 2303 G.
956 2259 983 2302 a.
1009 2237 1105 2320 1838,
1131 2237 1181 2302 De
1202 2256 1366 2320 processu

185 2387 292 2451 siper
312 2368 469 2434 nullitate
491 2365 526 2432 S.
545 2367 580 2434 O.
604 2366 730 2433 subtus.

274 2493 352 2558 264.
377 2494 422 2558 At
444 2493 592 2557 nonnulli
615 2495 705 2556 actus
728 2489 788 2555 sub
814 2493 901 2554 metu
921 2489 1013 2574 gravi
1036 2489 1105 2553 initi
1121 2507 1186 2552 non
1208 2492 1283 2552 sunt
1297 2489 1366 2573 ipso

188 2620 258 2683 iure
282 2618 382 2693 nulli;
405 2624 483 2683 tunc
509 2618 652 2690 luscam
678 2615 719 2681 ob
744 2616 940 2699 aequitatem
970 2617 1089 2678 metum
1113 2613 1274 2697 perpessis
1296 2609 1366 2676 sub-

188 2742 286 2824 venit,
305 2739 511 2807 concedendo
535 2739 760 2805 rescissionem
783 2743 876 2802 actus
898 2734 1102 2800 obtinendam
1126 2755 1185 2820 per
1208 2735 1367 2800 actionem

188 2835 412 2953 quodmetus
435 2887 550 2934 cauam

277 2991 311 3056 Si
335 3009 416 3055 vero
439 2995 531 3054 actus
552 2988 605 3054 vel
629 2992 815 3054 contractus
837 2985 1002 3070 perlectus
1029 3005 1094 3050 non
1125 2985 1175 3065 sit,
1199 2987 1311 3069 utputa
1341 2984 1367 3048 si

188 3137 242 3183 rea
265 3116 398 3206 vendita
419 3112 525 3179 adhuc
548 3114 683 3199 emptori
706 3110 826 3178 tradita
849 3131 914 3176 non
931 3110 992 3176 fuit
1008 3115 1039 3176 et
1054 3130 1130 3196 pars
1147 3128 1229 3193 quae
1248 3113 1367 3173 metum

188 3243 305 3316 intulit
330 3243 428 3308 instet
449 3259 509 3326 pro
532 3246 623 3305 actus
645 3238 840 3324 impletione,
867 3236 967 3302 veluti
991 3257 1050 3322 pro
1074 3237 1123 3301 rei
1147 3240 1273 3321 emptae
1300 3239 1368 3298 tra-

278 3541 320 3609 (l)
339 3539 393 3595 Sed
412 3538 481 3593 baec
500 3553 555 3592 non
574 3541 697 3607 prosunt,
708 3536 761 3588 nisi
781 3539 872 3590 metus
891 3533 995 3603 apertis
1014 3533 1223 3602 probationibus
1242 3533 1369 3586 evinctus

190 3646 242 3714 sit3
260 3648 354 3700 metus
372 3645 446 3698 enim
460 3659 514 3696 non
535 3640 720 3710 praesumitur
733 3639 780 3694 sed
798 3639 834 3692 ab
850 3637 992 3706 allegante
1011 3638 1167 3706 probandus
1187 3641 1241 3701 est;
1261 3653 1295 3690 ex
1308 3639 1369 3690 toto

189 3756 229 3805 a't.
250 3752 289 3817 X,
302 3752 344 3806 De
356 3752 400 3805 bis
417 3766 488 3819 quae
506 3749 536 3800 oi
552 3757 678 3802 manave
697 3763 783 3800 causa
800 3745 879 3814 fiunt.
900 3743 993 3797 Metus
1011 3760 1078 3798 vero
1097 3743 1223 3797 consistit
1242 3742 1369 3796 inanimi

191 3855 401 3926 perturbatione
424 3870 474 3909 seu
498 3856 541 3908 est
568 3854 702 3917 internus,
722 3851 793 3905 unde
818 3849 901 3919 plane
927 3854 970 3904 ast
988 3848 1167 3904 difficillimae
1189 3848 1370 3919 probationis,

191 3969 311 4021 maxime
330 3964 440 4035 quando
458 3963 569 4034 probari
588 3961 650 4016 vult
667 3977 727 4016 esse
740 3961 860 4014 relative
876 3976 1008 4030 proaem
1029 3964 1129 4028 utputa
1148 3957 1369 4013 reverentialem.

279 4070 321 4141 (2)
339 4069 381 4122 Cf.
410 4069 438 4122 in
462 4084 546 4121 causa
570 4065 791 4121 Tolentinatensi
825 4066 865 4118 17
890 4065 992 4135 aprilis
1018 4064 1098 4117 1869
1122 4091 1135 4103 -
1160 4063 1333 4116 Matrimonii
1355 4091 1370 4103 ·

193 4180 286 4231 sotum
300 4175 335 4230 cl.
350 4173 517 4229 consultoris
535 4172 614 4228 Santi
627 4201 642 4214 ·
657 4173 792 4226 Thesaur.
805 4171 899 4225 Resol.
921 4172 947 4225 S.
966 4170 994 4226 0.
1012 4171 1038 4226 C.
1053 4169 1183 4224 -Eadem
1196 4169 1371 4238 applicentur

193 4285 358 4355 praesertim
376 4297 427 4352 pro
451 4279 648 4335 controversiis
666 4278 845 4348 professionis
863 4277 928 4332 fidei
948 4283 997 4329 aut
1015 4274 1175 4329 collationis
1201 4275 1227 4326 S.
1247 4274 1370 4340 Ordinis3

193 4394 226 4446 ct.
245 4389 410 4461 Pignetelli,
434 4398 499 4442 tom.
518 4386 541 4454 1,
563 4386 685 4441 Conmlt.
705 4385 734 4450 4,
758 4402 786 4437 aa
808 4383 836 4450 9,
856 4388 885 4439 et
910 4383 1014 4438 decisio
1033 4381 1059 4435 S.
1079 4381 1108 4436 (l.
1128 4381 1158 4436 C.
1178 4385 1207 4434 in
1227 4381 1371 4436 Valeatino

194 4497 391 4570 lbosessionis,
410 4493 502 4548 1773.
