3350 5117
334 295 398 362 160
534 298 535 303 ’
867 327 952 376 runs
975 329 997 376 1.

332 459 403 506 rem
411 440 476 541 *sibi
488 440 693 543 substituere,
699 446 758 545 sed
770 448 938 518 dumtaxat
944 459 1030 545 post·
1036 454 1128 521 litem
1143 463 1372 541 contestatam,
1385 460 1446 527 nisi
1456 460 1511 527 do·

331 572 438 638 minus
453 542 641 661 principalis
656 578 687 642 ei
703 596 858 663 expresse
874 542 1073 649 concesserit
1095 586 1129 650 in
1152 586 1303 653 mandato
1321 588 1509 657 facultatem

332 697 553 766 substituendi.
570 700 598 767 E
622 708 737 769 contra
757 711 952 790 procurator
966 710 1248 787 extroiudicinlis
1264 714 1327 780 nisi
1342 715 1406 782 hoc
1420 722 1512 783 vetet

332 823 527 898 mandatum,
543 831 649 912 potest
663 847 792 914 semper
807 829 867 895 sibi
882 831 980 896 alium
1002 833 1037 896 in
1060 836 1197 920 negotiis
1212 837 1511 905 extraiudicialibus

334 945 542 1025 substituere;
559 953 594 1014 ut
609 948 708 1016 habet
730 951 813 1017 idem
838 952 993 1021 Pontifex
1017 957 1050 1021 in
1072 957 1096 1040 ἓ
1117 957 1144 1021 2
1166 957 1219 1025 cit.
1236 978 1325 1044 caps
1343 960 1511 1028 ‹Procu-

333 1078 431 1141 rator
452 1094 533 1142 vero
557 1076 658 1142 dutus
681 1076 728 1142 od
750 1079 886 1161 negotio
903 1077 1090 1169 (extraiud.)
1101 1088 1212 1166 potest
1235 1084 1338 1152 libere
1359 1086 1514 1171 quando

335 1216 480 1284 comque
506 1199 613 1265 utiam
636 1200 802 1283 deputare
817 1221 848 1265 a.
869 1238 913 1253 -
931 1205 968 1270 ln
991 1206 1130 1291 negotiis
1160 1206 1362 1273 iudicialibus
1392 1226 1514 1293 procu·

208 1368 209 1371 ,
318 1380 320 1387 .
335 1325 437 1390 ratori
450 1326 544 1390 venia
556 1324 746 1391 conceditur
757 1325 856 1390 alium
870 1325 1082 1393 substituendi
1098 1334 1171 1415 post
1184 1330 1274 1397 litem
1285 1334 1513 1411 contestatam,

336 1453 410 1535 quia
423 1470 546 1537 reapse,
556 1470 616 1537 per
627 1452 692 1517 litis
705 1454 982 1530 contestationem,
990 1455 1153 1540 negotium
1166 1455 1340 1522 inchoatur
1352 1455 1514 1521 iudiciale.

337 1578 446 1651 Quare
469 1594 512 1641 ex
534 1577 600 1643 litis
623 1578 857 1644 contestatione
880 1578 976 1644 hodie
999 1599 1065 1644 non
1094 1582 1202 1648 oritur
1223 1580 1415 1647 dominium
1445 1576 1516 1645 titis

336 1722 433 1767 sensu
444 1702 525 1766 iuris
537 1700 736 1775 romanised
747 1704 856 1765 tamen
869 1701 953 1767 alite
964 1707 1144 1768 contestata
1156 1704 1313 1788 repetitur
1325 1703 1516 1771 initiumne·
1651 1791 1652 1798 ἵ

336 1828 415 1913 gotii
426 1824 584 1892 iudicialis
595 1825 742 1907 formale,
755 1831 787 1891 et
799 1826 863 1892 hoc
878 1826 1050 1912 respondet
1065 1828 1235 1895 intentioni
1248 1826 1405 1893 Bonisacii
1416 1828 1514 1897 VIII.

427 1952 501 2019 128.
526 1952 670 2038 Denique
692 1952 868 2036 inquiritur
890 1973 933 2019 an
955 1959 1159 2037 procurator,
1180 1955 1404 2021 controversia
1434 1954 1515 2021 iudi·

337 2076 411 2142 ciali
434 2094 494 2162 per
516 2077 709 2143 sententiam
733 2073 875 2159 definita,
890 2075 1006 2143 debeat
1026 2078 1122 2143 etiam
1137 2078 1206 2163 ipse
1222 2079 1433 2163 interponere
1455 2094 1517 2162 ap-

337 2203 543 2290 pellationem
568 2206 601 2269 et
622 2202 868 2288 appellationem
897 2200 1071 2288 prosequi?
1093 2203 1296 2269 Advertatur
1325 2200 1419 2267 modo
1442 2220 1516 2267 ser·

338 2342 464 2389 monem
496 2344 567 2390 esse
597 2324 637 2389 de
665 2325 824 2389 sententia
856 2321 1023 2390 definitiva
1053 2343 1136 2409 quae
1165 2325 1339 2389 instantiae
1372 2320 1516 2388 iudiciali

338 2444 434 2513 finem
465 2447 572 2534 pouit,
600 2466 665 2511 non
688 2448 728 2513 de
751 2448 913 2512 sententia
938 2445 1196 2514 interlocutorio
1223 2444 1264 2510 ad
1295 2446 1518 2530 quaestionem

198 2592 204 2597 ·
337 2571 534 2639 incidentem
557 2569 769 2639 definiendam
792 2574 929 2660 prolata,
954 2594 1036 2659 quae
1066 2592 1132 2655 pon
1160 2574 1340 2639 terminans
1362 2570 1519 2637 iudicium

339 2698 379 2765 de
402 2720 454 2773 se,
479 2720 541 2765 nec
572 2701 793 2786 procuratoris
824 2704 929 2785 potest
955 2702 1133 2765 terminare
1155 2698 1351 2766 mandatum.
1377 2698 1517 2777 Verum,

339 2825 531 2890 sententiam
546 2821 744 2891 definitivam
760 2823 844 2909 quod
861 2828 994 2909 spectat
1007 2822 1207 2895 advertatur,
1219 2840 1279 2907 per
1291 2821 1378 2886 hanc
1392 2820 1518 2886 absolvi

339 2950 523 3015 instantiam
547 2948 746 3025 iudicialem;
770 2954 880 3014 tamen
894 2950 1074 3014 sententiae
1096 2950 1141 3013 ita
1165 2968 1349 3015 connexum
1367 2966 1438 3013 esse
1461 2965 1518 3011 re-

340 3073 478 3139 medium
501 3073 725 3160 appellationis
748 3080 785 3140 ut
806 3074 976 3160 negligere
1001 3075 1226 3161 appellationis
1255 3072 1395 3139 medium
1417 3072 1521 3159 possit
1651 3069 1653 3100 ¹

341 3198 546 3283 aequiparari
562 3197 779 3284 negligentiae
801 3196 965 3263 adhibitae
980 3199 1013 3262 in
1028 3197 1197 3264 tractando
1213 3197 1344 3283 negotio
1359 3194 1518 3271 iudiciali;

342 3342 438 3405 quum
461 3340 526 3386 non
548 3322 654 3387 minus
676 3327 790 3407 peccet
811 3322 867 3406 qui
889 3341 955 3387 non
971 3325 1066 3387 curat
1081 3323 1187 3387 vitare
1201 3320 1331 3393 malum,
1349 3339 1445 3405 quam
1462 3320 1519 3403 qui

341 3445 478 3532 negligit
499 3446 582 3511 malo
607 3446 668 3510 iam
693 3450 860 3511 contracto
883 3446 1062 3512 remedium
1077 3444 1251 3532 applicare.
1270 3441 1350 3509 Inde
1370 3443 1519 3527 sequitur
1651 3461 1653 3518 ε

341 3572 563 3657 procuratoris
586 3569 724 3636 officium
748 3591 829 3648 esse,
853 3575 927 3658 post
949 3572 1142 3637 sententiam
1172 3566 1373 3634 definitivam
1398 3566 1519 3651 primo

342 3697 547 3763 mandantem
570 3698 786 3783 interrogare,
809 3698 873 3762 nisi
894 3698 959 3762 iam
983 3699 1109 3763 constet
1130 3696 1199 3761 eius
1221 3695 1385 3767 voluntas,
1408 3698 1518 3758 utrum
1651 3682 1653 3754 i

342 3823 422 3891 velit
436 3823 683 3910 appellationem
698 3824 918 3909 interponere
935 3824 1092 3896 secundo,
1110 3823 1137 3887 si
1152 3821 1216 3887 hoc
1235 3818 1306 3885 fieri
1321 3838 1387 3884 non
1406 3818 1520 3904 possit,

343 3948 591 4033 appellationem
613 3965 746 4032 ponere,
770 3966 812 4013 ne
834 3947 963 4014 labatur
984 3952 1110 4032 tempus
1132 3945 1212 4010 utile
1241 3962 1326 4009 neve
1356 3941 1518 4007 sententia

344 4070 602 4137 irrevocabiliter
624 4076 832 4156 pertranseat
853 4072 891 4137 io
912 4091 987 4138 rem
1009 4069 1196 4136 iudicatam
1211 4062 1268 4154 (1).
1285 4067 1330 4131 At
1345 4063 1431 4129 idem
1446 4082 1521 4148 pro·

435 4246 474 4319 (l)
488 4248 518 4303 ln
532 4246 584 4302 hoc
599 4250 771 4319 propositum
785 4248 856 4303 utile
869 4253 911 4303 est
924 4247 1084 4303 examinare
1096 4260 1197 4299 causas
1209 4241 1440 4311 disceptationem
1453 4254 1522 4291 cau·

345 4376 447 4431 sueque
457 4358 645 4415 definitionem
656 4356 780 4412 habitam
791 4372 834 4425 ep.
846 4354 872 4407 S.
883 4353 911 4407 C.
922 4354 951 4407 G.
962 4354 1008 4408 die
1019 4352 1058 4405 17
1070 4353 1135 4422 Aug
1146 4349 1235 4416 1872,
1244 4348 1272 4402 in
1282 4344 1402 4419 quadani
1411 4346 1523 4398 contro-

346 4471 438 4527 versia
456 4469 520 4522 «de
540 4466 733 4521 iurisdimione
748 4464 909 4535 parochiali
920 4480 936 4514 a
950 4464 983 4515 cl.
997 4464 1067 4515 Acta
1087 4460 1113 4512 S.
1129 4458 1216 4523 Sedis
1241 4456 1296 4508 ool.
1324 4452 1384 4519 VII,
1398 4468 1429 4522 p.
1447 4448 1520 4504 393.
