3350 5117
512 302 557 347 ue
581 300 720 349 romeus
744 299 1009 363 ecciesiasrmrs
1283 280 1351 346 589

171 424 224 491 vel
240 424 427 491 conclusum
442 422 504 491 fuit
527 425 560 489 in
577 443 684 497 causa,
701 424 915 489 instructione
931 422 1072 487 nondum
1094 422 1257 499 absoluia;
1273 428 1351 491 tuuc

169 550 331 616 sententia
361 550 430 634 ipso
456 550 529 614 iure
551 548 641 613 nulle
663 567 729 613 nou
757 552 815 620 est
834 546 1010 613 dummodo
1041 547 1196 615 iniustitia
1219 568 1284 613 non
1310 549 1352 614 sit

168 674 314 741 motoria.
348 675 428 740 Nam
458 675 492 739 in
519 673 614 739 dubio
643 692 772 759 semper
803 673 1023 759 praesumitur
1051 693 1112 758 pro
1135 674 1239 740 iudice
1267 674 1351 759 quod

170 800 361 865 sententiam
384 800 500 865 iustam
517 798 662 872 ediderit,
679 797 850 863 dummodo
875 817 939 863 non
964 799 1007 864 sit
1023 818 1042 860 ‹
1059 798 1231 865 euidenter
1248 804 1280 865 ct
1294 818 1352 866 rto·

171 924 257 993 toric
279 930 394 990 contra
415 926 465 991 ius
486 926 677 1011 litigantis»
697 926 743 991 ita
766 944 841 1008 cap.
867 924 910 991 13
935 925 965 989 h.
991 931 1012 990 t.
1036 925 1078 990 X.
1103 924 1136 991 Si
1159 926 1245 988 enim
1260 923 1352 992 adest

171 1048 254 1114 haec
275 1046 411 1115 notoria
434 1050 589 1115 iniustitia
603 1050 637 1115 in
660 1050 709 1114 ius
732 1048 868 1114 alterius
885 1050 996 1135 partis,
1008 1050 1109 1115 laesio
1125 1050 1209 1115 haec
1225 1049 1353 1117 directe

172 1172 355 1238 refunditur
370 1173 422 1239 vel
445 1174 479 1238 iu
501 1174 551 1239 ius
564 1174 746 1259 positivum,
763 1173 814 1239 vet
834 1174 948 1238 saltem
969 1174 1067 1237 iuius
1090 1174 1249 1255 naturale,
1266 1172 1350 1257 quod

170 1297 260 1363 nulla
282 1298 421 1363 hominis
443 1279 603 1365 sententia
624 1298 759 1383 infringi
781 1298 879 1364 valet.

260 1421 515 1487 consestentis
530 1422 649 1488 iniusta
671 1424 739 1487 sive
764 1423 860 1488 irrita
882 1422 924 1487 sit
939 1422 1007 1487 sive
1031 1423 1189 1503 irritetur,
1206 1424 1352 1504 quamvis

170 1541 294 1609 nullum
326 1544 374 1609 ius
401 1545 488 1611 inter
518 1549 627 1630 partes
657 1547 840 1618 constituat,
873 1544 1080 1610 nihilominus
1111 1542 1164 1607 dat
1191 1543 1349 1609 actionem

170 1672 286 1731 contra
307 1664 444 1731 iudicem
461 1664 501 1730 ad
517 1665 758 1733 indemnitatem
780 1665 961 1752 petendam,
982 1685 1097 1752 nempe
1114 1664 1267 1748 etoilem3
1290 1685 1352 1731 nec

171 1812 237 1857 non
255 1792 437 1875 poermtem
452 1792 493 1858 ad
510 1792 703 1878 puniendam
721 1792 835 1859 iudicis
853 1793 990 1878 culpem.
1009 1793 1088 1857 Nam
1104 1792 1138 1856 in
1162 1792 1352 1878 magistratu

171 1916 212 1983 ob
235 1917 304 1982 eius
326 1916 489 2001 publicum
513 1937 637 1992 munus,
654 1917 792 2004 simplex
814 1937 941 2002 quoque
965 1918 1149 2003 ignorantia
1172 1917 1226 1982 vel
1248 1918 1352 2004 negli-

171 2044 282 2128 gentia
296 2047 444 2107 naturam
460 2040 566 2106 induit
587 2042 727 2124 caepae·
750 2061 852 2126 quare
876 2042 908 2105 iu
926 2040 1047 2106 iudices
1070 2041 1179 2106 taliter
1202 2042 1353 2127 eulposos

172 2165 245 2229 Inn.
270 2165 319 2230 IV
343 2165 376 2229 in
400 2182 474 2246 cup.
498 2164 516 2228 1
541 2164 572 2228 tt.
590 2169 610 2228 t.
626 2164 665 2229 iu
688 2164 711 2229 6
735 2162 792 2249 (ΙΙ,
819 2164 874 2251 14)
899 2164 1141 2250 suspensionem
1157 2184 1217 2250 per
1233 2183 1353 2230 annum

171 2288 327 2361 decernit.
352 2290 582 2355 incurrendam
605 2291 674 2376 ipso
698 2289 799 2365 factm
822 2294 857 2357 at
879 2310 938 2376 per
958 2294 1062 2357 const.
1075 2290 1140 2374 Ap.
1157 2288 1255 2357 Sedis
1270 2290 1352 2355 haec

172 2410 339 2497 suspensio
361 2411 518 2497 abrogata
540 2412 602 2478 fuit
624 2411 681 2499 (1).

262 2537 337 2603 608.
356 2538 494 2624 Insuper
509 2537 669 2605 sententia
684 2540 725 2603 sit
740 2558 811 2605 riou
827 2538 932 2605 dubia
945 2544 1080 2625 oportet.
1095 2536 1179 2603 Nam
1195 2541 1353 2605 sententie

173 2682 240 2727 non
255 2660 368 2729 definit
384 2665 651 2745 controversiam,
668 2665 731 2729 nisi
745 2682 839 2729 reum
856 2664 909 2730 vel
929 2664 1076 2729 absolvat
1090 2663 1143 2729 vel
1161 2661 1353 2728 condemnet

172 2789 205 2852 in
229 2793 306 2862 toto,
330 2788 384 2853 vel
407 2807 450 2852 ex
473 2794 565 2874 parte
589 2790 679 2853 circa
712 2789 898 2875 petitionem
930 2789 1060 2853 actoris.
1084 2788 1211 2853 Verum
1235 2786 1355 2853 suflicit

173 2914 272 2978 etiam
295 2912 519 2980 determinatio
536 2915 585 2978 rei
608 2913 736 2979 debitae
751 2915 916 2999 generice,
933 2935 963 2979 v.
981 2936 1031 3001 gr.
1048 2935 1145 2998 quum
1161 2916 1352 2980 decernitur

173 3041 348 3123 praestatio
365 3040 413 3103 rei
429 3046 462 3104 et
485 3038 648 3106 fructuum
665 3059 724 3126 per
747 3041 872 3125 peritos
888 3040 1192 3107 aestimandormm.
1218 3040 1355 3107 Gertitu-

172 3165 239 3231 dini
262 3167 444 3231 sententiae
459 3168 631 3252 opponitur
646 3186 773 3251 quoque
789 3166 991 3234 conditionis
1006 3165 1185 3249 appositio,
1203 3186 1285 3250 quae
1301 3186 1353 3231 va-

172 3291 277 3357 lorem
300 3293 480 3357 sententiae
503 3292 677 3377 suspendat
699 3294 732 3358 in
756 3294 901 3359 futurum
925 3298 1085 3367 eventum,
1111 3294 1150 3358 de
1174 3294 1264 3360 cuius
1289 3294 1354 3359 exi·

173 3418 291 3483 stentia
314 3423 426 3503 postea
448 3419 565 3483 iterum
591 3421 738 3485 exoritur
753 3419 925 3485 iudicialis
949 3420 1103 3506 counitio.
1131 3406 1273 3486 Proinde
1288 3440 1353 3485 non

173 3540 266 3609 obest
287 3542 427 3610 conditio
450 3542 529 3609 facti
553 3544 696 3609 iamiam
721 3546 926 3618 imminentis,
951 3550 984 3611 et
1002 3549 1120 3611 natura
1143 3550 1202 3613 sud
1224 3548 1352 3621 notorii,

172 3669 285 3749 utputa
300 3666 326 3731 si
342 3664 480 3751 pendeat
502 3668 696 3733 sententiaa
712 3668 886 3733 iuramenti
903 3670 1131 3753 praestatione,
1145 3669 1245 3735 vetuti
1262 3670 1288 3734 si
1306 3670 1353 3733 iu-

173 3782 238 3849 dex
260 3787 463 3871 pronuntiet:
487 3784 604 3868 defero
622 3784 680 3853 trtri
702 3787 948 3861 iuramentum,
965 3792 996 3853 et
1011 3788 1040 3853 si
1058 3789 1280 3871 praestiteris
1298 3787 1353 3854 ab·

172 3908 304 3973 sotrum
328 3914 357 3975 te
384 3909 435 3975 oet
458 3908 594 3976 obsoleo
618 3909 661 3975 ab
680 3909 1032 3978 etccommunicctiome
1051 3912 1101 3978 oet
1117 3912 1355 3997 oispemtorre·

265 4208 306 4280 (Ι)
325 4208 431 4263 concil.
450 4209 524 4263 Trid.
544 4210 573 4262 in
598 4226 664 4263 sess.
683 4210 733 4277 24,
759 4228 782 4263 c.
801 4211 851 4277 20,
873 4210 915 4263 De
933 4215 998 4282 res„
1017 4210 1170 4265 constituta
1189 4212 1354 4267 iudiciorum

172 4313 358 4380 ordinatione,
376 4314 432 4369 ait:
450 4329 468 4367 ‹
485 4315 567 4369 Alios
587 4331 686 4371 eorum
709 4314 855 4387 (iudicum)
871 4330 1023 4386 processus
1041 4318 1264 4371 ordinationesve
1286 4318 1354 4371 nut-

175 4421 231 4475 tius
242 4422 376 4476 momenti
387 4423 451 4488 sint,
463 4432 546 4493 utque
558 4424 597 4477 ad
608 4423 706 4477 domm
717 4424 935 4495 satisfactionem
943 4424 1073 4495 portibus
1086 4423 1162 4477 illati
1172 4432 1318 4478 teneantur
1327 4440 1354 4479 r.
