3350 5117
713 321 820 368 luuax
849 321 969 370 RERUM

726 602 887 658 TlTULUS
907 603 955 658 xi.

607 775 650 814 DE
682 773 1074 815 Panasumrrtoutaus.

248 969 310 1025 519.
332 969 416 1025 Notio
436 972 669 1042 praesumptionis
675 1011 1263 1027 ..............
1295 989 1362 1044 pap.
1380 972 1440 1026 525

249 1075 311 1130 520.
331 1074 397 1129 Alia
415 1081 458 1131 est
477 1077 554 1143 iuris,
574 1076 630 1131 alia
642 1067 768 1132 'hominis
805 1115 1306 1132 ............
1342 1091 1361 1133 »
1395 1076 1436 1130 ibi

250 1179 312 1234 521.
331 1178 415 1235 Notio
434 1185 463 1236 et
480 1179 559 1237 valor
582 1183 816 1253 praesumptionis
841 1182 910 1237 iuris
934 1187 964 1238 et
985 1182 1218 1252 praesumptionis
1241 1181 1310 1235 iuris

359 1292 388 1343 et
406 1287 439 1342 de
459 1289 520 1344 iure
543 1325 1310 1343 ..................
1346 1286 1439 1345 »526

249 1395 311 1450 522.
331 1393 466 1465 Exempla
485 1397 720 1466 praesumptionis
737 1397 806 1452 iuris
808 1433 1309 1452 ............
1345 1393 1440 1452 »526

250 1503 311 1559 523.
332 1503 525 1574 Praesumptio
545 1505 617 1559 iuris
635 1509 665 1560 st
683 1505 718 1562 de
736 1506 798 1561 iure
816 1521 872 1559 non
892 1505 1017 1560 admittit
1033 1505 1176 1574 directam,
1189 1505 1237 1559 sed
1255 1520 1311 1559 non

357 1608 481 1665 excludit
500 1609 664 1666 indirectam
684 1611 878 1682 probationem
897 1612 1067 1666 contrariam
1080 1649 1310 1664 ......
1346 1608 1438 1666 »527

250 1717 313 1773 524.
333 1717 382 1772 Vis
400 1717 548 1788 probativa
567 1719 690 1774 eiusdem
709 1719 787 1774 varia
806 1724 851 1774 est
869 1719 949 1774 iuxta
967 1719 1040 1791 quod
1061 1723 1105 1775 est
1123 1717 1312 1789 praesumptio

357 1821 437 1890 levis,
455 1825 559 1894 gravis,
577 1825 726 1881 vehemens
762 1858 1307 1881 ..............
1344 1823 1438 1880 »528

173 1985 176 1992 ,
250 1927 311 1982 525.
331 1927 576 2000 Praesumptiones
596 1929 716 1986 hominis
740 1947 795 1985 non
821 1929 927 1986 habent
951 1931 1075 1986 valorem
1097 1949 1115 1986 s
1132 1928 1196 2000 lege
1217 1929 1312 1985 deter-

358 2034 496 2088 minatum
541 2073 1308 2091 ..................
1345 2049 1364 2093 »
1396 2035 1438 2088 ibi

251 2143 312 2199 526.
332 2143 474 2206 Quomodo
496 2145 626 2200 differant
647 2145 721 2201 inter
739 2163 770 2201 se
789 2144 879 2201 relate
897 2146 933 2200 ad
954 2146 1122 2201 sententiam
1141 2144 1313 2201 definitivam

360 2252 599 2320 praesumptiones
618 2251 687 2306 iaris
705 2255 735 2307 at
751 2251 786 2307 de
805 2253 866 2307 iure
885 2256 915 2307 et
934 2251 1173 2322 praesumptiones
1191 2248 1312 2304 bominis
1345 2263 1364 2308 a
1395 2249 1437 2303 ibi

251 2358 313 2412 527.
334 2357 578 2428 Praesumptiones
597 2357 704 2429 legales
722 2359 934 2428 distinguuntur
952 2375 970 2412 a
987 2357 1148 2412 fictionibus
1166 2357 1266 2410 iuris.
1302 2394 1309 2407 .
1346 2369 1365 2412 »
1396 2355 1439 2409 ibi

252 2461 314 2518 528.
334 2461 457 2533 Explicit
477 2467 615 2518 tractatus
633 2463 666 2519 de
686 2463 897 2533 probationibus
901 2498 1309 2520 ..........
1345 2475 1364 2520 >
1396 2437 1457 2516 ibi'

723 2728 884 2785 TITULUS
903 2730 964 2785 llll.

637 2905 673 2943 na
693 2903 886 2945 CONGLUSlON!
906 2907 936 2946 lli
955 2906 1053 2946 CAUSA.

251 3101 314 3158 529.
335 3101 482 3158 Conclusio
493 3104 521 3158 in
533 3121 617 3160 causa
630 3105 735 3161 claudit
748 3106 892 3163 definitive
906 3110 1055 3164 terminum
1066 3108 1264 3179 probatorium.
1296 3125 1364 3180 pap.
1382 3107 1440 3162 532

254 3209 316 3265 530.
336 3209 403 3265 llius
421 3211 530 3266 utilitas
543 3251 1310 3271 ..................
1347 3229 1365 3272 »
1398 3214 1439 3268 ibi

252 3312 313 3369 531.
333 3313 364 3368 In
384 3314 513 3369 civilibus
532 3315 624 3370 editur
646 3316 788 3372 decretum
808 3318 949 3374 ordinario
973 3320 1007 3374 ad
1032 3318 1195 3373 instantiam
1217 3319 1314 3388 partis,

360 3422 389 3474 iu
409 3419 604 3476 criminalibus
623 3422 742 3494 aliisque
761 3423 789 3476 id
807 3440 897 3492 genus
917 3425 1018 3492 causis,
1036 3441 1070 3480 ex
1088 3423 1179 3479 officio
1215 3463 1223 3479 .
1260 3464 1268 3478 .
1304 3463 1312 3479 .
1348 3438 1366 3480 »
1397 3424 1439 3478 ibi

253 3526 315 3582 532.
335 3529 379 3581 An
398 3527 540 3584 conclusio
559 3529 587 3583 in
608 3547 693 3586 causa
713 3531 877 3602 requiratur
894 3529 929 3585 ad
948 3532 1132 3586 substantiam
1151 3547 1314 3602 processus.
1350 3529 1442 3589 »533

253 3631 314 3689 533.
335 3633 458 3689 Effectus
476 3634 666 3690 conclusionis
683 3636 713 3691 in
734 3652 819 3692 causa
862 3676 1314 3694 ...........
1350 3637 1441 3696 »534

254 3739 315 3796 534.
336 3739 419 3796 ludex
439 3758 456 3795 a
475 3741 604 3810 partibus
623 3743 769 3814 exquirere
790 3747 881 3812 potest
905 3748 937 3798 ut
958 3743 1101 3799 declarent
1119 3747 1183 3798 acta
1201 3749 1231 3800 et
1249 3761 1316 3815 pro·

361 3847 435 3914 bata,
455 3851 484 3902 et
503 3847 589 3902 etiam
608 3852 641 3901 ut
659 3846 736 3902 aliud
756 3849 929 3918 probationis
949 3850 1164 3905 instrumentum
1182 3849 1315 3914 afferant3

361 3955 482 4023 partium
509 3971 574 4010 vero
600 3954 752 4011 instantiae
780 3955 948 4024 producendi
973 3955 1045 4010 alias
1062 3956 1240 4027 probationes
1260 3973 1316 4012 non

362 4068 516 4138 indulgeat,
538 4065 590 4118 nisi
612 4065 706 4134 gravis
725 4069 825 4134 urgeat
844 4080 928 4118 causa
950 4103 1315 4118 .........
1351 4077 1370 4120 »
1401 4062 1442 4117 ibi

260 4176 321 4234 535.
342 4173 504 4230 Differentis
524 4171 597 4224 inter
616 4167 821 4224 conclusionem
842 4168 870 4220 in
890 4184 974 4223 causa
992 4174 1022 4223 et
1040 4167 1258 4238 publicationem
1276 4173 1318 4222 at·

364 4283 544 4339 testationum
565 4276 609 4332 vel
629 4291 772 4346 processus
814 4313 1312 4328 ............
1352 4273 1447 4328 »535
