3350 5117
539 306 583 355 on
607 306 746 355 1001000
770 305 1036 355 0001000001010
1314 288 1380 353 473

199 430 397 497 solantibus:
420 430 474 494 alii
498 428 669 496 admittunt
693 430 917 495 rescissionem
940 430 978 495 ia
1000 429 1244 511 criminalibus,
1260 434 1382 515 negant

200 556 238 621 iu
261 555 424 622 civilibus.
449 556 498 623 uf.
523 556 814 643 Schmalzgrueber
839 557 871 621 h.
897 563 917 621 1.
942 577 1001 622 aa.
1023 555 1082 631 33,
1100 555 1266 629 3100.
1291 558 1382 625 Santi

201 680 234 743 lt.
264 684 284 743 t.
314 678 422 744 1114.
455 680 550 773 Ratio
581 680 721 765 negandi
754 681 915 765 integram
945 678 1170 745 admissionem
1200 680 1382 748 huiusmodi

200 804 413 869 confessionis
430 809 487 878 est,
504 804 578 889 quia
594 806 754 869 asserenti
770 804 899 889 aliquod
916 805 1037 871 factum
1060 807 1092 871 in
1116 808 1283 892 proprium
1299 826 1382 872 com·

201 928 331 994 modum
354 948 418 993 non
443 928 598 995 creditur.
615 931 726 997 —Illi
750 949 839 1012 vero,
866 932 919 1014 qni
942 930 1065 997 vellent
1088 950 1152 995 non
1183 931 1285 997 scindi
1308 952 1381 997 oon-

202 1052 376 1117 lessionem
399 1054 432 1117 in
457 1052 619 1133 civilibus
643 1052 827 1134 advertunt,
853 1074 920 1118 non
945 1053 1055 1118 deberi
1079 1056 1241 1139 praesumi
1264 1057 1382 1141 partim

203 1197 262 1263 pro
279 1178 418 1242 veritato
435 1178 551 1262 partim
569 1196 628 1264 pro
645 1177 812 1243 mendacio
834 1178 871 1241 in
887 1176 999 1241 eodem
1020 1185 1104 1259 actu,
1123 1179 1185 1243 nisi
1205 1177 1288 1244 adsit
1310 1199 1382 1266 gra·

203 1298 335 1363 sissima
359 1316 466 1371 00000,
492 1298 595 1383 qualis
618 1304 668 1364 est
689 1300 787 1364 timor
810 1317 934 1383 poenae
957 1301 990 1363 in
1013 1300 1258 1367 mainerium.

293 1421 358 1486 Nos
381 1426 530 1506 putamus
545 1443 609 1487 non
629 1442 723 1509 posse
745 1421 891 1487 absolute
908 1423 1026 1488 resolvi
1042 1424 1127 1488 hanc
1151 1424 1380 1507 quaestionem,

202 1546 279 1630 quia
302 1565 367 1609 nou
388 1545 542 1611 habemus
558 1552 683 1611 textum
698 1564 890 1631 expressum
906 1545 1071 1612 iubentem
1086 1552 1142 1611 001
1157 1545 1382 1631 prohibentem

202 1671 416 1736 confessionis
440 1671 620 1737 huiusmodi
636 1673 833 1738 scissionem.
852 1672 962 1747 Quare
985 1674 1053 1738 eius
1068 1674 1248 1738 aestimatio
1263 1672 1383 1757 pendet

124 1820 127 1827 ⁴
203 1814 248 1859 ex
263 1794 413 1879 prudenti
430 1794 543 1861 iudicis
557 1795 694 1860 arbitrio
709 1796 919 1882 ponderantis
934 1815 976 1860 00
993 1796 1152 1862 confessio
1164 1796 1233 1860 sive
1245 1795 1383 1881 simplex

203 1925 273 1989 sive
297 1922 481 2007 qualificata
503 1924 620 2009 partim
642 1924 696 1988 vel
720 1942 762 1989 ex
785 1926 914 2010 integro
937 1922 1032 1989 fldem
1055 1929 1221 1989 mereatur
1243 1924 1299 2007 (1).

294 2049 404 2143 Quare
420 2054 563 2115 nostram
584 2049 720 2114 lecimus
744 2048 1056 2115 animadversionem
1073 2050 1120 2113 De
1135 2050 1223 2113 Luca
1238 2049 1289 2115 De
1310 2048 1381 2115 iau.

204 2170 275 2236 Dis.
291 2168 351 2243 23,
365 2189 400 2234 n.
418 2168 468 2236 33
484 2171 516 2234 in
532 2170 618 2235 hanc
635 2176 667 2236 et
682 2170 761 2235 alias
777 2170 898 2236 similes
915 2172 1120 2254 quaestiones
1135 2171 1180 2235 110
1193 2170 1381 2236 scribentis:

207 2314 225 2355 c
244 2292 285 2357 Et
309 2293 342 2356 10
365 2311 489 2357 summa
511 2293 664 2357 universa
688 2293 748 2356 ista
771 2292 910 2356 materia
937 2292 1149 2357 confessionis
1171 2292 1208 2357 iu
1231 2291 1383 2358 civitates

205 2414 284 2481 facti
306 2417 410 2499 potius
434 2434 528 2500 quam
553 2416 632 2481 iuris
655 2415 817 2481 censenda
841 2420 898 2489 est.
916 2434 1055 2480 erronee
1079 2434 1122 2480 ex
1145 2416 1221 2481 solis
1244 2435 1385 2502 genera.

205 2539 347 2606 litatibus
371 2541 558 2626 regulanda,
583 2560 655 2607 cum
680 2562 799 2607 revera
823 2562 866 2606 ex
890 2541 1039 2626 prudenti
1063 2561 1102 2606 ac
1124 2547 1217 2607 recto
1237 2541 1383 2626 beneque

206 2666 352 2752 regulato
375 2665 489 2731 iudicis
512 2666 646 2761 arbitrio
661 2666 862 2752 singulorum
878 2686 1010 2731 casumn
1027 2666 1290 2733 circumstantiae
1313 2686 1383 2731 rem

205 2790 358 2857 decidere
381 2790 567 2857 debeant».

245 3000 248 3005 Ι
296 2916 371 2981 452.
398 2916 492 2981 Modo
516 2915 590 3001 quid
614 2915 756 2981 dieamus
779 2915 818 2980 de
842 2915 1048 2980 confessione
1075 2914 1324 2980 extraiudiciali.
1338 2949 1384 2962 -

206 3038 289 3113 Quia
312 3060 410 3105 00000
434 3042 605 3106 instruitur
635 3061 695 3126 per
724 3046 816 3107 actus
839 3039 1026 3120 iudiciales
1051 3039 1114 3103 iam
1137 3043 1234 3125 patet,
1259 3039 1385 3103 confes·

206 3169 328 3232 sionem
360 3166 659 3234 eatraiuuiciatem
687 3186 751 3231 non
775 3165 915 3253 probare
946 3168 1007 3231 nisi
1038 3166 1228 3231 traducatur
1251 3168 1283 3230 iu
1308 3165 1384 3231 iudi·

207 3293 292 3355 01010
322 3311 382 3378 per
411 3296 520 3357 actum
550 3290 731 3355 iudicialem
754 3290 813 3377 (2).
838 3289 967 3355 Exinde
990 3290 1053 3354 duo
1077 3291 1280 3374 quaestiones
1303 3298 1384 3355 euu-

207 3416 363 3481 cleandae
386 3420 480 3481 sunt:
529 3464 532 3469 -

298 3574 338 3644 (l)
357 3573 449 3629 Codex
469 3574 581 3628 11011000
607 3590 681 3644 proc.
701 3574 806 3639 civilis,
825 3578 855 3629 et
880 3573 1101 3640 conueniens,
1120 3574 1166 3644 qui
1193 3575 1291 3629 iubent
1319 3575 1384 3629 001-

208 3684 359 3751 sessionem
389 3684 480 3736 scindi
506 3700 561 3736 uon
585 3698 678 3753 posse,
697 3681 911 3753 quamplurimis
940 3680 1202 3750 reprehensionibus
1229 3681 1301 3751 apud
1330 3681 1384 3733 DD.

208 3786 320 3840 obnoxii
334 3790 408 3851 sunt3
421 3786 448 3839 in
463 3786 540 3855 praxi
561 3801 628 3839 vero
646 3784 803 3840 huiusmodi
822 3784 894 3854 legis
912 3785 1048 3839 articulus
1060 3786 1107 3839 vix
1121 3790 1248 3855 receptus
1263 3785 1319 3840 diei
1337 3802 1386 3855 po-

209 3898 273 3959 1001
292 3894 327 3946 cl.
348 3892 493 3947 Mattirolo
511 3908 554 3961 op.
574 3893 620 3947 cit.
641 3892 693 3947 vol.
714 3893 745 3958 ll,
765 3910 791 3947 n.
809 3893 864 3947 705
881 3909 938 3963 seq.

280 4001 320 4073 (2)
339 4002 482 4057 Confessio
500 4003 574 4055 lacta
596 4018 689 4056 coram
715 4002 827 4056 arbitris
852 4000 921 4055 iuris
946 4007 1021 4055 certe
1045 4005 1089 4056 est
1114 4002 1274 4069 iudicialis,·
1292 4018 1384 4055 coram

208 4107 322 4161 arbitris
341 4124 406 4161 vero
425 4106 676 4177 compromissae
688 4106 763 4161 edita
778 4122 826 4175 per
838 4121 869 4159 se
882 4109 926 4159 est
938 4106 1164 4159 eatraiudicialis
1176 4107 1274 4160 001010
1292 4122 1385 4173 seusu,

208 4218 238 4267 at
248 4228 329 4268 nemo
342 4229 396 4266 non
409 4213 494 4279 videt,
507 4213 596 4284 quoad
610 4214 666 4268 vim
686 4216 719 4267 ob
731 4231 782 4267 sua
794 4213 967 4267 adminicula
977 4213 1153 4283 aequiparari
1167 4212 1301 4267 iudiciali.
1315 4211 1387 4267 Con·

208 4304 292 4374 lessio
302 4336 394 4374 coram
404 4323 575 4376 ordinatore
587 4320 687 4375 emissa
700 4323 743 4373 est
755 4335 822 4374 sane
836 4321 1068 4386 eatroiarticialia
1082 4318 1129 4374 sed
1144 4325 1236 4375 tamen
1250 4336 1382 4390 magnum

211 4424 296 4481 habet
314 4425 446 4493 valorem,
465 4431 494 4481 et
513 4426 626 4495 planum
645 4429 695 4480 est.
