3350 5117
332 266 398 335 176
855 290 939 339 raas
963 292 985 339 1.

424 412 496 477 139.
522 410 626 495 Quum
657 412 715 477 sub
746 413 877 478 saeculo
908 412 1033 479 decimo
1056 418 1150 478 sexto
1173 419 1207 477 et
1229 413 1353 479 decimo
1376 414 1513 500 septimo

330 536 448 621 passim
478 536 562 621 apud
593 537 701 602 curias
731 537 979 603 Ecclesiasticas
1009 537 1185 601 invaluerit
1219 556 1287 602 mos
1320 536 1510 604 instituendi

331 662 584 729 Procuratorem
600 664 768 738 Fiscalem,
783 666 852 729 eius
867 662 1005 731 officium
1021 667 1125 750 magis
1147 663 1279 731 extendi
1301 666 1416 751 coepit,
1428 665 1513 731 adeo

330 791 366 851 ul
389 788 531 855 evaserit
552 794 659 854 custos
682 808 740 855 seu
763 788 884 853 vindex
905 788 997 874 legis,
1023 790 1115 873 quasi
1138 808 1256 854 censor
1270 789 1410 856 iustitiae
1432 789 1511 855 iudi·

330 908 421 975 cialis
437 908 494 994 (1),
512 911 683 995 invigilans
695 914 762 975 turn
778 910 926 984 iudicem,
945 915 1011 977 tum
1028 917 1139 996 partes
1153 912 1395 985 contendentes,
1413 914 1510 977 etiam

330 1032 363 1096 iu
388 1032 494 1097 causis
518 1051 609 1097 mere
624 1032 780 1105 civilibus,
794 1034 826 1097 in
851 1032 989 1097 medium
1006 1033 1203 1118 proferendo
1219 1053 1294 1099 suas
1308 1032 1512 1099 animadver-

330 1158 437 1222 siones
459 1158 512 1222 vel
535 1164 650 1223 contra
681 1159 819 1244 partium
851 1158 1063 1244 allegationes
1085 1159 1138 1223 nel
1170 1159 1282 1226 iudicis
1312 1158 1429 1245 agendi
1453 1179 1511 1223 ra-

330 1280 459 1346 tionem.
477 1279 581 1346 Huius
604 1282 716 1366 praxis
739 1281 922 1365 frequentia
944 1280 1107 1347 habentur
1128 1283 1278 1368 exempla
1293 1283 1325 1348 in
1339 1284 1513 1349 Thesauro

332 1402 574 1471 Resolutionum
598 1405 630 1471 S.
656 1408 689 1473 G.
714 1406 859 1479 Concilii,
884 1406 936 1472 ubi
960 1408 993 1471 in
1017 1406 1264 1491 quaestionibus,
1282 1411 1395 1493 utputa
1410 1406 1510 1471 bene-

330 1526 497 1603 ficialibus,
528 1530 673 1597 videmus
697 1533 950 1597 Procuratorem
973 1532 1131 1598 Fiscalem
1162 1532 1258 1617 plura
1283 1531 1508 1596 advertentem

331 1654 425 1719 etiam
451 1654 483 1718 in
507 1656 665 1721 interesse
680 1656 778 1740 ipsius
794 1652 976 1721 beneficiati
993 1653 1049 1742 (2).
1066 1654 1130 1721 Sed
1153 1656 1229 1738 quia
1250 1660 1338 1721 tacet
1360 1655 1409 1720 ius
1423 1672 1511 1719 com-

330 1800 437 1853 mune,
454 1782 556 1865 magis
577 1782 747 1845 remissum
771 1786 820 1845 est
842 1781 997 1867 peculiari
1014 1780 1247 1852 consuetudini.
1263 1786 1297 1845 at
1317 1778 1511 1864 prudentiae

330 1905 383 1971 vel
406 1906 542 1991 imperio
566 1905 726 1991 Episcopi,
750 1908 909 1971 actionem
933 1908 1029 1971 Proc.
1053 1906 1136 1971 Fisc.
1161 1907 1261 1972 certis
1283 1904 1436 1971 limitibus
1458 1903 1512 1969 de

329 2026 436 2094 finire.
461 2028 644 2095 Communis
671 2033 778 2093 autem
803 2032 915 2113 praxis
939 2028 1110 2096 Curiarum
1127 2032 1189 2094 iam
1214 2031 1386 2103 indutriae
1410 2030 1509 2094 Proc.

331 2152 448 2217 Fiscali
472 2172 604 2237 operam
628 2153 813 2217 necessario
851 2151 1078 2238 praestandam
1108 2172 1180 2217 esse
1204 2154 1237 2217 in
1261 2154 1366 2218 causis
1395 2152 1509 2217 crimi-

330 2277 466 2350 nalibus,
490 2278 582 2342 iuxta
613 2298 652 2343 ea
683 2297 765 2361 quae
796 2278 901 2343 refert
931 2278 1120 2363 Pellegrini.
1145 2277 1256 2344 Prur.
1274 2279 1341 2344 Vic.
1360 2282 1455 2360 part.
1471 2278 1506 2349 1,

330 2406 406 2468 sect.
430 2402 458 2483 1,
482 2422 515 2465 n.
539 2400 591 2465 20
614 2402 720 2467 aiens:
747 2420 764 2463 u
783 2402 841 2465 Est
864 2406 971 2466 autem
995 2400 1075 2465 adeo
1099 2402 1318 2466 necessarium
1342 2401 1375 2463 in
1397 2400 1507 2464 crimi-

329 2523 456 2591 nalibus
479 2530 514 2590 ut
537 2526 663 2605 citetur,
688 2526 721 2589 in
745 2523 892 2589 omnibus
921 2525 1002 2588 actis
1031 2543 1114 2608 quae
1146 2521 1227 2587 liunt
1258 2526 1373 2588 contra
1404 2541 1506 2594 reum,

330 2646 466 2715 Fiscalis
482 2648 608 2721 curiae;
633 2652 667 2711 ut
682 2647 707 2711 si
724 2646 852 2711 feratur
866 2644 1027 2710 sententia
1043 2650 1159 2710 contra
1174 2664 1276 2716 reum,
1293 2644 1361 2728 ipso
1377 2641 1507 2728 (nempe

330 2772 461 2857 Fiscali)
473 2792 536 2836 nou
552 2774 659 2852 citato,
677 2770 836 2835 sententia
848 2770 912 2835 erit
927 2769 1054 2834 nulla».
1069 2768 1284 2844 Quamobrem
1296 2769 1446 2854 Episcopi
1462 2787 1506 2834 ex

330 2904 503 2987 praecepto
519 2900 595 2963 lust.
609 2897 640 2963 S.
654 2896 687 2963 C.
701 2894 770 2961 ΕΕ.
784 2902 817 2961 et
830 2896 899 2961 RR.
917 2898 981 2960 iam
997 2897 1125 2967 citatae,
1138 2916 1181 2960 en
1192 2896 1353 2961 communi
1364 2895 1460 2980 praxi
1474 2899 1510 2959 et

331 3044 373 3089 ex
386 3022 564 3089 intentione
581 3022 610 3087 S.
625 3019 715 3087 Sedis
727 3020 850 3104 pluries
863 3017 1075 3090 manifestata,
1089 3018 1287 3083 constituere
1298 3015 1417 3081 debent
1429 3016 1511 3079 Pro

331 3153 514 3216 curatorem
539 3147 698 3213 Fiscalem
727 3146 759 3211 in
787 3146 893 3211 causis
924 3142 1183 3228 disciplinaribus
1214 3149 1247 3208 et
1276 3144 1507 3217 criminalibus,

330 3290 391 3339 nec
408 3272 517 3337 nonin
533 3272 604 3336 aliis
620 3270 726 3336 causis
741 3270 1010 3340 commemoratis,
1027 3266 1191 3352 inquibus
1207 3286 1364 3352 expresse
1379 3272 1509 3333 cautum

330 3401 379 3463 est
402 3400 437 3461 ut
460 3393 638 3461 huiusmodi
662 3392 807 3479 publicus
832 3392 987 3460 Officialis
1010 3395 1234 3459 constituatur.

421 3644 461 3711 (l)
479 3642 505 3694 S.
524 3640 611 3709 Cong.
631 3640 748 3695 Concilii
768 3640 796 3695 in
817 3656 872 3694 una
891 3641 995 3693 Liuiae.
1016 3641 1216 3695 Declinurionis
1240 3640 1442 3693 iutisdictionis
1462 3638 1510 3692 die

331 3752 346 3803 1
361 3751 433 3820 Sept.
448 3748 533 3801 1657
547 3748 606 3801 Lib.
622 3748 657 3799 21
672 3748 780 3801 Deerat.
796 3763 826 3817 p.
842 3744 879 3799 18
890 3762 909 3799 α
921 3756 1001 3815 terpo
1019 3745 1150 3811 decrevit,
1163 3746 1354 3799 Promotorem
1371 3743 1510 3798 Fiscalem

331 3870 412 3925 posse
430 3854 535 3907 instare
554 3868 603 3921 pro
623 3851 784 3906 remissione
809 3867 918 3917 caueae,
938 3867 1010 3921 quae
1028 3868 1046 3905 a
1065 3851 1251 3920 litigantibus,
1270 3850 1411 3905 declinata
1436 3865 1512 3903 com·

331 3959 455 4028 petentia
474 3958 612 4011 Ordinarii
637 3959 666 4011 in
691 3960 781 4027 prima
805 3956 950 4023 instantia,
968 3958 1073 4028 absque
1097 3956 1180 4011 buius
1204 3972 1348 4021 consensu,
1367 3955 1401 4009 ad
1426 3972 1510 4025 supe·

331 4068 433 4121 norem
451 4066 504 4120 suit
523 4065 625 4129 delata,
644 4066 703 4119 sive
722 4070 787 4119 ante
805 4064 866 4119 siue
884 4070 947 4134 post
965 4066 1107 4134 incaptum
1126 4064 1268 4119 iudicium.

420 4174 460 4243 (2)
479 4174 535 4227 lam
561 4174 590 4227 in
616 4190 670 4225 una
690 4173 834 4242 Hispalam.
853 4174 958 4226 mensis
978 4173 1051 4243 Sept.
1073 4172 1155 4225 1589
1174 4174 1220 4226 lib.
1242 4172 1271 4237 6,
1290 4172 1399 4226 Deerat.
1416 4188 1446 4241 p.
1466 4170 1512 4221 38

330 4280 489 4335 decernitur
508 4296 524 4332 a
544 4278 569 4333 S.
584 4280 669 4348 Cong.
683 4278 801 4333 Concilii
820 4279 854 4333 de
873 4277 1072 4333 constitutione
1086 4278 1165 4332 Proc,
1179 4277 1303 4332 Fiscalis.
1317 4306 1351 4320 -·
1365 4277 1436 4331 Vide
1451 4276 1512 4331 alia

330 4385 459 4455 enenipla
477 4386 549 4455 apud
568 4384 724 4452 Pallottini,
744 4402 785 4455 op.
806 4386 850 4439 cit.
870 4386 899 4438 V.
921 4386 966 4452 15,
985 4404 1013 4455 p.
1029 4386 1102 4451 508,
1122 4400 1149 4437 r.
1169 4384 1319 4439 Ρνοηιοῐον
1337 4384 1466 4437 Fiscalis.
