3350 5117
516 354 560 402 na
584 352 724 401 romeus
747 351 1012 400 nccnnsnsrmrs
1288 331 1353 403 117

167 478 322 586 quamvis
327 479 467 589 private
489 480 600 544 eciat'
593 480 653 565 ipsi
669 478 904 565 delegationem
926 477 1043 543 iactam
1067 476 1177 543 fuisse.
1194 476 1288 543 Unde
1311 476 1352 541 li·

168 608 264 670 terae
192 562 534 691 delegationis
527 626 560 671 rn
583 605 808 692 delegatumt
794 603 998 671 transferunt
1027 601 1210 667 mandatam
1237 606 1351 665 aucto·

170 730 301 794 ritatem
318 748 383 793 nou
407 749 449 793 ex
471 735 618 816 tempore
640 730 742 797 datae
758 748 815 795 seu
830 728 1057 801 concessionis,
1073 724 1130 792 sed
1145 746 1190 791 ex
1204 730 1353 811 tempore

163 856 418 935 praesentatae,
442 852 474 916 id
501 858 559 925 est,
584 851 687 919 oblati
708 850 874 936 rescripti.
899 848 994 917 Ratio
1017 854 1075 925 est,
1099 851 1174 935 qnia
1197 848 1348 935 delemta

167 972 349 1039 iurisdictio
364 974 504 1041 iudicem
521 974 686 1039 constituit
701 971 885 1059 delegatum
906 973 941 1037 in
956 992 1092 1038 munere
1106 970 1250 1058 publioo;
1265 970 1354 1037 unde

168 1096 288 1162 literae
322 1097 508 1164 authentice
542 1095 689 1183 publicae
724 1100 913 1170 exarantur,
943 1100 1132 1163 attestantes
1165 1094 1351 1161 mandatam

168 1224 436 1291 iurisdictionem.
460 1225 551 1299 Quae
580 1224 716 1310 proinde
746 1228 824 1289 tunc
853 1223 1041 1308 acquiritur,
1062 1242 1160 1307 quum
1189 1238 1351 1308 personae

165 1348 360 1434 designatae
381 1344 562 1416 offeruntur
584 1348 700 1414 liberae
722 1346 929 1413 authenticae
947 1344 1176 1432 delegationis:
1201 1346 1234 1409 vi
1256 1345 1349 1411 cuins

169 1470 269 1537 iudex
291 1472 362 1557 ipse
385 1470 551 1557 delegatus
566 1470 685 1556 aliquid
703 1470 814 1535 facere
836 1468 890 1536 vel
914 1470 1031 1555 exequi
1050 1474 1194 1535 tenetur:
1218 1488 1294 1554 arq.
1319 1490 1348 1535 c.

166 1612 199 1659 c.
222 1594 268 1658 12
296 1593 349 1660 De
379 1596 538 1677 appellat.
562 1593 597 1659 X
617 1590 736 1680 (ΙΙ-28)
760 1598 793 1658 et
815 1593 832 1657 1
856 1592 908 1659 De
929 1592 1007 1659 elec.
1031 1590 1107 1678 (l·3)
1138 1593 1172 1656 in
1202 1594 1348 1659 Eorta-ao.

167 1732 293 1781 comm.

260 1835 295 1920 2)
320 1834 442 1903 Deinde
464 1836 562 1902 iudex
584 1836 758 1923 delegatus,
784 1841 955 1920 antequam
937 1836 1142 1935 Recedet,
1162 1836 1259 1908 debet
1282 1836 1346 1908 Or·

166 1959 299 2025 dinario
320 1921 1030 2057 mdelegatronrs
1039 1963 1187 2047 idemque
1202 1962 1348 2048 partibus

163 2036 552 2081 w„
555 2038 630 2063 ,2-

169 2088 439 2155 contendentibus
455 2090 620 2165 exhibere‚
638 2098 674 2157 ut
689 2097 844 2177 appareat
865 2090 1008 2177 legitime
1031 2112 1066 2157 se
1089 2091 1351 2158 adiudicandum

169 2213 362 2301 procedere.
380 2216 543 2303 Delegatio
560 2218 646 2283 enim
662 2222 712 2282 est
733 2216 854 2282 factum
870 2215 954 2300 quod
970 2236 1035 2281 non
1050 2217 1277 2301 praesumitur,
1289 2216 1348 2283 sed

169 2340 306 2425 probari
337 2340 440 2408 debet.
465 2378 509 2391 -
533 2342 742 2429 Regulariter
771 2341 930 2427 delegatio
961 2338 1117 2426 probator
1145 2361 1207 2427 per
1234 2340 1348 2406 literas

166 2466 376 2532 authenticas
398 2467 617 2553 delegationis,
634 2466 690 2533 sed
713 2468 809 2534 etiam
826 2486 886 2553 per
900 2472 999 2532 testes
1013 2472 1068 2531 aut
1084 2487 1143 2551 per
1157 2467 1222 2530 alia
1242 2466 1349 2531 media

170 2590 304 2675 probari
326 2591 424 2655 valet.
448 2626 492 2639 -
516 2590 547 2656 Si
572 2590 755 2655 ordinarius
778 2589 831 2654 vel
854 2595 964 2675 partes
978 2588 1107 2655 aliunde
1123 2591 1229 2655 sciant
1250 2590 1352 2675 probe

169 2713 294 2779 factum
319 2712 538 2799 delegationis,
554 2719 687 2798 possunt
716 2712 855 2799 delegati
885 2712 1057 2778 admittere
1084 2712 1245 2794 iudicium,
1269 2713 1347 2797 quin

170 2837 239 2922 ipse
270 2836 401 2922 probet:
426 2837 468 2919 ef.
493 2857 520 2903 c.
545 2858 572 2903 c.
596 2836 651 2907 31,
675 2836 726 2903 De
749 2836 818 2901 iud.
851 2836 957 2922 delep.
981 2836 1017 2901 X
1036 2833 1138 2923 (1-29)
1170 2844 1203 2903 et
1223 2836 1275 2903 24
1297 2838 1349 2903 De

170 2958 346 3042 rescriptis
375 2947 410 3021 X
434 2959 522 3044 (1-3).
555 2960 716 3049 Siquidem
746 2959 786 3024 ad
818 2958 1015 3026 validitatem
1046 2980 1217 3045 processus
1249 2978 1352 3045 expo-

168 3084 327 3158 stulatur,
352 3084 488 3149 indicem
519 3104 595 3150 suae
631 3084 842 3170 delegationis
874 3085 987 3149 literas
1023 3084 1201 3168 recepisse,
1233 3083 1348 3167 quibus

170 3207 334 3273 iudicandi
357 3214 516 3294 potestate
538 3207 686 3274 donatur.
713 3210 829 3273 Partes
852 3206 1021 3272 dummodo
1045 3211 1136 3271 certo
1165 3209 1280 3290 sciant,
1304 3209 1353 3273 in·

167 3334 277 3399 dicem
309 3354 352 3398 ex
373 3334 518 3419 legitima
547 3333 748 3419 delegatione
779 3332 1046 3398 adiudicandum
1074 3333 1265 3418 procedere,
1285 3335 1347 3399 iuri

167 3474 227 3519 suo
252 3455 449 3521 renunciare
471 3456 591 3536 valent,
615 3453 742 3520 videndi
765 3474 881 3541 nempe
904 3457 969 3519 suis
992 3453 1094 3519 oculis
1123 3455 1237 3520 literas
1259 3426 1349 3521 dele·

167 3579 319 3663 gationis.
343 3577 382 3641 ln
405 3596 537 3651 summa,
562 3575 657 3641 iudici
681 3576 884 3641 exhibendae
907 3582 982 3642 sunt
1004 3578 1120 3642 literae
1135 3575 1348 3664 delegationis

170 3702 204 3762 ut
226 3696 283 3765 liat
314 3697 411 3764 iudex
441 3698 622 3785 delegatns;
647 3700 790 3785 partibus
821 3706 928 3765 autem
952 3706 988 3767 ut
1010 3702 1168 3767 certiores
1198 3699 1278 3766 fiant
1307 3700 1349 3767 de

170 3822 280 3887 habite
296 3821 516 3908 delegatione;
540 3823 623 3907 quod
640 3831 689 3891 est
704 3844 981 3909 supervacaneum
996 3832 1174 3911 praestare,
1191 3826 1218 3889 si
1238 3830 1349 3912 partes

167 3946 299 4013 aliunde
323 3947 437 4020 sciant,
460 3966 535 4012 nam
561 3967 674 4015 «eum
697 3950 756 4034 qni
779 3956 890 4016 certus
912 3955 969 4025 est,
994 3950 1174 4017 certiorari
1203 3951 1349 4018 ulterius

171 4091 242 4137 ooo
264 4076 397 4154 oportet
413 4092 443 4145 a,
470 4091 516 4137 ecc
536 4092 608 4159 req.
633 4072 720 4139 iuris
742 4072 786 4139 31
808 4074 845 4139 in
870 4073 901 4138 6.

258 4193 422 4279 3)1udex
447 4192 617 4281 delegatus
643 4193 753 4259 sedulo
784 4195 927 4260 servabit
914 4196 1070 4262 tlimites
1097 4197 1256 4280 mandati,
1280 4202 1348 4264 tum

168 4318 272 4403 quoad
297 4324 517 4403 potestatemt
519 4340 571 4384 um
587 4320 689 4403 quoad
705 4320 832 4387 modum
847 4322 1053 4407 procedendi,
1071 4342 1114 4389 ex
1129 4342 1205 4406 cap
1225 4344 1244 4390 t
1263 4325 1349 4391 Cum

169 4441 328 4509 delicta»
353 4420 406 4508 22
429 4442 479 4509 De
499 4444 652 4527 rescript,
677 4444 781 4530 Xll-
764 4446 874 4531 -et3)
842 4447 918 4510 etl.
942 4447 1123 4533 diligenter
1145 4449 1170 4514 5
1190 4450 1227 4533 [Τ.
1244 4468 1346 4515 maa·
