3350 5117
771 690 951 756 TITULUS
975 691 1037 755 ΙΙΙ.

622 904 670 949 DE
706 904 810 950 LITIS
846 904 1189 952 comessatione.

642 1039 693 1079 flue
701 1036 810 1081 menna
823 1039 860 1080 u't,
870 1039 893 1092 5,
903 1039 929 1081 L.
940 1040 973 1092 11,
984 1040 1006 1081 X
1015 1040 1170 1091 et3‚11ind.

318 1214 533 1271 summarium.
554 1244 587 1257 -
606 1217 667 1271 415,
688 1217 758 1271 Litis
776 1219 945 1273 contestatio
962 1226 1072 1289 spectat
1089 1221 1124 1273 ad
1142 1220 1263 1274 ditocide
1286 1222 1495 1291 exprimendum

407 1327 467 1383 litia
484 1328 632 1384 obiectum.
651 1356 686 1370 -
704 1329 765 1382 416.
786 1328 836 1383 Est
853 1330 1016 1383 solemnitas
1036 1331 1193 1384 necessaria
1209 1335 1248 1385 ad
1266 1332 1447 1398 vatrddatem,
1466 1332 1495 1385 in

408 1450 535 1503 processu
555 1434 708 1488 ordinario.
728 1462 762 1475 -
781 1433 841 1487 417.
857 1434 1032 1488 Defiuiuntur
1045 1436 1182 1505 requisita
1199 1437 1412 1490 contestationis
1427 1436 1494 1490 litis

404 1570 442 1583 -
459 1542 519 1595 418.
538 1541 680 1604 Quomodo
699 1546 881 1611 praeparetur
898 1546 1009 1595 mature
1027 1542 1086 1595 litis
1103 1544 1279 1597 contestatio.
1293 1573 1326 1585 -
1339 1544 1400 1598 419.
1419 1544 1496 1598 Haec

406 1648 545 1703 omittitur
564 1650 593 1703 in
612 1664 741 1718 processu
754 1652 916 1703 summaria.
934 1678 972 1690 -
989 1650 1049 1701 420.
1070 1650 1259 1704 adumbratur
1277 1650 1395 1704 historia
1413 1650 1497 1704 huius

407 1752 537 1807 instituti.
554 1782 592 1794 -
608 1750 670 1807 521.
691 1752 729 1807 De
748 1754 808 1809 eius
827 1752 979 1808 effectibus

407 1934 481 1999 415.
506 1934 583 2001 Cum
610 1954 685 1998 reus
711 1931 942 2019 ponderaverit
963 1936 1083 1999 actoris
1112 1934 1332 2003 intentionem
1359 1956 1496 2021 eamque

317 2077 519 2123 summovere
550 2076 615 2121 non
643 2056 751 2121 veieat
774 2076 833 2143 per
856 2059 1065 2142 exceptiones
1087 2065 1144 2124 aut
1166 2058 1332 2124 dilatorias
1354 2066 1411 2125 aut
1438 2082 1494 2145 pe

317 2187 521 2271 romptorias‚
539 2185 749 2269 impedientes
764 2184 830 2249 litis
846 2186 1038 2270 ingressum,
1054 2187 1116 2251 nisi
1138 2188 1202 2251 iuri
1225 2208 1284 2252 suo
1300 2190 1495 2255 renunciare

319 2312 415 2383 malit,
428 2316 564 2396 urgetur
576 2309 617 2373 ed
633 2310 784 2374 iudicium
797 2311 1066 2394 prosequendum.
1083 2313 1183 2377 Suum
1194 2317 1392 2399 propositum
1404 2316 1495 2381 litem

318 2437 517 2504 instaurandi
538 2444 570 2503 et
586 2438 788 2522 negationem
812 2440 987 2523 oppositam
1003 2439 1126 2504 actoris
1148 2441 1319 2506 intentioni
1334 2440 1495 2527 significat

318 2582 393 2627 reus
416 2568 449 2627 et
471 2560 656 2625 solemniter
680 2566 878 2645 protestatur
893 2563 925 2624 in
949 2562 1012 2626 litis
1028 2564 1270 2629 contestatione.
1297 2565 1423 2650 Reapse
1446 2567 1496 2631 ius

317 2684 464 2751 iudiciale
480 2704 551 2751 can.
567 2684 608 2749 ed
631 2684 909 2750 determinandum
925 2686 1095 2771 perspicue
1117 2692 1272 2771 punctum
1288 2692 1494 2771 quaestionis.

317 2810 416 2876 voluit
432 2816 467 2875 ut
481 2810 535 2874 hic
558 2816 665 2873 certus
682 2806 901 2875 conficeretur
915 2803 1016 2889 actus,
1033 2828 1097 2892 quo
1112 2810 1296 2875 luculenter
1320 2822 1494 2897 appareret

316 2931 390 3015 quid
412 2937 505 2997 ector
526 2930 713 3005 affirmaret,
737 2931 813 3016 quid
837 2952 914 2997 reus
935 2938 1082 3017 negaret
1107 2954 1180 2999 cum
1203 2938 1368 3022 proposito
1399 2958 1497 3024 expe-

316 3055 420 3120 riendi
444 3058 493 3121 ius
515 3076 606 3120 suum
631 3058 664 3119 in
681 3055 806 3120 iudicio.
833 3056 925 3119 Haec
947 3062 997 3119 est
1013 3056 1080 3122 titis
1103 3060 1309 3135 contestatio,
1326 3062 1494 3145 quae—dici

315 3184 398 3248 solet
420 3183 509 3266 lapis
532 3183 722 3269 anputarrs,
746 3180 1013 3267 fundamentum
1035 3182 1163 3249 indicii.

341 3354 342 3359 η
405 3307 489 3373 416.’
507 3309 544 3372 ln
556 3310 627 3373 iure
640 3328 723 3380 can,
736 3307 810 3389 ipso
822 3308 909 3381 inre,
922 3307 1031 3373 nullus
1041 3314 1091 3375 est
1101 3328 1273 3394 processus
1283 3312 1494 3393 ordinarius,

315 3434 372 3497 lite
403 3452 467 3496 non
491 3436 670 3497 contestata
700 3431 911 3512 introductus,
936 3438 969 3496 et
990 3438 1099 3517 partes
1122 3452 1186 3499 non
1220 3442 1354 3520 possunt
1374 3443 1495 3505 mutuo

316 3572 481 3619 consensu
504 3553 580 3619 huic
596 3554 789 3619 solemnitati
813 3554 982 3639 derogare.
1008 3554 1117 3628 Quare
1140 3556 1247 3632 iudex,
1264 3577 1310 3625 em
1331 3558 1450 3643 officio,
1466 3562 1493 3623 si

314 3683 481 3747 omittatur
502 3682 566 3747 litis
582 3682 782 3763 contestatio,
799 3700 985 3766 processum
1001 3684 1047 3747 uti
1063 3683 1185 3748 nullum
1202 3684 1372 3750 declarare
1388 3685 1494 3767 debet,

314 3811 420 3893 prouti
444 3807 564 3875 factum
580 3813 630 3873 est
651 3808 786 3893 aGreg.
812 3808 862 3872 IX
879 3809 911 3872 in
934 3827 1009 3892 cap.
1025 3810 1115 3876 unic.
1133 3810 1164 3873 a
1182 3816 1215 3891 t,
1231 3812 1278 3876 sic
1294 3811 1493 3896 disponente:

317 3954 335 3996 ‹
354 3932 439 4003 oeta
456 3938 568 3999 tamen
592 3932 658 3997 titis
673 3932 946 3998 contestationem
968 3952 1040 3999 non
1055 3933 1248 4000 invenimus
1263 3954 1335 4001 esse
1351 3935 1493 4017 factam.

314 4080 391 4126 cnm
415 4078 485 4127 non
503 4078 571 4143 per
589 4058 774 4141 positiones
796 4064 827 4123 et
849 4059 1088 4141 responsiones
1111 4060 1159 4125 ad
1182 4080 1240 4126 eus
1254 4062 1315 4127 sed
1335 4080 1400 4144 per
1409 4063 1495 4145 peti·

314 4182 439 4249 tionem
449 4183 486 4247 in
501 4182 578 4247 iure
588 4182 804 4265 propositam
816 4186 849 4246 et
862 4180 1118 4264 responsionem
1134 4191 1285 4249 secutam
1297 4184 1493 4250 contestatio

311 4304 380 4369 titis
401 4305 470 4389 flat,
494 4324 691 4388 processum
712 4304 870 4388 ipsoram
892 4304 934 4369 de
952 4304 1107 4387 fratrum
1129 4310 1327 4372 nostrornm
1350 4306 1492 4375 consitio

209 4420 213 4430 ⁴
313 4430 451 4495 irritam
466 4430 631 4497 donimus
642 4432 880 4498 numdandum
894 4452 925 4493 ».
943 4430 1015 4495 Hoc
1030 4434 1215 4518 categoriae
1227 4435 1380 4498 statuitur
1395 4434 1491 4497 etiem
