3350 5117
524 323 569 369 nn
594 323 734 372 runicus
759 321 1024 370 noonnsrssrrors
1299 303 1362 370 331

182 446 485 532 praescriptionem,
517 448 770 533 aequiparantur
792 446 1018 522 immobilibus;
1053 466 1097 512 ex
1123 447 1231 512 Const.
1255 445 1369 512 Ambi-

180 569 301 650 tiosae‚
332 569 404 644 Usa,
421 571 518 636 later
539 576 670 638 cetrae
697 590 794 654 com,
818 570 873 637 De
893 572 963 639 reb.
988 573 1066 639 ecci.
1091 571 1192 638 aliea
1216 574 1269 638 oei
1283 591 1365 638 non.

180 697 265 762 Iura
287 714 368 760 vero
393 701 427 761 et
449 698 594 763 actiones
617 699 644 764 si
667 699 830 784 attingent
853 718 908 764 res
930 698 1117 780 immobiles,
1129 699 1265 765 veniunt
1278 701 1369 788 quasi

178 820 403 884 accessorium
428 821 558 887 nomine
581 820 807 895 immobilium;
831 823 859 887 si
886 841 966 888 vero
990 827 1137 908 spectent
1158 822 1200 887 ad
1224 843 1279 889 res
1299 841 1369 888 mo·

180 941 278 1024 biles,
290 944 427 1010 veniunt
450 946 579 1011 nomine
602 946 778 1028 mobilium,
798 967 858 1032 per
880 967 950 1033 reg.
974 947 1220 1021 necessaium,
1244 946 1302 1020 43,
1320 948 1372 1014 De

180 1083 259 1151 req.
274 1066 342 1132 iar.
360 1065 385 1132 3
407 1067 445 1132 in
468 1069 500 1134 6.
518 1068 617 1134 Hisce
640 1069 768 1154 positis:

279 1187 310 1270 l)
335 1189 402 1256 Res
426 1191 559 1256 mobiles
581 1193 649 1257 sive
672 1192 876 1276 privatorum
900 1192 1217 1270 siveEcclesiarum
1233 1211 1310 1261 cum
1333 1193 1370 1260 a·-

183 1317 258 1382 tulo
283 1275 857 1404 nenfflfflioffieecribuntur
879 1292 1020 1383 triennio
1044 1337 1087 1384 ex
1109 1319 1181 1382 inre
1206 1336 1289 1393 can.;
1310 1337 1371 1403 per

184 1440 419 1506 Anthenticam
445 1441 535 1514 Quas
557 1443 712 1510 actiones.
741 1441 820 1509 (lod.
845 1443 897 1508 Dc
918 1461 1038 1510 sacras
1060 1444 1148 1511 Ecci.
1166 1463 1186 1508 a
1209 1445 1367 1511 Gratiano

183 1567 224 1630 in
248 1566 421 1632 Decretum
450 1568 604 1632 insertam
633 1569 666 1632 in
698 1588 770 1632 can.
794 1565 939 1641 Placuit,
961 1567 1069 1650 25‚§
1097 1567 1188 1640 Quae
1210 1568 1369 1643 actiones,

183 1708 280 1755 caus.
306 1689 358 1764 16,
385 1709 498 1774 quaes.
515 1688 549 1764 3,
573 1709 718 1774 quaeque
734 1689 774 1754 ab
798 1690 948 1755 Ecclesia
970 1711 1030 1755 usu
1051 1696 1185 1776 recepta
1207 1689 1276 1756 luit
1306 1688 1370 1756 Ca-

178 1817 253 1895 pul
268 1811 300 1886 8,
317 1813 349 1877 b.
375 1817 395 1876 t.
413 1811 448 1876 X
466 1833 530 1877 non
554 1812 675 1888 obstat;
700 1813 774 1898 quia
797 1812 940 1896 loquitur
962 1813 1002 1877 de
1025 1813 1123 1879 rebus
1146 1813 1369 1880 immobilibus.

283 1935 317 2020 2)
341 1937 407 2034 lies
430 1936 606 2040 immobiles
629 1936 686 2024 pel·
699 1937 877 2026 pertinent
899 1935 939 2002 ad
960 1957 1119 2023 personas
1152 1939 1296 2022 privatas
1318 1939 1371 2002 vel

185 2059 231 2124 ad
256 2039 421 2126 Ecclesias
444 2065 476 2125 et
500 2062 532 2126 in
556 2081 677 2146 genere
700 2061 740 2154 ab
764 2061 836 2126 loca
857 2063 921 2149 pia.

280 2179 393 2280 Quoad
413 2180 558 2270 primas,
577 2204 631 2250 res
650 2186 851 2269 privatorum
867 2185 931 2249 iuri
947 2185 1104 2288 canonico
1120 2184 1278 2282 obnoxiae
1294 2202 1371 2249 cum

189 2303 289 2371 tilulo
313 2306 462 2372 colorato
486 2305 756 2392 praescribuntur
779 2310 883 2393 spatio
909 2309 950 2374 10
975 2328 1134 2390 annorum
1166 2309 1251 2373 inter
1277 2325 1373 2391 prae-

186 2421 301 2495 sentes
325 2436 358 2495 et
383 2431 427 2496 20
451 2433 538 2498 inter
560 2430 725 2499 absentes:
747 2433 805 2498 teor
818 2453 878 2498 un.
899 2430 978 2500 Cori.
995 2433 1047 2498 De
1061 2453 1154 2498 usuc.
1172 2431 1371 2516 transfosso.

188 2558 389 2624 Praesentes
413 2564 567 2642 quantum
591 2559 631 2623 ad
654 2559 854 2644 propositum
879 2557 925 2622 illi
949 2558 1109 2631 dicuntur,
1127 2560 1179 2641 qui
1203 2559 1236 2622 in
1260 2557 1372 2622 eadem

186 2678 361 2762 provincia
385 2678 513 2766 degunt.
538 2679 629 2755 Quod
661 2682 688 2744 si
722 2681 793 2764 quis
819 2678 990 2763 aliquando
1013 2699 1177 2764 praesens,
1201 2678 1374 2762 aliquando

186 2802 308 2868 absens
332 2802 442 2885 luerit,
467 2825 566 2890 supra
589 2805 790 2872 decennium
814 2805 998 2870 adiciuntur
1020 2805 1097 2868 anni
1126 2803 1301 2884 absentiae,
1325 2804 1371 2867 ita

185 2937 225 2997 ut
251 2951 314 3018 pro
346 2951 536 3016 unoquoque
560 2951 644 2996 anno
676 2931 842 2997 absentiae
867 2931 931 2996 bini
963 2929 1168 3016 computandi
1191 2931 1256 2995 sint
1278 2933 1372 3007 anni;

186 3057 275 3123 unde
309 3057 426 3143 regula
456 3063 514 3138 est,
539 3056 618 3122 duos
647 3077 749 3122 annos
774 3055 939 3122 absentiae
962 3057 1168 3139 aequivalere
1198 3057 1253 3120 uni
1282 3075 1374 3140 prae·

186 3184 316 3249 sentiae
347 3187 380 3246 et
414 3183 600 3256 viceversa;
632 3181 674 3246 el.
708 3180 807 3246 Auth.
834 3180 930 3252 Quod
960 3179 990 3246 si
1016 3179 1102 3264 quis.
1129 3178 1164 3244 C.
1189 3177 1239 3243 Dc
1255 3196 1373 3260 praes.

188 3304 383 3391 lonqsssimi
406 3304 577 3388 temporis.

278 3427 398 3510 Quoad
416 3429 594 3512 secundas,
619 3429 701 3508 idest
725 3449 779 3494 res
803 3427 983 3496 immobiles
1001 3428 1159 3494 Ecclesiis
1173 3428 1373 3512 pertinentes

187 3559 224 3622 ei
248 3553 330 3620 locis
352 3555 422 3639 piis,
435 3555 649 3642 praescriptio
674 3555 801 3620 nonnisi
826 3555 929 3640 spatio
953 3553 996 3617 40
1019 3571 1176 3617 annorum
1201 3553 1313 3634 currit,
1331 3573 1374 3618 ex

187 3699 216 3746 c.
242 3699 271 3746 c.
296 3679 329 3753 4,
354 3679 387 3756 6,
412 3679 444 3752 8,
470 3680 493 3744 9
517 3680 548 3744 h.
575 3683 593 3743 1.
621 3679 663 3744 X.
677 3681 722 3744 At
745 3680 909 3765 excipitur
932 3679 1080 3743 Ecclesia
1103 3679 1260 3758 Romana,
1284 3678 1375 3742 cuins

188 3804 278 3870 bona
302 3809 335 3869 et
359 3805 431 3870 iura
453 3824 518 3869 non
542 3804 818 3890 praescribuntur,
832 3805 893 3869 nisi
917 3804 1019 3889 spatio
1040 3803 1104 3869 100
1119 3821 1286 3875 annorum,
1303 3821 1373 3886 arg.

188 3929 408 4004 c.c.13,14‚
431 3929 475 3994 17
499 3930 530 3993 b.
556 3929 635 3994 ax.

281 4053 359 4120 301.
384 4051 680 4120 Emtruordiacria
696 4051 815 4118 dicitur
838 4051 1052 4138 praescriptio
1068 4048 1247 4114 decurrens
1261 4048 1305 4114 30
1320 4052 1376 4114 aui

190 4175 236 4240 40
259 4195 421 4242 annorum
444 4175 556 4260 spatio,
581 4173 621 4238 ob
644 4179 771 4259 tempus
793 4173 1023 4258 longissimum.
1050 4172 1117 4236 Ista
1145 4189 1212 4235 non
1238 4171 1376 4255 requirit

189 4301 322 4368 titulum
354 4301 553 4382 coloratum,
577 4299 634 4366 sed
665 4298 782 4370 sufficit
812 4299 843 4364 b.
867 4299 891 4363 i.
917 4303 949 4363 et
979 4297 1090 4363 titulus
1119 4301 1373 4381 praesumptus,

189 4424 238 4489 uti
266 4443 339 4489 cum
371 4424 531 4488 communi
562 4421 655 4488 docet
680 4422 818 4506 Pirhing
841 4423 876 4486 in
907 4421 940 4486 b.
965 4427 985 4485 1.
1017 4441 1050 4486 c.
1078 4421 1135 4502 95,
1160 4425 1193 4487 et
1220 4420 1374 4494 Barbosn,
