3350 5117
320 248 363 313 80
843 271 929 320 anas
952 272 974 319 1.

410 393 556 457 Persona
578 396 699 459 actoris
717 393 853 478 phisica
875 396 928 460 vel
952 395 1094 463 moralis
1114 417 1185 464 esse
1208 404 1322 483 potest,
1340 405 1498 483 quatenus

318 520 470 587 unusual
493 520 604 605 plures
627 522 692 586 sint
716 521 761 586 illi
785 522 926 606 aliquam
949 542 1018 588 rem
1036 524 1095 589 sibi
1113 526 1145 589 in
1161 523 1497 592 iudiciovindicantes

317 644 372 711 vei
394 644 523 729 aliquod
553 646 602 709 ius
633 644 860 711 defendentes:
884 646 928 711 cf.
952 648 1028 730 cap.
1054 647 1109 723 72,
1134 649 1185 714 De
1215 651 1339 733 appell.
1365 648 1496 735 (ll-28).

318 768 357 834 In
384 764 463 835 Coa.
488 768 542 835 tio.
560 767 627 841 ΙΙΙ,
645 768 692 833 tit.
709 767 766 841 40,
784 769 988 836 inscribitur:
1007 790 1025 834 a
1041 771 1093 836 De
1115 772 1325 840 consortibus
1345 773 1498 841 eiusdem

319 890 386 957 tias
409 911 438 956 r.

408 995 461 1078 58.
488 1014 585 1086 Reus,
609 1015 655 1079 ita
677 1014 856 1101 appellatus
879 1036 902 1081 a
923 1036 963 1082 re
984 1016 1148 1092 debeada,
1173 1023 1223 1084 ast
1245 1020 1299 1102 qui
1321 1018 1362 1084 ab
1384 1024 1499 1087 actore

318 1139 351 1203 in
375 1140 423 1205 ius
447 1144 592 1205 vocatur.
616 1141 700 1227 Ipsa,
726 1161 789 1225 qua
819 1162 905 1215 reus,
926 1144 1064 1225 passive
1093 1143 1218 1209 habere
1249 1164 1285 1209 se
1316 1143 1412 1210 debet
1433 1165 1497 1211 nec

317 1270 448 1331 tenatur
470 1266 590 1349 aliquid
613 1267 763 1352 probare
780 1266 836 1357 sed
860 1268 928 1334 eius
951 1269 1088 1334 interest
1111 1268 1259 1334 refutare
1281 1272 1404 1337 actoris
1425 1291 1497 1356 pro

318 1389 472 1466 bationes,
489 1411 546 1457 seu
569 1392 793 1459 demonstrare
816 1394 937 1459 factum
960 1394 1001 1459 ab
1032 1399 1144 1460 actore
1171 1396 1305 1463 allatum
1328 1417 1392 1463 non
1417 1399 1498 1464 exti-

317 1514 407 1578 tisse.
430 1512 513 1594 Dixi,
530 1532 600 1597 qua
622 1534 712 1587 rear,
729 1534 803 1579 nam
827 1516 853 1580 si
875 1514 1008 1598 factam
1031 1518 1151 1581 actoris
1174 1537 1298 1604 negare
1314 1538 1378 1583 non
1395 1522 1497 1605 possit

318 1634 375 1700 sed
398 1635 485 1701 aliud
507 1635 628 1702 facturn
652 1638 720 1723 ipse
744 1658 819 1703 reus
850 1638 997 1724 proferat
1027 1637 1215 1707 modificans
1244 1647 1301 1707 aut
1326 1642 1497 1710 destruens

318 1762 529 1829 intentionem
552 1764 681 1833 actoris,
707 1764 770 1828 hoc
793 1763 914 1829 factum
943 1764 1083 1850 probare
1107 1765 1201 1832 debet
1227 1769 1322 1853 «qai
1344 1770 1497 1855 affirmat

263 1966 265 1971 ι
314 1886 466 1970 probare
489 1886 583 1954 debet
599 1908 630 1963 »;
648 1893 680 1953 et
695 1888 757 1953 hoc
774 1906 871 1955 sensu
889 1911 908 1951 e
923 1909 1004 1956 reus
1025 1890 1279 1977 accipiendam
1294 1900 1390 1961 actor
1402 1917 1434 1976 »,
1452 1894 1497 1960 id·

319 2016 376 2088 est,
390 2011 528 2079 adsumit
551 2008 632 2079 onus
657 2014 814 2099 probandi
837 2015 921 2099 quod
946 2016 1084 2101 excipit;
1108 2021 1144 2083 ut
1165 2036 1254 2092 ecce,
1271 2020 1298 2083 si
1318 2020 1419 2085 actori
1444 2040 1497 2106 pe

318 2140 398 2205 tenti
422 2158 491 2205 rem
519 2160 564 2206 ear
583 2145 693 2223 empto
725 2140 861 2207 vendito
885 2161 961 2207 reus
983 2162 1049 2206 noa
1071 2148 1170 2229 neget
1193 2144 1421 2221 venditionem,
1434 2148 1493 2214 sed

318 2266 458 2346 opponat
480 2280 516 2326 se
539 2244 612 2326 dolo
627 2261 794 2347 deceptum
812 2282 884 2329 esse
899 2270 955 2329 aut
970 2283 1036 2327 non
1051 2282 1130 2329 suae
1146 2266 1262 2331 mentis
1277 2265 1378 2333 fuisse
1397 2286 1495 2351 quum

318 2386 490 2457 contraxit,
511 2384 574 2450 hoc
596 2384 736 2471 probare
759 2384 865 2451 debet.
890 2385 981 2452 Unde
1011 2387 1124 2472 regula
1151 2389 1339 2474 generalior
1362 2395 1428 2456 est:
1453 2410 1497 2456 ex

319 2509 339 2572 t.
364 2508 399 2583 2,
422 2508 526 2593 ffiDe
548 2506 832 2575 Probatioaibar:
857 2509 924 2575 «ei
946 2509 1110 2576 incumbit
1127 2512 1296 2594 probati0,
1320 2512 1381 2597 qui
1403 2513 1495 2588 dicit,

317 2650 388 2699 aaa
410 2632 470 2717 qai
488 2638 590 2719 nepai
615 2654 645 2697 r.
662 2670 706 2683 -
723 2634 903 2699 Praeterea
926 2654 1010 2707 reus,
1027 2654 1071 2700 ex
1093 2636 1240 2720 generali
1263 2636 1388 2721 regula,
1405 2638 1496 2723 caai-

319 2760 423 2825 turin
440 2758 590 2824 iudicium
615 2778 814 2845 comparere,
839 2762 914 2844 qaia
937 2760 1077 2825 iudiciali
1101 2762 1247 2827 citationi
1262 2780 1381 2846 parere
1400 2761 1499 2828 debet

318 2900 381 2967 qua
404 2881 488 2967 apud
511 2880 648 2947 iudicem
673 2887 883 2958 convocatum
902 2888 935 2949 et
948 2882 1027 2947 hinc
1043 2903 1119 2947 reus
1133 2882 1300 2949 ordinario
1317 2889 1366 2949 est
1380 2902 1497 2950 aecer·

317 3007 441 3075 sarias
458 3006 521 3073 Ast
536 3008 706 3092 aliquando
730 3012 780 3075 est
801 3008 1025 3082 voluntarias,
1041 3010 1142 3075 veluti
1166 3010 1293 3093 quando
1316 3008 1353 3075 fit
1375 3011 1495 3084 citatio,

317 3132 443 3199 adiecta
466 3132 621 3214 clausula,
647 3134 678 3197 in
703 3135 809 3199 causis
831 3133 1038 3216 electionum,
1061 3135 1156 3200 atri
1186 3134 1246 3220 qai
1275 3136 1344 3201 siat
1373 3136 1434 3221 qai
1460 3156 1499 3204 re

317 3258 420 3325 veiint
443 3277 624 3341 opponere,
649 3263 879 3340 compareant,
903 3259 992 3324 intra
1014 3260 1214 3344 assignatum
1240 3262 1494 3346 peremptorium

315 3388 458 3467 tempus3
482 3401 525 3447 ex
548 3400 623 3465 cap.
647 3381 704 3457 47,
729 3382 779 3449 De
801 3385 891 3450 elect.
914 3384 952 3448 ia
975 3384 1000 3447 6
1021 3382 1112 3469 (1-6).

408 3506 490 3570 Item
521 3525 601 3572 reas
628 3526 768 3592 persona
790 3507 926 3590 phr'siea
953 3508 1006 3572 rel
1029 3507 1173 3575 moralis
1203 3528 1275 3574 esse
1298 3513 1412 3594 potest,
1437 3530 1496 3575 seu

317 3632 427 3717 plures
450 3629 591 3696 eiusdem
616 3631 811 3699 defensionis
842 3639 1012 3700 consortes
1042 3652 1114 3699 esse
1142 3638 1291 3718 possunt;
1322 3633 1407 3699 unde
1429 3634 1496 3699 litis

318 3756 514 3823 consortium
539 3760 587 3821 est
610 3756 758 3822 activam
773 3758 827 3822 vel
837 3757 1027 3839 pararant.
1045 3756 1188 3832 -Quia
1211 3776 1288 3823 reus
1304 3755 1494 3842 excipiendo

317 3880 354 3946 fit
375 3886 485 3955 ector3
511 3900 553 3945 ex
575 3879 713 3945 adverso
737 3881 805 3965 ipse
829 3886 921 3946 actor
945 3878 980 3945 tit
1002 3901 1088 3955 reus,
1109 3882 1136 3946 si
1159 3882 1412 3947 reconveniatur
1434 3901 1496 3966 per

316 4007 503 4092 petitionem
526 4005 660 4071 alterius
683 4008 794 4091 partis.
811 4007 862 4070 Ita
876 4007 909 4071 in
933 4005 1058 4071 iudiciis
1079 4006 1236 4090 familiae
1251 4008 1495 4074 herciscundae

179 4144 184 4153 ‘
318 4129 371 4212 qui
395 4129 484 4214 prius
507 4134 665 4211 provocat
687 4128 729 4194 ad
744 4128 905 4203 iudicium,
919 4135 968 4195 est
982 4135 1084 4211 ector,
1101 4135 1216 4215 petens
1231 4129 1420 4196 divisionem
1436 4151 1494 4215 pa·

317 4254 460 4320 trimonii
482 4253 664 4329 familiaris;
689 4253 746 4319 sed
769 4254 910 4320 vicissim
933 4256 1001 4340 ipse
1025 4252 1060 4320 tit
1083 4274 1160 4321 reus
1183 4260 1334 4340 respectu
1356 4256 1493 4321 alterius

317 4381 477 4462 conventi,
494 4380 548 4464 qui
564 4384 596 4444 et
611 4380 679 4465 ipse
695 4382 775 4465 petit
791 4384 894 4445 ratam
910 4386 1035 4466 partem
1051 4382 1130 4447 assis
1146 4381 1324 4446 familiaris.
1341 4416 1386 4430 -
1402 4379 1495 4446 Haec
