3350 5117
517 284 561 329 na
585 281 723 330 runicus
748 280 1014 328 nccnnsmsrrcrs
1288 260 1354 326 623

259 409 397 492 Tempus
421 406 462 471 ad
493 403 735 493 proponendam
760 404 1007 490 appellationem
1032 403 1213 469 iudicialem
1243 408 1276 468 et
1301 424 1354 469 er·

169 536 404 603 traiudicialem
437 540 486 599 est
520 533 632 599 decem
664 532 801 612 dierum,
825 530 1073 616 computandum
1109 551 1129 593 a
1164 532 1354 598 recitatione

170 662 364 742 sententiae,
387 659 440 724 vel
465 657 504 723 ab
530 658 598 723 eius
630 657 761 730 notitia;
786 674 887 739 quare
911 652 1015 737 quoad
1047 654 1171 719 initium
1201 657 1250 719 est
1278 658 1356 721 tem·

173 804 234 871 pus
255 785 337 850 utile
367 783 450 868 quod
481 784 644 868 ignoranti
677 801 743 845 non
775 781 897 856 currit;
922 786 955 845 at
985 781 1018 844 in
1051 800 1108 844 suo
1136 778 1274 845 decursu
1306 785 1356 845 est

170 912 370 982 continuum
401 916 433 976 et
459 908 730 993 peremptorem
764 909 861 972 etiam
893 905 961 972 dies
988 906 1122 971 feriatos
1146 908 1356 993 comprehen-

172 1036 263 1116 dens,
288 1035 370 1119 quod
386 1055 406 1101 a
421 1035 525 1101 indice
541 1054 646 1118 neque
667 1033 818 1098 contrahi
842 1052 947 1117 neque
974 1033 1144 1117 prorogari
1170 1036 1287 1117 potest:
1313 1032 1355 1098 cf.

171 1320 380 1379 contestentur,
399 1334 450 1371 nec
475 1315 509 1370 ad
535 1314 609 1369 hunc
635 1316 764 1369 affectum
791 1313 876 1368 liceat
901 1313 941 1367 eis
968 1311 1095 1367 inhibere
1120 1316 1169 1366 aut
1193 1314 1357 1383 simpliciter

173 1418 313 1482 mandare,
327 1424 358 1472 nt
370 1419 437 1488 ipsis
449 1419 530 1488 copia
542 1435 687 1487 processus
706 1418 923 1483 transmittatur,
937 1417 1022 1471 etiam
1036 1417 1165 1485 expensis
1180 1416 1356 1487 appellantis.

175 1522 207 1574 V.
227 1521 411 1577 Inhibitiones
430 1528 491 1591 post
510 1521 735 1592 appellationem,
749 1521 822 1573 sicut
841 1518 1039 1588 praemittitur,
1059 1522 1208 1586 receptam,
1222 1535 1276 1572 non
1289 1533 1356 1572 con-

172 1628 321 1695 cedantur,
341 1628 394 1681 nisi
413 1645 476 1681 cnm
495 1627 678 1697 inscriptione
702 1627 807 1682 tenoris
831 1626 1004 1691 sententiae,
1022 1629 1073 1679 ant
1091 1624 1195 1679 decreti
1221 1624 1356 1679 definitivi

175 1738 223 1787 aut
248 1735 304 1787 vim
329 1733 489 1788 definitivae
515 1732 660 1799 habentis,
678 1733 724 1786 rel
747 1732 878 1786 damnum
904 1748 954 1800 per
979 1731 1151 1785 definitivam
1177 1731 1357 1800 irreparabile

173 1843 352 1909 continentis,
371 1841 441 1895 alias
460 1840 641 1895 inhibitiones
656 1844 685 1896 et
707 1856 866 1910 processus,
886 1838 1001 1893 atinde
1026 1842 1143 1909 sequuta
1167 1854 1358 1909 quaecumque

174 1948 232 2001 sint
250 1948 311 2016 ipso
335 1948 396 2002 iure
414 1946 505 2014 nulla,
525 1947 620 2017 eisque
646 1947 759 2015 impune
785 1961 839 1999 non
866 1962 963 2015 parere
989 1945 1080 1999 liceat.
1102 1944 1146 1998 Vl.
1167 1945 1194 1997 Si
1214 1944 1359 2014 appellans

176 2058 297 2120 asserat,
315 2054 472 2108 sententiae
497 2058 546 2107 aut
570 2054 767 2123 appellationis
793 2053 950 2124 exemplum
978 2054 1059 2123 culpa
1084 2055 1185 2107 iudicis
1205 2053 1358 2124 equorei

173 2164 296 2217 oduarii
313 2162 417 2214 habere
435 2177 490 2215 non
510 2177 598 2230 posse,
617 2178 673 2215 non
692 2161 754 2215 ideo
773 2160 932 2230 recipienda
951 2162 1005 2215 erit
1023 2160 1184 2231 appellatio,
1198 2166 1246 2214 ant
1265 2160 1360 2231 aliqua

177 2271 306 2327 inhibitio
319 2260 502 2338 concedenda,
520 2271 567 2341 sed
585 2272 627 2325 eis
645 2276 755 2326 tantum
774 2271 809 2324 ad
827 2286 897 2341 quos
916 2270 1039 2339 pertinet
1059 2271 1166 2341 iniungi
1187 2272 1299 2339 poterit,
1319 2274 1360 2343 nt,

174 2378 268 2432 solnta
286 2378 423 2446 condigna
441 2378 566 2433 mercede
579 2382 713 2442 actorum,
727 2376 885 2446 exemplum
899 2376 1091 2430 authenticum
1111 2376 1266 2446 appellanti
1285 2376 1360 2430 intra

177 2483 292 2536 brevem
315 2481 437 2553 aliquem
460 2486 664 2550 competentem
690 2482 840 2536 terminum
866 2480 1000 2536 tradatur.
1028 2478 1134 2535 Caveat
1161 2485 1252 2536 tamen
1277 2480 1359 2535 iudex

174 2602 195 2637 a
212 2602 281 2655 quo,
299 2602 334 2640 ne
352 2585 377 2638 si
395 2601 460 2641 vare
478 2585 650 2655 appellatum
669 2586 755 2639 fuerit
774 2587 802 2639 in
821 2602 906 2639 cansa
925 2586 1104 2655 appellabili,
1124 2587 1235 2639 interim
1255 2586 1359 2657 aliquid

177 2695 206 2748 in
224 2695 424 2764 praeiudicium
442 2694 611 2765 appellantis
628 2699 766 2762 attentet,
785 2699 815 2749 et
840 2695 863 2749 si
890 2699 1051 2765 peractum
1072 2695 1212 2765 publicum
1237 2700 1287 2749 aut
1311 2712 1360 2765 per

178 2799 291 2854 testium
315 2800 501 2869 depositiones
525 2800 699 2867 constiterit,
718 2804 783 2855 acta
801 2800 933 2871 denegari
953 2800 1122 2871 appellanti,
1143 2806 1208 2854 tunc
1229 2800 1360 2855 mandato

178 2907 303 2963 tradendi
322 2913 387 2962 acta
404 2909 491 2978 possit
510 2908 592 2963 iudex
611 2908 809 2978 appellationis
828 2909 964 2975 adiicere,
983 2927 1018 2964 ne
1037 2909 1149 2963 interim
1172 2908 1276 2979 aliquid
1296 2910 1360 2963 novi

177 3019 277 3069 contra
294 3014 481 3084 appellantem
501 3018 663 3069 attentetur.
681 3013 739 3067 Vll.
753 3017 796 3068 Ab
810 3016 998 3085 exequutione
1012 3016 1185 3069 decretorum
1200 3014 1276 3069 Sacri
1291 3015 1362 3069 Con·

177 3118 237 3172 cilii
257 3119 420 3185 Tridentini,
438 3124 488 3173 aut
501 3118 678 3173 visitationis
690 3118 869 3189 Apostolicae
888 3119 1091 3189 appellationes
1105 3137 1121 3172 a
1135 3120 1361 3189 Metropolitanis

179 3243 235 3281 non
254 3227 433 3296 recipiantur,
446 3242 498 3280 nec
517 3227 539 3279 si
560 3226 688 3295 Episcopi
708 3226 812 3279 virtute
830 3225 952 3280 eiusdem
971 3224 1048 3279 Sacri
1063 3225 1182 3279 Concilii
1201 3225 1360 3296 procedunt,

179 3337 221 3390 nti
246 3335 323 3389 Sedis
342 3335 519 3404 apostolicae
546 3334 667 3403 delegati
694 3336 723 3388 in
748 3336 854 3399 causis,
879 3350 951 3405 quae
976 3336 1026 3388 sub
1052 3350 1147 3389 eorum
1171 3334 1361 3390 iurisdictione

177 3441 320 3496 ordinaria
338 3459 393 3512 non
412 3440 692 3510 comprehenduntur,
712 3442 790 3495 salva
808 3446 901 3495 tamen
928 3442 956 3495 in
982 3442 1035 3495 hoc
1060 3458 1124 3495 casn
1146 3442 1314 3511 Legatornm
1334 3448 1363 3497 et

180 3547 348 3616 Nuntiornm
373 3546 596 3617 Apostolicorum
623 3549 799 3602 arictoritate.
828 3547 897 3601 Vlll.
924 3548 953 3601 lu
978 3549 1069 3603 causis
1095 3565 1161 3603 vero
1186 3548 1362 3605 visitationis

178 3652 398 3717 Ordinariorum,
410 3659 460 3707 aut
471 3652 652 3707 correctionis
664 3669 781 3719 morum,
794 3652 884 3723 quoad
898 3654 1028 3706 ellectum
1047 3651 1237 3707 devolutivunr
1252 3656 1362 3707 tantum

180 3757 381 3825 admittantur,
401 3759 453 3813 nisi
481 3759 513 3812 de
537 3760 698 3826 gravamine
725 3776 774 3827 per
797 3758 968 3813 definitivam
988 3758 1163 3827 irreparabili
1184 3762 1298 3826 agatur,
1317 3760 1362 3815 rel

179 3879 243 3915 curn
256 3860 402 3930 Visitator,
415 3863 501 3918 citata
520 3868 599 3932 parte
617 3867 646 3918 et
664 3862 790 3916 adhibita
807 3880 907 3917 causae
920 3862 1091 3932 cognitione,
1109 3860 1278 3917 iudicialiter
1298 3879 1363 3933 pro·

179 3968 269 4034 cedit;
288 3972 355 4023 tnnc
373 3967 456 4043 enim·
466 3968 650 4038 appellationi
669 3968 747 4023 locus
766 3970 827 4037 erit,
849 3969 933 4023 etiam
952 3968 1042 4039 quoad
1068 3970 1196 4023 ellectum
1222 3970 1363 4039 suspensi·
1468 3994 1469 3999 ¹

181 4090 255 4126 vum.
274 4072 322 4127 lx.
341 4072 410 4127 Cum
429 4090 446 4127 a
465 4074 635 4143 gravamine,
648 4073 721 4143 quod
740 4091 789 4143 per
808 4072 979 4128 definitivam
1001 4075 1125 4144 reparari
1144 4075 1250 4145 nequit,
1270 4078 1301 4129 ut
1319 4075 1363 4129 in·

179 4178 292 4234 debitae
310 4181 516 4245 carcerationis,
535 4179 578 4235 vel
599 4185 734 4246 torturae,
752 4180 796 4235 vel
816 4180 1122 4247 excommunicationis„
1142 4180 1227 4234 etiam
1247 4182 1363 4235 commi·

182 4289 279 4354 natae,
299 4284 472 4356 appellatur,
490 4302 545 4342 non
565 4288 618 4341 nisi
638 4288 705 4341 visis
723 4288 810 4355 actis,
829 4306 865 4343 ex
890 4289 990 4360 quibus
1015 4289 1159 4345 evidenter
1177 4294 1311 4360 appareat
1329 4290 1362 4345 de

180 4392 352 4462 gravamIne,
371 4392 522 4463 appellatio
540 4393 713 4460 admittatur,
731 4398 780 4449 aut
799 4393 992 4452 inhibitio'vel
1012 4396 1132 4466 provisio
1150 4396 1244 4467 aliqua
1263 4412 1362 4453 conce-
