3350 5117
648 303 754 352 INDEX
781 305 901 353 RERUM

674 533 834 590 TITULUS
854 534 874 588 1.

578 691 615 732 DE
634 691 796 732 SENTENTIA
817 691 964 732 lUchldLi.

182 859 245 914 602.
264 857 409 913 Sententia
426 855 501 911 dicta
513 859 557 910 est
568 871 586 908 a
599 854 752 922 sentiendo,
766 854 832 926 quia
845 853 976 909 dictanda
995 859 1038 910 est
1057 857 1137 911 iuxta
1154 857 1241 911 animi

291 980 411 1031 sensum,
429 968 535 1019 motum
554 963 589 1016 ab
609 962 709 1017 intima
727 961 910 1031 persuasione
923 1002 1197 1017 .......
1228 981 1295 1035 pap.
1313 964 1368 1019 586

158 1071 247 1151 Ι6011.
266 1069 428 1126 Sententiae
445 1068 524 1124 notio
547 1067 662 1138 eiusque
687 1067 822 1138 requisita
848 1067 908 1123 sive
932 1069 1085 1124 intrinsece
1109 1070 1168 1126 sive
1193 1087 1243 1126 ex·

292 1178 413 1234 trinseca
430 1214 1240 1232 ...................
1276 1194 1295 1236 a
1328 1178 1367 1233 ibi

184 1281 246 1337 664.
266 1281 390 1337 Primum
415 1281 579 1352 requisitum
604 1283 647 1335 est
670 1281 874 1350 competentia;
893 1283 924 1335 at
942 1282 1088 1352 quaeritur
1106 1281 1244 1353 quomodo

294 1391 396 1447 iudices
420 1388 534 1446 aliunde
561 1392 768 1459 competentes,
787 1389 957 1445 sententiam
981 1390 1140 1460 significent
1159 1407 1244 1461 quum

293 1485 480 1568 collegialit'er
497 1496 650 1568 procedunt
655 1537 1244 1555 ..............
1280 1516 1298 1558 a
1316 1501 1370 1555 587

184 1607 247 1661 605.
267 1603 422 1660 Secundum
441 1601 605 1674 requisitum
625 1605 676 1668 est,
693 1605 725 1656 ut
739 1602 881 1657 sententia
894 1602 932 1656 eit
948 1602 1023 1657 iusta
1040 1607 1070 1658 et
1088 1620 1149 1658 non·
1162 1603 1246 1659 dubia
1281 1617 1300 1661 t
1317 1604 1370 1660 588

185 1712 248 1767 606.
267 1710 342 1765 iusta
359 1708 405 1775 sit,
424 1723 523 1778 nempe
542 1722 577 1761 ne
596 1704 690 1762 laedat
710 1723 800 1779 neque
825 1709 869 1761 ius
893 1705 1056 1778 positivum,
1075 1724 1124 1762 seu
1143 1707 1244 1780 legem,

293 1832 384 1888 neque
402 1815 446 1869 ius
464 1813 635 1884 particulare
654 1811 795 1885 litigantis
836 1854 1244 1872 ..........
1280 1832 1299 1873 t
1330 1817 1370 1873 ibi

185 1927 248 1982 667.
267 1926 407 1982 Aduersus
424 1924 543 1978 iudicem
562 1923 665 1978 iniuste
683 1911 916 1992 pronunciantem
930 1923 1066 1993 competit
1079 1922 1155 1978 laeso
1172 1924 1246 1978 actio
1318 1968 1322 1975 .

293 2031 328 2085 ad
346 2021 565 2096 indemnitatem,
584 2033 614 2084 et
632 2030 706 2083 ectio
726 2028 852 2098 poenalis
882 2067 1246 2084 .........
1282 2029 1372 2088 »589

186 2137 249 2192 608.
269 2136 365 2208 Neque
384 2135 468 2190 dubia
486 2135 523 2188 sit
540 2137 661 2204 oportet,
681 2139 712 2189 ut
731 2151 828 2205 reapse
849 2136 1041 2191 controuersia
1059 2134 1208 2190 deliniatur
1238 2175 1245 2188 .
1282 2135 1372 2193 »590

187 2245 249 2302 609.
270 2245 393 2316 Denique
410 2243 551 2298 sententie
568 2243 651 2299 debet
670 2259 730 2298 esse
748 2245 899 2299 conformis
918 2242 1016 2298 libello
1029 2261 1078 2298 seu
1096 2243 1246 2299 intentioni

295 2350 398 2404 actoris
422 2363 544 2418 congrue
569 2352 758 2415 contestatae,
778 2365 907 2419 expresse
925 2347 970 2403 vei
990 2348 1077 2403 tacite
1097 2349 1156 2404 siue
1181 2353 1247 2404 ectu

295 2457 413 2513 solemni
438 2457 649 2513 contestationis
677 2456 742 2524 litis,
763 2459 822 2514 sive
852 2457 881 2512 in
910 2457 1027 2512 decursu
1054 2457 1247 2514 instructionis

295 2576 397 2617 musae
436 2599 1247 2616 ...................
1282 2562 1373 2620 »590

187 2668 249 2723 610.
269 2667 444 2739 Requisitum
462 2668 649 2724 extrinsecum
668 2667 791 2724 habetur
803 2669 833 2722 in
846 2670 936 2724 torma
948 2669 1120 2725 observanda
1139 2670 1168 2724 in
1187 2687 1250 2740 pro·

296 2769 453 2824 nuncianda
471 2772 611 2826 sententia
653 2812 1249 2830 ..............
1285 2789 1304 2834 >
1320 2774 1370 2829 591

188 2879 251 2935 611.
271 2878 313 2933 Ex
330 2877 407 2934 hisce
426 2880 535 2933 actibus
553 2880 731 2936 iudicialibus
743 2882 763 2937 ii
778 2883 824 2953 qui
841 2886 970 2952 spectant
987 2881 1023 2936 ad
1041 2881 1248 2938 solemnitatem

296 2985 480 3038 observantur
497 2987 606 3038 tantum
620 2985 648 3039 in
662 2985 767 3040 edenda
782 2987 923 3042 sententia
938 2987 968 3040 in
986 2985 1089 3041 iudicio
1108 2985 1250 3040 ordinario
1285 3004 1302 3043 a
1320 2986 1376 3041 592

189 3091 251 3147 ola
271 3092 315 3146 An
334 3090 473 3145 sententia
491 3092 594 3145 referre
612 3091 714 3147 debeat
732 3093 856 3148 rationes
874 3092 1018 3148 decidendi
1063 3133 1249 3148 .....
1286 3109 1305 3151 t
1334 3094 1373 3149 ibi

188 3197 252 3252 613.
270 3195 418 3268 Aliquibus
443 3195 473 3249 in
497 3196 588 3249 causis
613 3198 723 3252 attento
748 3198 808 3252 iure
833 3199 974 3253 communi
995 3198 1103 3255 Decret
1124 3199 1248 3269 exigitur

297 3301 438 3370 expressio
456 3301 594 3355 rationum
615 3302 772 3358 sententiae
791 3342 1249 3358 ...........
1285 3302 1375 3360 »594

673 3515 833 3572 TITULUS
856 3515 890 3570 ll.

380 3671 416 3710 DE
436 3672 520 3711 monis
539 3673 575 3712 ΑΒ
594 3674 780 3713 SENTENTIAM
804 3674 1015 3716 lupodunum
1034 3675 1191 3716 Ludimus.

190 3833 254 3888 614.
273 3833 418 3890 Sententia
437 3851 491 3890 non
510 3839 553 3890 est
571 3837 652 3891 firma
671 3841 699 3892 et
721 3837 914 3893 irrevocabilis
938 3855 1082 3911 quousque
1106 3855 1163 3894 non
1187 3855 1251 3910 per·

299 3940 442 3995 transierit
460 3941 488 3993 in
509 3957 566 3996 rem
585 3942 736 3997 iudicatam
750 3983 1205 4002 ...........
1235 3961 1304 4016 pop.
1323 3941 1377 3998 596

191 4043 252 4098 615.
273 4044 430 4099 Revocatur
442 4062 489 4102 seu
503 4047 653 4118 corrigitur
669 4049 808 4104 sententia
826 4049 998 4105 iudicialiter
1015 4051 1146 4120 impetita
1164 4050 1252 4104 modis

206 4195 209 4200 .
299 4148 445 4202 ordinariis
464 4155 513 4206 aut
532 4151 759 4206 extraordinariis
796 4191 1251 4208 ...........
1287 4152 1378 4212 »596

191 4249 253 4305 616.
273 4251 314 4306 Ex
333 4252 447 4308 adverso
467 4271 515 4324 per
535 4255 633 4310 utilem
657 4259 896 4314 confirmationem
925 4259 1017 4329 magis
1041 4261 1189 4315 roboratur
1210 4258 1253 4314 vis

300 4361 456 4416 sententiae
474 4367 523 4416 eut
542 4365 583 4418 rei
603 4364 741 4420 iudicatae
751 4405 1251 4422 ............
1288 4363 1378 4424 >597
