3350 5117
526 317 570 365 un
594 316 733 365 ruurous
757 316 1023 364 nccnnsrnsrrcrs
1299 298 1367 366 595

271 440 305 527 2)
328 442 363 506 iu
386 441 490 507 causis
513 440 746 525 appellationis,
771 437 899 524 qnando
924 440 1083 505 sententia
1107 440 1174 504 lata
1201 440 1235 505 in
1260 440 1366 525 prima

179 564 336 632 instantia
358 570 547 639 revocatum
571 582 646 647 cop.
671 563 714 629 18
730 563 761 630 b.
780 567 801 627 t.
818 563 853 627 X
857 581 871 644 ;

271 687 305 775 3)
321 687 448 773 quando
464 686 561 753 iudex
580 706 672 751 reum
695 685 837 753 absoluit
858 684 902 753 ab
925 684 1158 753 observatione
1189 683 1298 751 iudicii
1323 684 1364 757 ob

181 815 325 901 ineptam
348 816 468 881 actoris
491 816 687 900 petitionem.

184 3577 304 3632 debatur
321 3578 495 3648 publicandan
515 3608 549 3621 -
568 3578 598 3633 ln
617 3580 707 3634 causis
727 3594 793 3634 vero
810 3580 971 3633 summariis
994 3580 1070 3633 intra
1088 3579 1199 3633 brevius
1220 3582 1329 3649 tempus
1353 3598 1370 3634 a

187 3683 369 3753 pronunciata
395 3686 535 3739 sententia
552 3685 582 3739 iu
600 3686 671 3739 actis
693 3684 872 3754 redigebatur
897 3686 1001 3756 absque
1027 3684 1086 3739 ulla
1107 3684 1286 3739 solemnitate
1306 3690 1362 3740 ter-

187 3789 255 3843 mini
277 3794 306 3845 et
327 3791 426 3846 exinde
445 3790 598 3858 dicebatur,
616 3789 691 3845 hunc
710 3790 807 3845 haberi
828 3806 877 3860 pro
895 3800 1014 3846 servato.
1035 3790 1064 3845 ln
1077 3790 1135 3845 cod.
1156 3790 1201 3847 cit.
1222 3790 1305 3861 Greg.
1326 3792 1366 3845 ita

183 3910 212 3944 a.
234 3893 299 3945 598
316 3893 482 3949 describitur
506 3895 597 3948 forma
614 3895 771 3950 sententiae
797 3893 973 3949 definitivae:
992 3894 1184 3950 «Sententiae
1203 3894 1364 3950 definitivae

186 3999 257 4054 haec
275 4001 486 4071 significabunt:
509 4002 530 4056 l.
544 4002 661 4067 Nomou,
680 4018 844 4073 cognomen,
863 4002 1034 4057 domicilium
1053 4006 1083 4058 et
1101 4020 1281 4072 personarum
1299 4021 1369 4076 qua·

187 4103 291 4173 litates,
305 4108 396 4175 prouti
410 4107 564 4179 descriptae
583 4113 649 4163 sunt
668 4109 696 4162 in
709 4108 808 4164 libello
822 4108 980 4175 citationis3
993 4124 1144 4179 earumque
1157 4110 1368 4177 procuratorum

188 4228 289 4268 nomen
311 4218 341 4268 et
358 4230 519 4285 cognomen.
540 4216 565 4268 Ζ
586 4216 735 4273 Potitionis
760 4222 894 4274 tenorem.
914 4216 940 4271 3.
959 4215 1102 4271 Summam
1126 4220 1252 4271 actorum
1271 4218 1301 4271 et
1319 4215 1368 4271 do-

185 4329 381 4379 cumentorum
400 4326 428 4378 in
447 4341 532 4379 consa
550 4324 709 4381 allatorum.
728 4330 755 4381 4.
778 4327 911 4382 Rationes
932 4326 1074 4383 decidendi
1093 4326 1119 4394 5,
1138 4328 1226 4397 ipsam
1248 4326 1367 4382 decisio·

187 4445 252 4482 uem
271 4446 320 4485 seu
338 4434 446 4500 partem
464 4430 656 4500 dispositivam
671 4446 697 4486 ».
