3350 5117
533 336 578 382 os
602 334 741 384 inurens
764 335 1029 382 nconnsmsrrms
1301 315 1363 380 231

190 463 271 526 tium
295 482 364 525 rem
386 461 446 527 sibi
462 466 589 547 peteret
610 461 651 526 ab
674 463 779 528 altero
798 481 989 547 possessam,
1007 465 1140 545 praetor
1163 459 1367 541 decernebat,

193 587 229 646 nt
258 583 316 648 lite
344 584 505 669 pendente
535 585 752 670 proprietatis,
777 585 908 650 interim
940 588 1040 649 status
1068 583 1277 668 possessionis
1304 601 1368 644 non

189 710 383 779 mutaretur,
398 711 432 773 et
453 706 493 771 ad
508 707 571 771 hoo
594 705 724 771 iubebat
747 741 766 754 ·
779 705 1040 798 EQQQ‘?
1048 705 1125 784 ita,
1127 702 1332 786 possideatis
1349 737 1365 749 -

190 833 218 896 si
241 833 399 918 agebatur
422 834 462 898 de
485 854 522 897 re
542 833 705 906 immobili,
722 834 749 897 si
772 833 813 897 de
836 853 875 897 re
900 831 1008 896 miibili
1033 831 1175 915 quaestio
1199 835 1292 901 esset,
1306 827 1368 892 edi-

190 954 301 1020 cebat:
321 956 469 1023 «utrubi
489 956 543 1023 bio
564 956 664 1021 bomo
680 975 747 1040 qao
771 955 814 1020 de
838 955 957 1041 apitur
970 974 1033 1020 neo
1055 954 1089 1018 ai
1111 972 1173 1018 neo
1196 953 1284 1018 etam
1308 969 1370 1016 nee

185 1079 349 1162 precario
380 1080 424 1147 ab
454 1082 561 1146 attero
583 1079 660 1163 fnit,
684 1079 780 1163 apud
811 1099 914 1164 quem
945 1078 1077 1144 maiore
1102 1081 1205 1160 parte
1232 1074 1368 1138 trainsee

189 1201 277 1266 anni
296 1200 376 1283 suit,
399 1202 626 1286 quominusis
642 1221 719 1267 eant
742 1201 857 1282 ducat,
873 1199 942 1266 aim
958 1199 1034 1285 fieri
1052 1203 1124 1263 oeto
1142 1217 1172 1261 r».
1190 1195 1237 1262 Ol.
1254 1196 1368 1263 Gaium

189 1327 255 1401 IV,
277 1329 350 1394 151.

281 1454 480 1548 Q
511 1453 723 1550 possessionis
749 1458 852 1548 status
887 1471 950 1516 non
982 1451 1172 1521 mutabatur,
1205 1468 1370 1534 quousque

189 1579 776 1670 actor-inviolesuamintentionem
797 1576 1065 1666 QQEPJ'QQSRb
1090 1581 1123 1640 et
1146 1575 1247 1640 eidem
1272 1573 1369 1668 inflex
1458 1656 1463 1664 Ι

191 1723 274 1804 rem
282 1703 471 1802 addixisset.
487 1741 533 1752 -
549 1705 676 1790 Reapse
692 1703 811 1768 eruditi
834 1702 984 1788 probunt,
1002 1703 1083 1767 haee
1100 1699 1272 1765 interdieta
1289 1733 1306 1746 -
1320 1696 1371 1762 nti

185 1832 368 1914 possidetis
392 1867 410 1880 -
434 1837 468 1896 et
489 1831 605 1896 utrubi
627 1832 806 1897 vetustiora
828 1849 914 1904 esse;
939 1830 1029 1894 onius
1056 1829 1210 1914 postremi
1232 1826 1368 1889 mentio-

190 1973 265 2017 nem
296 1952 377 2017 laoit
407 1952 541 2017 Plautus
572 1952 715 2038 Styehas
746 1953 780 2022 5,
805 1951 837 2022 4,
864 1951 996 2015 ineunte
1027 1948 1169 2013 secunda
1200 1945 1371 2010 medietate

190 2078 312 2144 saeculi
336 2075 387 2143 Vl
409 2077 450 2142 ab
476 2079 511 2143 U.
536 2077 571 2142 C.
586 2112 630 2125 -
655 2077 745 2141 Haec
769 2076 856 2142 diota
883 2082 958 2142 sunt
980 2077 1149 2140 interdicta
1172 2073 1370 2140 retinendae

185 2202 419 2286 possessionis.
443 2237 487 2250 —
511 2203 624 2269 Statim
646 2201 815 2267 admodum
839 2220 947 2285 aequa
969 2205 1002 2266 et
1026 2200 1112 2265 utilis
1135 2204 1305 2286 perspecta
1321 2207 1372 2266 est

190 2327 372 2393 huiusmodi
395 2326 557 2401 defensio;
582 2347 684 2410 quare
698 2327 859 2411 impertiri
885 2325 990 2410 coepit
1005 2326 1101 2389 etiam
1118 2325 1206 2389 nullu
1229 2327 1371 2392 instante

190 2451 343 2534 petitoria
364 2450 502 2530 actione,
526 2448 656 2514 sedvel
680 2448 721 2512 ad
743 2447 911 2513 tutandum
936 2447 1057 2514 factum
1080 2448 1289 2532 possessionis
1312 2450 1371 2514 ad-

189 2593 305 2637 versus
328 2573 537 2657 impetitores,
561 2573 614 2638 vel
636 2571 677 2636 ed
701 2571 956 2636 controversiam
973 2569 1184 2636 definiendam
1209 2573 1297 2636 cirea
1320 2573 1369 2636 su·

190 2703 277 2762 etum
292 2696 492 2762 retinendae
510 2695 743 2780 possessionis.
760 2694 978 2770 Quamobrem
1002 2695 1174 2759 admissum
1198 2701 1255 2776 est,
1272 2715 1367 2780 quae·

190 2824 329 2888 stionem
352 2822 563 2907 possessionis
594 2817 806 2884 definiendam
832 2839 904 2884 esse
935 2818 1188 2904 independenter
1211 2839 1231 2884 a
1253 2820 1369 2885 iudicio

190 2948 361 3031 petitorio;
384 2944 470 3009 unde
493 2943 600 3009 facilis
622 2943 684 3007 snit
706 2962 837 3028 gressus
863 2941 903 3006 ad
926 2941 1098 3008 interdieta
1112 2945 1369 3025 recuperandae

186 3069 421 3152 possessionis,
446 3066 559 3152 quibus
583 3071 715 3150 praetor
731 3066 823 3130 iussit
841 3064 1013 3130 interdicto
1036 3067 1128 3132 ande
1143 3067 1184 3139 oi,
1203 3087 1258 3131 sen
1275 3068 1317 3134 de
1336 3069 1370 3133 ai

190 3196 349 3279 simplici,
374 3196 608 3281 possessionem
630 3195 661 3258 vi
687 3192 826 3259 ablatam
858 3193 1091 3264 restituendam
1123 3215 1194 3258 esse
1224 3195 1370 3280 spoliato.

192 3322 329 3404 luquam
354 3321 374 3369 ·'
397 3321 440 3386 de
461 3320 496 3384 ai
517 3318 664 3402 simplici
682 3353 699 3365 -
717 3318 830 3382 aderat
855 3319 940 3383 enim
965 3317 1169 3383 interdictum
1187 3337 1311 3403 qnoque
1328 3320 1370 3384 de

183 3440 226 3514 ,oi
249 3444 388 3504 amata
410 3459 468 3504 seu
490 3438 635 3503 adhibita
653 3458 712 3523 per
734 3439 921 3503 violentiam
946 3458 1120 3512 armorum,
1134 3439 1188 3504 sed
1204 3445 1281 3505 tnnc
1304 3461 1369 3506 non

191 3561 292 3628 fiebat
314 3562 459 3627 defensio
490 3562 709 3647 possessionis,
734 3562 789 3627 sed
816 3561 978 3645 publicae
1007 3563 1249 3646 tranquillitatis
1275 3565 1371 3649 impe-

188 3688 270 3751 titae
294 3705 468 3771 perosum
491 3705 656 3751 armorum
679 3685 736 3770 (l).

283 3811 464 3876 Praeterea
481 3811 703 3911 lttfflsslsslaflt)
727 3815 916 3902 comparata
933 3811 1064 3876 suerunt
1080 3813 1176 3874 etiam
1200 3811 1370 3878 interdictu

286 3889 531 3912 mom

189 3933 435 4048 adgpispendae
451 3934 685 4030 possessionis
698 3954 789 4024 quae,
806 3936 853 4000 oti
878 3935 1061 4026 enunciatio
1085 3934 1186 4007 docet,
1211 3954 1274 3998 non
1292 3954 1369 4023 οοη-1

279 4234 321 4306 (l)
340 4235 447 4290 Exinde
466 4239 544 4304 patet
561 4236 698 4305 quomodo
716 4235 788 4288 falso
807 4235 946 4288 innitatur
970 4235 1150 4289 fundamento
1173 4237 1305 4310 Savigny‚
1324 4256 1369 4292 as-

189 4359 285 4397 serens
305 4342 454 4398 interdieta
472 4341 631 4397 exhibuisse
650 4343 838 4397 defensionem
864 4341 1027 4412 possessioni
1054 4342 1087 4396 ad
1113 4343 1255 4399 evitandus
1274 4347 1371 4399 turbas

190 4454 220 4502 et
238 4448 388 4503 violentias
407 4463 555 4502 armornm.
569 4447 609 4501 Gt.
629 4448 663 4502 cl.
683 4449 818 4519 Ruggeri,
838 4465 880 4519 op¹
901 4451 944 4502 eit.
964 4452 981 4512 S
1002 4449 1047 4502 la.
1299 4423 1303 4434 ’
