3350 5117
521 320 563 366 DE
588 319 726 367 tumens
750 319 1017 366 eccusssmsrlcts

653 655 834 721 TITULUS
861 657 886 720 I.

452 872 507 919 DE
542 870 820 917 OBLATIONE
857 870 1084 917 LIBELLI.

555 994 605 1035 Huc
621 992 734 1035 reseratur
748 993 785 1035 lit.
800 994 821 1046 3,
836 991 878 1035 lib.
894 992 924 1036 11.
940 994 970 1036 X.

180 1206 395 1266 summarium.
413 1239 450 1251 -
468 1208 528 1263 397.
549 1209 579 1263 ln
597 1208 707 1262 iudiciis
726 1207 875 1262 ordinariis
893 1213 936 1264 est
955 1209 1112 1263 necessaria
1131 1210 1234 1264 oblatio
1255 1208 1354 1263 libelli.

269 1345 306 1359 -
324 1316 384 1372 398.
404 1316 434 1370 ln
446 1314 553 1382 libello,
566 1332 629 1369 cunr
642 1315 747 1385 primis,
761 1314 836 1369 clare
851 1316 968 1385 exprimi
982 1315 1084 1371 debent
1096 1317 1162 1371 lecti
1177 1316 1315 1371 adiuncta
1324 1343 1360 1357 -

269 1423 329 1477 399.
343 1423 384 1477 Ex
393 1422 459 1477 facti
474 1423 565 1493 specie
579 1421 738 1477 deducenda
750 1425 793 1475 est
806 1422 879 1475 ratio
892 1421 1002 1490 petendi
1017 1438 1067 1477 seu
1079 1424 1160 1489 actio,
1175 1421 1253 1476 cuius
1266 1424 1359 1475 tamen

270 1528 412 1598 proprium
425 1543 525 1582 nomen
543 1528 699 1597 exprimere
714 1543 825 1582 necesse
841 1543 896 1581 non
919 1531 969 1583 est.
989 1556 1024 1569 -
1044 1528 1105 1582 400.
1118 1528 1203 1581 ludex
1222 1525 1359 1581 deliberat

270 1654 306 1691 an
319 1636 447 1692 libellum
460 1610 588 1705 excipere
600 1635 715 1699 debeat;
729 1651 784 1706 quo
797 1636 916 1689 admisso
931 1635 989 1690 edit
1000 1635 1141 1690 decretum
1154 1634 1305 1689 citationis.
1322 1661 1359 1674 -

271 1742 331 1796 401.
343 1740 477 1797 Redditur
496 1741 569 1795 ratio
581 1740 664 1795 buius
676 1741 846 1811 systematis,
861 1756 916 1809 quo
929 1740 1011 1794 iudex
1024 1740 1193 1793 auctoritate
1208 1755 1259 1792 sua
1270 1739 1299 1790 in
1316 1738 1360 1791 ius

270 1857 349 1901 cocat
367 1862 457 1899 reum.
478 1872 512 1885 -
525 1844 585 1898 402.
601 1843 783 1914 Explicantur
797 1844 914 1898 effectus
927 1843 1015 1896 oblati
1029 1842 1127 1898 libelli.

272 2061 346 2127 397.
376 2061 450 2124 lure
474 2079 544 2125 can.
577 2079 674 2125 cansa
698 2060 730 2124 in
750 2078 914 2141 processu
938 2059 1116 2125 ordinario
1148 2056 1362 2123 introducitur

138 2182 141 2189 ’
181 2206 243 2272 per
266 2186 459 2251 oblationem
482 2184 581 2250 libelli
606 2204 652 2249 em
674 2203 748 2267 cap.
766 2184 792 2259 1,
811 2185 842 2248 h.
861 2191 882 2248 l.
899 2185 933 2247 X
953 2188 986 2248 et
1009 2184 1132 2249 nullum
1148 2188 1197 2249 est
1212 2183 1361 2248 iudicium

183 2311 364 2396 incoeptum
381 2310 500 2393 absque
515 2308 614 2374 libelli
630 2309 802 2379 oblatione,
821 2309 879 2373 etsi
895 2314 1005 2391 partes
1021 2310 1054 2371 in
1069 2310 1271 2372 omissionem
1288 2328 1363 2372 oon-

183 2436 361 2499 senserint:
376 2433 419 2497 cf.
433 2431 722 2515 Sohmalzgrneber
739 2430 769 2495 le.
786 2431 830 2495 til.
846 2452 879 2495 n.
892 2431 937 2493 11.
949 2465 995 2477 -
1007 2429 1148 2494 Libellus
1164 2434 1214 2495 est
1228 2430 1363 2495 «brevis

182 2558 356 2641 scriptura
380 2558 552 2623 continens
576 2558 668 2621 clare
691 2555 815 2621 actoris
838 2555 1045 2637 petitionem,
1070 2558 1101 2618 el
1120 2552 1259 2636 pelendi
1287 2572 1363 2618 cau·

183 2700 298 2747 eam».
325 2682 416 2745 Haec
440 2682 602 2765 scriptura
625 2679 720 2745 iudici
746 2674 884 2743 offertur
900 2677 941 2743 ab
956 2684 1067 2742 actore
1083 2676 1122 2741 ad
1140 2674 1362 2761 postulandum

185 2801 270 2867 illius
295 2802 442 2867 iudiciale
466 2802 687 2866 ministerium.
715 2802 800 2866 Hinc
817 2801 982 2885 scriptura
996 2798 1092 2863 debet
1113 2818 1184 2862 esse
1207 2796 1317 2863 brevis
1332 2800 1365 2860 et

185 2925 291 2997 clara,
306 2930 340 2989 ut
365 2925 472 2997 iudex,
489 2943 650 3010 perpensa
665 2924 819 3009 petitione
837 2928 870 2988 et
885 2922 1046 3007 petitionis
1065 2940 1172 2999 causa,
1189 2917 1307 2984 iudicet
1321 2937 1363 2981 an

185 3044 253 3128 ipse
270 3046 310 3109 sit
326 3050 511 3131 competens
532 3051 564 3110 et
579 3046 758 3111 huiusmodi
777 3046 933 3111 instantia
949 3064 990 3108 an
1006 3042 1129 3109 admitti
1145 3043 1252 3126 possit,
1269 3059 1363 3124 quam

185 3166 319 3233 deberet
344 3170 516 3255 repellere,
533 3172 560 3234 si
577 3190 674 3235 eausa
697 3171 894 3236 notorietate
917 3168 994 3233 lacti
1017 3168 1100 3232 falsa
1123 3171 1209 3231 esset
1224 3165 1277 3229 rel
1295 3165 1364 3228 evi-

186 3292 300 3358 denter
316 3300 401 3359 esset
424 3296 550 3360 iniusta.

274 3420 349 3484 398.
377 3420 520 3485 Proinde
542 3426 642 3491 actor,
660 3440 716 3485 suo
741 3440 898 3505 expresso
925 3420 1054 3484 nomine
1078 3423 1113 3482 ut
1136 3419 1204 3481 eius
1227 3436 1366 3502 persona

186 3543 281 3609 iudici
313 3544 510 3618 innotescat,
536 3527 679 3611 breviter
702 3550 734 3609 et
757 3544 850 3610 clare
880 3542 976 3608 debet
999 3561 1163 3627 exponere
1188 3541 1265 3605 faeti
1288 3559 1365 3602 nar-

186 3668 344 3733 rationem
369 3673 402 3732 et
425 3668 499 3733 inde
516 3670 651 3732 innuere
668 3688 710 3731 ex
727 3667 781 3731 illo
797 3667 887 3731 facto
904 3666 1064 3750 quodnam
1087 3666 1136 3729 ius
1151 3665 1210 3730 sibi
1225 3663 1367 3728 vindicat
1455 3684 1460 3693 ·

185 3790 225 3856 ab
244 3792 307 3855 alio
325 3812 381 3903 sep
397 3812 417 3856 a
433 3812 501 3865 reo.
519 3794 609 3857 ouius
624 3811 741 3856 nomen
757 3790 907 3855 distincte
925 3790 1086 3875 exprimat
1100 3792 1227 3873 oportet
1242 3787 1281 3851 ad
1298 3788 1367 3852 eins

186 3912 331 3977 notitiam
355 3913 498 3978 faciliter
521 3914 615 3979 iudici
639 3911 888 3999 suggerendam.
906 3913 988 3986 Quia
1011 3913 1042 3974 in
1067 3909 1217 3975 civilibus
1239 3928 1367 3994 semper

171 4038 306 4121 vpetitur
329 4038 437 4120 aliqua
460 4044 551 4104 certa
575 4058 628 4103 res
652 4037 704 4102 vel
728 4057 853 4102 summa
875 4038 1042 4121 pecuniae.
1068 4038 1164 4101 etiam
1187 4040 1311 4099 certum
1335 4040 1368 4100 et

186 4164 370 4231 distinctum
395 4164 489 4231 debet
513 4186 583 4231 esse
606 4165 690 4251 quid
713 4170 936 4250 etquenam
960 4166 1089 4250 petitur.
1169 4235 1173 4241 ⁴

277 4291 476 4375 Pragmatici
499 4291 614 4356 docent
638 4294 853 4376 opportunum
870 4308 942 4353 esse
956 4288 1076 4353 addere
1091 4288 1264 4354 clausulae
1281 4288 1369 4353 salu-

187 4416 287 4487 tares,
301 4434 359 4478 seu
374 4413 462 4479 facta
478 4413 696 4479 declaratione
712 4414 761 4477 rei
776 4414 899 4499 petitae
914 4411 1043 4484 addere,
1057 4433 1092 4478 se
1107 4411 1193 4476 nolle
1209 4411 1369 4496 perhanc
