3350 5117
323 278 390 343 626
860 294 944 343 rans
970 295 991 341 r.

321 422 447 487 merito.
472 419 617 505 Apostoli
640 418 715 485 dicti
739 417 877 484 suntab
902 416 1104 499 αποστέλλω,
1129 418 1259 485 dimitto
1264 437 1279 500 ;
1301 420 1335 483 et
1357 416 1421 482 hoc
1444 434 1508 479 no-

308 547 406 641 mine
429 545 537 610 donati
561 545 703 617 fuerunt
728 542 768 609 ab
791 540 910 611 effectu
933 544 985 609 cui
1010 542 1206 630 diriguntur,
1223 562 1267 608 ex
1281 562 1379 627 scopo
1393 546 1506 609 autem

320 672 502 739 immediato
525 672 691 739 adiectioa
715 673 847 737 nomina
870 673 1061 737 sortiuntur.

409 798 530 883 Nempe
545 796 697 862 dicuntur
714 796 860 878 apostoli
877 795 1063 862 dimissorii
1082 774 1219 880 qdando,
1236 798 1372 879 accepto
1391 790 1503 878 appel·

319 919 446 983 lationis
461 918 580 991 libello,
598 917 695 982 iudex
710 938 770 1003 per
785 917 911 983 litteras
926 918 1140 1003 appellantem
1157 917 1286 982 dimittit
1301 914 1341 980 ad
1358 914 1502 979 iudicem

318 1042 551 1127 appellationis,
575 1041 737 1127 explicato
761 1041 887 1106 obiecto
911 1047 944 1105 et
967 1043 1095 1106 ratione
1118 1028 1352 1125 appellationis.

408 1166 566 1233 Dicuntur
588 1165 827 1230 reverentiam
851 1165 876 1229 si
901 1164 1030 1229 litterae
1053 1162 1094 1229 ad
1113 1162 1250 1229 iudicem
1276 1160 1504 1248 appellationis

318 1288 422 1359 datae,
446 1293 605 1354 testentur
628 1286 878 1372 appellationem
895 1286 1066 1353 admissam
1090 1286 1189 1352 tuisse
1213 1285 1252 1350 ob
1277 1286 1498 1351 reverentiam

318 1414 430 1481 iudicis
453 1414 640 1499 superioris,
657 1432 722 1477 non
738 1411 779 1477 ob
794 1414 974 1479 intrinseca
989 1414 1112 1478 motiva
1134 1413 1338 1497 quaestionis.
1357 1448 1400 1461 -
1418 1410 1506 1485 Quia

317 1560 396 1605 vero
425 1540 522 1604 iudex
552 1558 575 1604 a
605 1558 683 1623 quo,
706 1540 734 1603 si
762 1537 914 1602 frivolam
946 1542 978 1604 et
1008 1538 1249 1603 frustratoriam
1282 1542 1502 1623 recognoscat

316 1664 574 1748 appellationem,
591 1660 737 1726 refutare
752 1659 898 1726 eamdem
918 1660 1022 1737 debet,
1041 1664 1074 1726 in
1098 1662 1159 1727 isto
1183 1680 1260 1725 casu
1282 1660 1430 1745 apostoli
1452 1660 1505 1725 di-

318 1793 436 1853 cuntur
458 1786 664 1870 refutatorii.

414 1910 548 1987 Quando
570 1911 743 1996 appellatio
773 1910 957 1977 excluditur
980 1930 1002 1977 a
1024 1911 1100 1977 iure
1122 1912 1207 1995 ipso,
1232 1912 1276 1977 uti
1305 1913 1339 1975 in
1369 1909 1503 1977 casibus

318 2034 482 2117 expressis
504 2034 538 2098 in
553 2053 581 2098 c.
598 2052 625 2098 c.
643 2032 676 2106 5,
696 2031 727 2105 7,
745 2032 788 2098 15
805 2032 839 2097 h.
857 2036 878 2097 t.
894 2032 928 2095 X
941 2031 1038 2097 iudex
1061 2052 1083 2096 o
1102 2050 1169 2116 quo
1186 2052 1342 2117 respuens
1358 2029 1503 2118 appella-

315 2158 436 2222 tionem
458 2158 599 2243 applicat
621 2156 708 2228 iuris
731 2156 998 2242 prohibitionem
1022 2156 1055 2220 in
1079 2157 1198 2223 ceteris
1219 2156 1391 2241 appellatio
1416 2157 1500 2221 reci·

316 2280 434 2365 pianda
463 2282 516 2346 vel
552 2282 733 2367 respuenda
769 2288 819 2347 est
852 2281 984 2347 decreto
1015 2281 1128 2347 iudicis
1155 2282 1341 2366 superioris.
1374 2282 1497 2345 Tamen

315 2406 454 2492 perutile
478 2410 527 2471 est
549 2412 584 2470 ut
606 2404 704 2469 iudex
731 2404 881 2476 inferior,
904 2406 957 2489 qui
981 2412 1111 2469 causa'm
1141 2406 1204 2469 iam
1235 2404 1378 2491 agitavit,
1407 2422 1502 2468 suarm

314 2532 441 2618 aperiat
462 2536 603 2595 mentem
626 2531 785 2616 superiori
812 2531 845 2595 in
870 2530 1058 2597 dimittendo
1081 2531 1276 2617 appellante.

403 2634 479 2724 643.
504 2660 683 2723 Praeterea
704 2678 778 2723 cum
802 2659 1037 2740 apostotorum
1068 2659 1109 2723 sit
1136 2678 1251 2744 scopus
1281 2656 1418 2723 iudicem
1444 2680 1505 2725 su-

314 2784 476 2866 periorem
499 2780 695 2847 certiorandi
721 2781 761 2846 de
785 2785 870 2848 statu
895 2800 1020 2855 causae,
1048 2780 1177 2846 admissi
1200 2785 1276 2845 sunt
1298 2782 1394 2845 etiam
1418 2800 1505 2864 apo-

312 2904 390 2971 stoli
412 2906 681 2973 colaveationolcs
704 2904 770 2969 dati
787 2924 807 2968 a
823 2910 917 2989 parte
933 2904 1080 2977 adversa,
1097 2905 1223 2989 quando
1240 2906 1323 2971 haec
1338 2904 1505 2992 approbat

205 3027 208 3031 ’
313 3030 570 3116 appellationem.
591 3036 624 3097 et
646 3033 678 3096 in
695 3050 767 3097 eam
784 3032 872 3095 ultro
890 3033 1050 3097 consentit
1063 3051 1106 3097 ex
1122 3051 1198 3115 cup.
1215 3031 1262 3096 44
1281 3031 1313 3095 h.
1330 3036 1350 3096 t.
1370 3032 1411 3097 X.
1439 3034 1503 3099 lsti

313 3152 476 3217 tamenab
493 3154 561 3239 ipsa
577 3159 669 3239 parte
685 3159 844 3219 conventa
861 3176 918 3221 sou
934 3155 1094 3241 appellata
1111 3154 1289 3240 inscriptis
1305 3161 1505 3237 exarantur,

312 3276 340 3338 si
355 3275 453 3341 iudex
468 3277 530 3341 hoc
546 3276 656 3342 facere
672 3282 798 3342 renuat.
816 3279 901 3344 Dicti
925 3286 1000 3344 sunt
1024 3246 1174 3361 apostoli·
1193 3276 1232 3342 ob
1256 3275 1505 3345 similitudinem

312 3418 387 3465 cum
405 3400 478 3464 aliis
499 3399 613 3472 literis,
629 3400 742 3483 quibus
765 3401 864 3467 iudex
890 3402 1019 3467 dimittit
1042 3401 1273 3488 appellantem;
1298 3402 1354 3467 sed
1379 3422 1506 3468 revera

312 3532 386 3591 sunt
409 3526 582 3592 ulteriores
604 3526 818 3611 allegationes
844 3527 938 3593 datae
961 3548 981 3592 a
1003 3534 1096 3614 parte
1119 3534 1281 3595 conventa
1302 3549 1360 3595 seu
1386 3533 1506 3616 appel-

313 3652 388 3727 lata,
414 3659 450 3717 ut
471 3654 630 3718 sententia
653 3654 717 3717 iam
748 3655 962 3739 pronunciata
993 3652 1204 3721 confirmetur
1237 3654 1288 3719 vel
1320 3656 1353 3719 iu
1382 3656 1507 3722 melius

315 3777 519 3843 reformetur.

305 3891 307 3894 ’
401 3900 477 3965 644.
501 3901 553 3966 Ad
575 3903 744 3984 apostotos
766 3900 933 3987 petendos,
959 3904 1029 3967 iure
1054 3903 1281 3975 Decretalium
1298 3908 1425 3988 tempus
1449 3910 1508 3970 est

312 4026 454 4112 triptota
476 4027 610 4093 dierum
634 4028 673 4093 ab
696 4030 888 4114 interposita
905 4028 1136 4115 appellatione;
1154 4030 1251 4095 iudex
1267 4036 1376 4095 tamen
1392 4036 1506 4116 potest

291 4151 409 4214 etiam
431 4150 561 4218 brevius
583 4173 648 4217 non
673 4153 798 4239 longius
815 4158 941 4238 tempus
957 4158 1114 4230 statuere;
1139 4153 1181 4219 cf.
1207 4152 1406 4240 Schmalzg1·.
1425 4154 1458 4219 h.
1478 4162 1503 4221 t.

311 4291 347 4336 a.
365 4272 420 4346 77,
438 4293 500 4357 quo
517 4279 661 4359 tempore
677 4274 835 4340 inutiliter
853 4275 972 4361 elaps0,
989 4275 1160 4361 appellatio
1176 4281 1331 4341 censetur
1350 4275 1501 4351 deserta,

312 4412 355 4457 ex
384 4414 457 4479 cop.
483 4396 560 4460 611.
585 4402 605 4461 t.
637 4396 674 4461 ia
697 4398 721 4461 6
744 4396 804 4483 (ll,
839 4396 904 4485 15).
939 4398 1004 4463 Nec
1035 4398 1258 4483 intelliguntur
1287 4396 1503 4467 sufficienter
