3350 5117
320 264 386 331 132
843 284 928 330 raas
952 284 973 330 1.

410 403 483 469 102.
508 404 633 469 Verum
664 402 810 469 advocati
843 410 875 469 et
904 404 1127 490 procuratoris
1157 402 1263 469 ollicia
1289 403 1330 469 ad
1357 406 1498 469 invicem

315 533 478 620 distingui,
503 532 634 618 planum
659 536 721 605 est;
746 532 820 615 quia
843 531 1045 598 satisfaciunt
1067 532 1204 597 diversis
1226 534 1260 597 in
1284 531 1401 597 iudicio
1423 551 1495 616 par-

315 657 410 740 tibus,
435 659 579 742 quamvis
603 657 682 723 nihil
707 658 859 743 impediat
881 678 943 742 quo
966 660 1071 723 minus
1095 658 1179 723 idem
1203 665 1340 741 utroque
1359 678 1499 723 munere

316 786 472 871 fungatur
495 787 528 850 in
551 784 663 849 eodem
686 783 812 849 iudicio.
839 786 888 851 Re
911 784 1037 869 quidem
1061 806 1143 851 vera
1171 787 1241 869 quis
1271 785 1436 851 commode
1461 788 1496 851 in

317 908 433 975 iudicio
458 910 537 973 iuris
561 915 593 971 et
615 907 702 979 lacti,
727 906 795 972 sire
818 927 878 992 pro
902 913 1013 973 actore
1036 910 1106 975 sive
1129 926 1272 993 proruo,
1291 909 1499 991 quaestiones

318 1036 424 1116 potest
446 1032 621 1117 explicare,
639 1036 672 1097 et
695 1032 791 1096 etiam
805 1036 898 1095 actus
914 1032 1136 1117 processuales
1152 1052 1212 1116 pro
1227 1031 1387 1099 alterutra
1401 1038 1499 1119 parte

316 1176 449 1243 ponere,
473 1148 542 1221 eius
566 1175 735 1241 personam
767 1156 799 1221 in
827 1156 948 1221 'iudicio
978 1156 1104 1242 agendo
1127 1176 1170 1222 ex
1198 1155 1347 1221 mandato
1377 1174 1496 1241 procu·

318 1284 450 1348 ratorio.

408 1402 481 1467 103.
505 1402 684 1499 admodum
699 1420 780 1467 vero
797 1401 934 1489 nobilius
950 1408 999 1493 est
1014 1404 1243 1481 aduocatorum
1267 1400 1406 1491 officium
1422 1422 1498 1488 pro·

316 1528 478 1607 curatoris
502 1496 624 1609 officim
648 1535 683 1594 ut
706 1533 793 1615 patet
809 1550 852 1595 ex
868 1534 984 1596 natura
1000 1531 1143 1595 muneris
1159 1529 1315 1599 advocati,
1329 1530 1383 1612 qui
1398 1528 1498 1595 delret

315 1652 365 1715 ius
387 1652 533 1736 apprime
549 1651 669 1717 callere
686 1656 718 1717 et
734 1651 860 1717 dicendi
883 1658 987 1718 artem
1002 1652 1043 1717 ad
1059 1652 1212 1717 disertam
1227 1656 1496 1737 argumentorum

315 1776 558 1860 expositionem.
575 1776 781 1849 Procurator.
796 1796 814 1842 e
827 1782 951 1847 contra,
964 1777 1024 1844 etsi
1036 1783 1127 1841 actus
1140 1775 1247 1841 iudicii
1263 1775 1402 1861 expleat,
1417 1776 1495 1859 quin

318 1918 431 1964 eorum
447 1900 513 1964 vim
529 1899 697 1965 iuridicam
720 1899 888 1986 intelligat,
905 1900 1113 1966 nihilominus
1129 1902 1193 1966 iam
1213 1920 1270 1965 suo
1291 1900 1418 1965 muneri
1440 1918 1498 1963 sa-

315 2022 444 2089 tisfecit.
471 2022 675 2109 Quapropter
696 2022 736 2087 ob
760 2024 952 2108 gravitatem
976 2021 1090 2089 officii:

409 2148 439 2233 ll
463 2146 751 2239 utrumnum
780 2147 1012 2233 tui-emo
1038 2146 1215 2235 summm
1239 2153 1272 2211 a
1293 2145 1497 2241 {aemule

314 2269 458 2335 habitum
487 2276 537 2337 est
567 2270 736 2358 multisque
766 2269 909 2355 gaudens
938 2271 1134 2357 priuilegia
1158 2273 1179 2337 l.
1205 2270 1378 2338 laudabile
1401 2271 1434 2346 4,
1459 2272 1498 2353 6,

313 2479 400 2535 videri
421 2480 465 2534 cui
485 2497 540 2535 nou
559 2481 596 2534 sit
614 2480 781 2544 mandatum,
803 2482 825 2535 si
846 2482 927 2537 modo
946 2483 1090 2538 bonafide
1110 2484 1224 2539 accedat
1242 2484 1276 2537 ad
1298 2482 1442 2553 negotium
1462 2486 1494 2537 et

314 2592 415 2641 caveat
434 2590 523 2639 ratam
544 2603 602 2641 rem
620 2586 760 2639 dominum
779 2586 940 2641 habiturum
960 2594 1043 2642 etc.»
1063 2589 1140 2642 'lunc
1158 2588 1233 2644 anim
1259 2593 1422 2659 procurator
1439 2586 1496 2643 ha·

313 2694 396 2749 batur
416 2694 495 2765 quasi
513 2696 690 2765 nepotiorum
707 2706 802 2764 pastor
819 2696 848 2749 vi
866 2696 945 2766 quasi
965 2700 1125 2750 contractus
1149 2713 1197 2752 sau
1222 2696 1392 2766 praesumpti
1415 2713 1497 2750 man·

313 2796 380 2852 dati.
401 2828 435 2840 -
456 2798 530 2854 Haec
549 2800 715 2854 examussim
740 2804 888 2855 servantur
912 2800 973 2854 iure
992 2817 1052 2853 can.
1070 2828 1107 2841 -
1126 2801 1276 2857 Praeterea
1300 2802 1377 2871 rigor
1400 2802 1494 2855 civilis

314 2902 383 2956 iuris
401 2920 455 2957 non
477 2904 636 2974 patiebatur
654 2910 863 2973 procuratorem
875 2903 973 2958 haberi
985 2903 1141 2973 simplicem
1154 2888 1366 2973 mandatarium,
1379 2906 1426 2961 sed
1445 2924 1497 2961 ex·

314 3012 475 3080 postulabat
489 3013 582 3079 istum,
595 3013 629 3067 ob
647 3013 799 3069 cessionem
813 3012 878 3080 litis,
894 3014 954 3067 fieri
966 3014 1111 3068 dominum
1125 3014 1195 3080 lirim
1215 3014 1283 3069 adeo
1302 3019 1335 3069 ut
1351 3014 1499 3069 mutantia

314 3118 343 3173 in
363 3119 452 3188 ipsum
473 3126 680 3189 procuratorem
699 3122 826 3175 serretur:
846 3122 880 3174 cs.
900 3120 1008 3188 Gaium,
1028 3122 1046 3174 l.
1068 3140 1090 3175 c.
1111 3121 1162 3175 86.
1174 3150 1213 3163 -
1225 3122 1345 3177 Intentio
1367 3120 1493 3175 mandati

313 3230 500 3296 procuratorii
520 3236 581 3284 erat
600 3230 712 3285 cedendi
737 3229 816 3284 litem
835 3229 882 3285 sed
901 3246 956 3284 non
975 3247 1034 3285 rem
1059 3229 1223 3300 litigiosam,
1243 3229 1307 3283 hinc
1326 3234 1492 3299 procurator

314 3335 365 3399 ius,
379 3351 428 3404 par
442 3336 618 3401 senteutiam,
632 3336 813 3389 constitutum
831 3352 888 3390 non
906 3335 960 3389 sibi
978 3335 1026 3390 sed
1043 3336 1186 3390 mandanti
1211 3334 1387 3406 acquirebam
1405 3349 1496 3404 quare

312 3438 405 3494 dictus
423 3444 466 3495 est
481 3451 652 3512 procurator
670 3442 700 3495 in
717 3458 778 3495 rem
795 3443 928 3496 elicitam.
941 3470 978 3483 -
991 3441 1118 3508 Romani,
1127 3443 1174 3513 qui
1188 3440 1313 3497 solemne
1325 3440 1495 3509 habueruut,

314 3546 357 3601 ius
376 3546 460 3601 civile
480 3548 508 3600 in
527 3547 629 3602 melius
647 3547 805 3618 producere,
815 3547 1003 3603 convertendo
1021 3547 1100 3617 leges
1117 3547 1173 3601 iam
1198 3548 1325 3602 inductas
1342 3547 1373 3601 iu
1390 3564 1493 3602 novam

313 3650 441 3713 formam,
460 3649 605 3704 occasione
625 3649 747 3704 mandati
761 3648 946 3720 procuratorii
958 3649 1172 3705 introduxerunt
1184 3649 1337 3706 cessionem
1349 3648 1495 3703 actionum

313 3778 362 3816 seu
382 3758 595 3815 translationem
616 3760 815 3831 odlipotionum
832 3760 1027 3829 personalium
1045 3759 1079 3815 de
1097 3775 1154 3813 uuo
1179 3759 1207 3813 in
1232 3759 1326 3813 alium.
1346 3786 1380 3800 -
1399 3759 1495 3813 Antea

313 3842 565 3935 frequentaverant
590 3868 699 3918 tautum
725 3880 823 3918 reram,
847 3864 1067 3932 permutationes
1084 3881 1133 3918 sau
1152 3863 1358 3918 commercium.
1370 3890 1405 3903 -
1424 3862 1496 3918 Coe-

314 3976 414 4039 pernnt
434 3972 507 4025 anim
527 3973 597 4026 inire
616 3972 754 4027 cessiones
772 3972 914 4025 actionum
933 3988 996 4025 cum
1015 3972 1165 4025 intentione
1183 3970 1296 4026 cedendi
1313 3986 1368 4025 non
1380 3974 1493 4024 tantum

316 4076 394 4130 litem
413 4076 460 4131 sed
479 4094 540 4131 rem
559 4080 647 4149 ipsam
666 4076 700 4131 de
718 4094 774 4148 qua
790 4077 929 4147 agendum
948 4082 1023 4132 erat:
1042 4076 1107 4132 hinc
1126 4076 1201 4132 anati
1214 4080 1280 4131 sunt
1288 4084 1496 4147 procuratores

316 4190 344 4237 in
363 4204 424 4239 rem
443 4202 531 4239 suum.
552 4184 592 4240 Cf.
613 4188 632 4237 l.
651 4187 679 4254 4,
699 4190 716 4251 ἓ
732 4186 754 4253 1,
771 4190 800 4257 ff.
821 4188 865 4240 De
883 4187 1025 4253 eviction.‚·
1043 4190 1073 4241 et
1097 4185 1342 4249 lundis-Serenni,
1366 4185 1495 4239 Trattato

314 4290 394 4343 delle
416 4290 557 4351 Pandette,
577 4295 614 4357 §3
639 4292 795 4346 eor-258.
818 4320 852 4333 -
878 4291 1070 4347 Procuratoris
1088 4296 1118 4348 in
1135 4310 1198 4347 rem
1215 4311 1296 4347 suam
1314 4292 1421 4347 mentio
1439 4290 1494 4346 ha-

314 4396 396 4449 betur
414 4396 499 4451 atiem
519 4396 547 4449 in
567 4397 628 4450 iure
647 4412 706 4450 can.
721 4426 754 4439 -
