3350 5117
545 315 589 361 ou
613 314 752 362 runicus
776 311 1041 359 accuasmsrrcrs
1314 290 1382 357 579

197 456 270 501 can.
295 434 336 501 ad
358 436 462 500 litium
478 433 630 519 ambages
654 430 820 498 evitandas
837 435 870 497 et
892 431 933 496 ad
956 431 1135 517 spiritualia
1158 432 1289 517 negotia
1303 449 1382 496 san-

196 563 281 628 ctius
297 558 536 646 pertractanda,
553 559 615 623 iarn
635 558 731 623 enixe
747 557 971 624 inculcaverat
986 556 1122 621 formam
1138 556 1326 621 arbitralem
1343 562 1375 620 et
1432 588 1434 597 ·

199 683 365 770 pacificam
381 683 588 749 iudiciorum:
613 681 821 748 nihilominus
838 702 880 746 ne
898 681 1024 767 legibus
1040 684 1207 748 Ecclesiae
1223 682 1375 748 deessent

200 808 317 873 iudicia
340 808 459 893 optime
482 805 638 880 ordinata,
656 805 764 872 debuit
787 807 942 872 evolvere
965 805 1193 872 studiosissime
1209 803 1307 870 telam
1330 806 1378 870 iu-

198 930 367 1005 diciorum,
391 937 425 997 at
454 950 630 1017 progressu
654 932 807 1014 temporis
831 931 1044 1015 persentitum
1068 930 1130 995 luit
1152 930 1248 995 nimis
1275 928 1382 1014 impli-

201 1042 307 1121 catam
330 1056 472 1119 evasisse
494 1052 704 1138 quarumdam
728 1072 901 1119 causarum
923 1053 1161 1118 tractationem.

290 1181 366 1247 595.
392 1180 476 1245 Huic
504 1181 687 1244 necessitati
710 1179 878 1263 prospexit
902 1177 1000 1243 Olem.
1028 1178 1057 1241 V
1082 1179 1115 1242 in
1142 1179 1246 1246 Clam.
1271 1178 1307 1260 2,
1331 1179 1382 1245 Dc

200 1302 284 1375 iud,
307 1302 527 1367 determinans
550 1321 665 1367 causas
686 1302 868 1367 summatim
891 1300 1067 1387 agitandas,
1081 1301 1188 1366 aiens:
1216 1302 1385 1386 ‹Dispen-

203 1428 324 1494 diosam
349 1430 610 1514 prorogationem
633 1429 737 1495 litium
753 1428 862 1513 (quam
886 1427 1046 1493 interdum
1071 1448 1113 1493 ex
1136 1427 1242 1495 subtili
1260 1428 1383 1493 ordinis

203 1548 362 1615 iudiciarii
392 1550 618 1615 observatione
648 1570 819 1615 causarum
849 1550 944 1616 docet
967 1551 1169 1636 experientia
1193 1550 1381 1637 provenire)

204 1674 405 1758 restringere
435 1674 469 1737 in
496 1672 684 1756 subscriptis
714 1672 841 1737 casibus
872 1674 1048 1758 cupientes,
1072 1674 1259 1739 statuimus:
1293 1666 1329 1739 ut
1351 1673 1385 1737 in

204 1797 309 1862 causis
331 1816 430 1882 super
453 1796 672 1868 electionibus,
698 1795 963 1882 postulationibus
988 1797 1040 1861 vel
1066 1795 1302 1881 provisionibus
1326 1802 1383 1861 aut

203 1940 303 2005 super
325 1919 542 2005 dignitatibus,
556 1918 678 2001 officiis,
696 1920 938 1986 canonicatibus
958 1925 1013 1986 aut
1029 1918 1221 2005 praebendis
1245 1939 1302 1984 seu
1319 1919 1386 2003 qui·

205 2046 314 2113 busvis
336 2045 500 2113 beneficiis
523 2048 750 2114 ecclesiasticis
774 2052 829 2113 aut
852 2067 950 2131 super
973 2046 1105 2113 decimis
1122 2068 1182 2113 nec
1206 2068 1271 2113 non
1287 2068 1387 2135 super

205 2168 419 2233 matrimoniis
450 2173 482 2233 et
504 2171 611 2235 usuris
644 2174 677 2233 et
707 2187 761 2232 eas
792 2166 1012 2251 quoquomodo
1043 2166 1258 2253 tangentibus,
1283 2168 1389 2234 venti·

205 2295 318 2365 landis,
337 2294 469 2380 procedi
484 2295 592 2358 valeat
611 2290 795 2358 decaetero
818 2292 1018 2374 simpliciter
1033 2297 1064 2358 et
1079 2293 1122 2359 dc
1132 2294 1240 2377 plano
1257 2313 1299 2360 oc
1313 2294 1386 2360 sinc

203 2419 349 2500 strepitu
360 2417 477 2483 indicta⁸
492 2423 523 2483 ct
537 2418 652 2502 figura
668 2439 699 2481 ».
717 2416 788 2480 Hae
805 2434 922 2481 causae
946 2421 1022 2481 sunt
1044 2418 1238 2482 summarias
1259 2418 1383 2483 uicere.

208 2544 266 2608 His
282 2543 354 2607 addi
368 2547 497 2627 possent
512 2562 629 2607 causae
641 2541 874 2607 monachorum
891 2545 923 2606 et
938 2541 1180 2625 religiosorum;
1197 2562 1272 2627 arg.
1285 2562 1315 2607 c.
1330 2542 1388 2623 26,

206 2670 257 2735 De
279 2689 401 2736 occas..
426 2670 461 2734 X
474 2666 529 2755 (V,
549 2669 580 2755 l)
605 2673 638 2735 et
661 2669 804 2733 Ecetrae.
821 2702 865 2715 -
882 2666 1090 2752 Frequentes
1105 2705 1121 2716 -
1139 2669 1190 2735 De
1213 2669 1391 2735 tentarer

204 2812 291 2858 corn.
310 2828 353 2841 -
365 2790 584 2858 Sammariae
599 2811 678 2856 vero
694 2811 740 2856 ecc
754 2796 883 2856 natura
899 2810 1069 2856 causarum
1086 2797 1161 2857 sunt
1184 2793 1390 2875 quaestiones

207 2917 395 2989 incidentes,
420 2918 622 3002 quaestiones
645 2918 871 3002 possessoriae,
887 2934 1004 2980 causae
1028 2916 1265 2989 alimentorum,
1290 2936 1388 2997 xeno·

207 3038 398 3104 doctiorum
422 3042 454 3102 et
476 3037 559 3101 aliae
575 3035 605 3100 id
622 3054 724 3121 genus
740 3036 792 3100 vel
810 3036 951 3102 leuiores
967 3036 1021 3101 vel
1037 3038 1180 3103 celerem
1201 3034 1389 3123 processum

207 3161 425 3244 exquirentes,
451 3160 499 3225 cf.
525 3160 670 3233 Ferrari,
697 3156 828 3223 Suram.
851 3158 940 3234 inst,
959 3160 1007 3235 II,
1034 3159 1116 3225 907.

297 3281 373 3345 596.
398 3280 471 3365 Ipse
488 3280 636 3345 clemv
660 3280 890 3365 interpretatus
914 3286 963 3345 est
990 3277 1091 3347 Olera.
1110 3280 1145 3354 2,
1171 3281 1221 3347 Dc
1244 3282 1326 3355 iud..
1353 3282 1386 3345 in

205 3406 272 3470 alia
291 3403 393 3471 Clam.
408 3405 444 3480 2,
463 3407 572 3488 Saepe
588 3406 759 3492 contingit.
778 3406 828 3472 De
843 3407 933 3473 verb.
952 3408 1013 3493 sip.
1031 3406 1214 3475 decernens
1233 3428 1391 3493 quaenam

209 3528 386 3592 omittenda
408 3528 481 3601 sint,
498 3547 596 3612 quum
612 3527 727 3593 debeat
743 3527 875 3614 procedi
894 3529 1093 3613 simpliciter
1108 3535 1141 3596 et
1157 3531 1198 3596 de
1219 3532 1326 3613 plano
1350 3550 1394 3597 ac

208 3657 283 3718 sine
305 3653 447 3736 strepitu
470 3658 502 3719 et
523 3656 638 3739 figura
660 3654 779 3719 iudicii
803 3652 862 3739 (l).

301 3780 431 3847 Exinde
453 3784 560 3866 patet:

303 3901 333 3988 l)
365 3900 571 3968 omittendam
602 3922 672 3967 esse
699 3902 802 3968 libelli
831 3902 1035 3977 oblationem,
1060 3910 1094 3971 et
1124 3902 1275 3969 sufficere
1308 3906 1390 3989 quod
1465 3956 1466 3959 ,

207 4028 303 4089 actor
325 4030 483 4091 oretenus
504 4044 595 4089 suam
622 4026 808 4109 petitionem
832 4026 1166 4111 manifestatusque
1189 4028 1391 4094 solummodo

301 4200 339 4271 (l)
360 4200 535 4267 canonistas,
549 4201 588 4254 uti
603 4200 756 4270 Pellegriui
776 4202 794 4253 l.
807 4218 842 4267 e.,
857 4202 950 4270 plures
970 4204 1076 4257 faciunt
1089 4204 1345 4259 animadversiones
1366 4206 1394 4258 in

209 4301 337 4372 singulas
355 4302 498 4369 formulas,
511 4304 611 4374 quibus
630 4303 826 4374 concipiuntur
845 4306 980 4377 rescripta
998 4306 1183 4377 delegationis
1200 4327 1301 4365 marcae
1320 4328 1398 4365 suna·

211 4411 319 4466 mariae
337 4412 372 4464 ab
389 4412 508 4466 homine.
528 4411 566 4464 nt
585 4426 635 4464 nos
653 4410 793 4481 loquimur
812 4412 842 4467 in
861 4428 963 4481 genere
983 4414 1016 4468 de
1035 4417 1197 4470 summariis
1216 4438 1233 4471 a
1252 4418 1326 4474 iure.
