3350 5117
540 353 583 399 uu
607 349 745 398 runicus
770 349 1036 416 accrnmssrrcrs
1310 329 1376 398 649

197 476 304 542 ctione
321 494 546 560 expensarum,
564 495 643 560 quas
659 475 819 539 innuimus
836 473 986 540 derivare
1001 494 1095 559 posse
1112 495 1155 541 ex
1172 477 1376 542 correctione

198 600 253 665 vel
276 600 452 666 mutatione
475 598 584 664 libelli.
607 600 686 664 Nam
701 599 772 685 plus
789 600 926 683 petititio
949 606 1190 667 consummatur
1206 603 1239 665 in
1256 602 1376 677 libelle,

199 729 234 790 et
256 744 299 789 ex
321 721 431 788 libello
454 722 696 788 determinatur.

290 845 364 913 675.
389 843 590 912 Advertatur
613 842 784 927 aliquando
808 845 1028 928 quaestionem
1053 865 1269 931 expensarum
1294 865 1378 911 com·

201 970 381 1057 ponendam
412 989 482 1036 osse
513 989 578 1034 non
608 968 710 1034 solum
743 969 830 1036 inter
861 975 970 1054 partes
996 969 1170 1055 litiganteq
1194 970 1250 1035 sed
1281 971 1378 1036 etiam

201 1096 405 1162 interimam
429 1099 554 1180 partem
579 1097 611 1158 et
633 1111 789 1178 personas
811 1112 894 1177 quae
918 1094 947 1158 ei
971 1093 1005 1158 in
1028 1094 1144 1159 iudicio
1167 1113 1298 1181 operam
1323 1094 1378 1160 im·
1440 1117 1443 1123 ·

202 1220 392 1308 panderunt,
409 1221 519 1305 quales
535 1223 610 1286 sunt
624 1219 783 1299 advocati,
800 1226 1039 1306 procuratores,
1056 1240 1121 1284 non
1137 1221 1378 1304 acquiescentes

199 1344 370 1427 quantitati
391 1342 640 1408 honorariorum
664 1343 741 1426 ipsis
764 1341 1003 1424 attributorum,
1020 1347 1053 1407 et
1076 1347 1153 1406 tunc
1177 1341 1275 1407 iudex
1297 1343 1379 1407 inci-

199 1467 327 1532 dentem
352 1467 571 1552 quaestionem
595 1466 738 1532 resolvat
762 1468 853 1533 iuxta
876 1467 1083 1552 generaliora
1098 1467 1266 1552 principia,
1284 1487 1378 1553 appo·

200 1594 279 1657 sitas
312 1593 464 1666 actiones,
490 1598 522 1657 et
556 1594 688 1658 istarum
726 1613 938 1678 personarum
974 1594 1055 1658 iura.
1088 1593 1135 1660 cf.
1171 1595 1376 1668 Leureoium

202 1716 249 1780 tit.
272 1714 332 1789 27,
357 1714 429 1779 Lib.
455 1714 503 1796 ll,
528 1733 562 1799 q.
589 1713 659 1780 994
682 1721 803 1799 etseq.

291 1835 367 1901 676.
399 1835 501 1900 Adest
531 1835 612 1900 haec
649 1835 798 1900 notabilis
829 1833 1010 1902 differentia
1041 1838 1126 1901 iuter
1159 1838 1378 1920 quaestionem

199 1979 417 2046 expensarum
441 1959 715 2027 determinandam
741 1962 827 2026 inter
850 1967 961 2045 partes
982 1960 1157 2047 litigantes,
1175 1968 1208 2028 et
1231 1961 1378 2027 determi-

201 2082 340 2148 nandam
365 2085 450 2149 inter
481 2088 665 2150 extraneos.
683 2117 726 2132 -
743 2084 887 2167 Namque
911 2085 943 2147 in
967 2085 1072 2168 prima
1092 2085 1266 2170 hypothesi
1281 2083 1379 2149 iudex

199 2206 306 2271 etiam
322 2225 368 2272 em
389 2206 496 2291 officio
522 2207 555 2270 in
579 2225 737 2290 expensas
755 2205 972 2270 condemnare
989 2212 1103 2292 potest,
1121 2228 1178 2271 seu
1194 2207 1270 2291 quin
1285 2226 1378 2292 prae-

201 2329 338 2394 cesserit
353 2328 516 2394 instantia
538 2327 624 2393 illius
648 2329 738 2393 cuius
760 2329 909 2404 interest;
934 2330 997 2393 imo
1022 2329 1219 2394 consuetudo
1237 2328 1328 2394 adest
1344 2334 1379 2394 ut

201 2456 235 2519 in
258 2456 418 2520 sententia
450 2452 613 2520 definitiva
644 2454 869 2520 condemnatio
897 2474 1113 2539 expensarum
1145 2455 1378 2520 determinetur

199 2581 320 2665 absque
342 2580 440 2646 nulla
455 2581 592 2666 partium
609 2579 786 2660 instantia,
803 2580 920 2664 quippe
944 2579 1007 2644 hoc
1029 2577 1101 2645 fluit
1124 2599 1166 2643 ex
1188 2581 1268 2646 actis
1285 2581 1318 2643 in
1334 2581 1377 2645 iu·

201 2705 292 2770 dicio.
319 2705 345 2770 E
370 2712 485 2771 contra
508 2724 671 2790 expensae
690 2703 860 2789 dequibus
884 2707 1051 2788 quaeritur
1075 2707 1161 2769 inter
1183 2704 1322 2791 ligantes
1346 2710 1378 2769 et

198 2831 295 2896 aliam
319 2851 490 2916 personam
513 2832 728 2895 accessoriam
744 2831 777 2894 in
796 2829 932 2903 iudicio,
949 2850 1014 2894 non
1037 2828 1295 2896 determinantur
1315 2828 1376 2894 uisi

201 2951 243 3018 ad
265 2952 463 3019 instantiam
486 2952 644 3017 interesse
668 2950 826 3018 habentis.
862 2998 865 3007 .
