3350 5117
537 378 581 423 nn
605 376 742 425 ruurcns
766 376 1031 425 nccuusmsmms
1325 356 1364 421 71

190 500 231 565 ab
262 501 369 586 aliquo
400 522 525 568 canone
554 502 705 568 derivare
735 502 792 568 sed
822 522 846 567 a
876 501 1126 569 consuetudine.
1156 500 1251 567 Ratio
1282 502 1368 565 enim

189 624 360 709 analogiae
381 624 563 691 huiusmodi
588 624 732 711 deteqati
754 644 827 691 oum
850 624 955 691 iudice
978 623 1166 696 ordinario,
1190 624 1285 688 nimis
1312 642 1369 687 ur·

189 748 295 836 ganda
318 769 384 815 non
407 756 463 817 est.
489 786 532 799 -
557 752 791 836 Consequentia
818 751 962 837 practica
985 755 1051 823 est,
1074 747 1369 833 subdelegationem

189 892 255 939 nou
278 872 507 940 admittendam
524 895 595 941 esse
616 874 676 941 nisi
693 880 784 940 certo
800 880 926 941 constet
945 874 985 939 de
999 873 1152 959 legitima,
1165 870 1268 955 quoad
1281 869 1369 935 illam

188 999 366 1083 regionem,
391 998 629 1071 consuetudine,
653 999 698 1063 ait
723 998 776 1065 cit.
800 1002 888 1063 auct.
913 1000 935 1064 l.
959 997 1012 1064 cit.

279 1124 313 1209 5)
338 1126 447 1220 RQ
470 1125 635 1212 delegatus
657 1126 710 1191 vel
733 1145 793 1211 per
816 1145 851 1191 se
879 1126 933 1189 vel
960 1144 1020 1209 per
1041 1124 1140 1188 alium
1169 1142 1258 1187 suam
1290 1141 1370 1186 exe·

189 1252 299 1333 quitur
322 1252 523 1316 sententiam.
548 1284 592 1299 —
616 1250 769 1326 Quaestio
793 1254 918 1321 eatan
941 1248 1106 1334 delegatus
1137 1246 1176 1311 ab
1203 1246 1370 1330 inferiore

189 1374 295 1439 iudice
319 1376 387 1460 ipse
412 1376 529 1459 exequi
553 1394 642 1439 suam
666 1375 860 1439 sententiam
884 1372 992 1459 possit.
1015 1389 1058 1435 an
1081 1371 1186 1457 potius
1210 1390 1368 1454 exequen-

188 1494 261 1561 dam
287 1498 454 1564 remittere
484 1496 599 1562 debeat
629 1496 724 1563 iudici
752 1496 924 1584 deleganti.
955 1497 1007 1562 Ex
1029 1497 1100 1560 iure
1124 1495 1210 1560 civili
1234 1513 1369 1558 romano

189 1620 277 1709 (ary.
295 1624 317 1687 l.
340 1626 369 1686 A
392 1622 470 1687 dieo
494 1621 557 1689 Pie
573 1658 589 1669 -
603 1621 654 1687 De
669 1640 708 1687 rc
722 1621 824 1687 indic.
839 1618 1121 1708 (1⁹.)lrooalterum
1138 1617 1365 1703 praestandum

190 1752 286 1813 esset.
312 1747 383 1820 Sed,
408 1767 451 1813 ex
473 1749 544 1812 iure
566 1767 637 1812 can.
662 1748 772 1812 verius
795 1752 853 1817 est,
877 1745 965 1811 hunc
988 1744 1170 1831 delegatum
1193 1764 1286 1829 posse
1310 1765 1369 1830 per

189 1894 224 1938 se
253 1874 370 1957 exequi
398 1875 599 1944 sententiam,
621 1877 657 1937 ut
686 1878 799 1939 tenent
825 1872 935 1958 plures
963 1892 1035 1938 cum
1060 1871 1198 1943 Abbate.
1223 1873 1256 1935 in
1291 1890 1366 1954 cap.

188 1998 380 2067 Pastoralts
410 1999 537 2085 §quia
559 2020 650 2071 cero,
676 1999 721 2064 tit.
746 1998 806 2073 29,
827 1999 883 2065 tit.
907 2000 936 2071 1.
960 2004 993 2063 et
1018 1997 1133 2084 probat
1157 1992 1367 2063 Reiffenstuel

187 2123 219 2187 iu
251 2122 365 2189 eamd.
390 2124 436 2188 tit.
461 2142 494 2187 n.
519 2122 589 2187 110.
615 2122 706 2196 Quae
733 2123 893 2187 sententia
922 2121 1078 2186 tutissima
1107 2119 1278 2185 iudicanda
1309 2125 1366 2193 est,

189 2246 381 2329 praesertim
405 2246 433 2309 si
456 2246 566 2330 gravis
589 2244 697 2328 aliqua
718 2248 837 2329 urgeat
858 2262 965 2310 causa.

277 2370 311 2456 6)
336 2369 396 2435 Ille
418 2390 499 2435 vero
523 2370 573 2436 cui
601 2372 807 2436 commissum
838 2377 889 2438 est
918 2370 1038 2436 nudum
1069 2372 1278 2437 ministerium
1310 2392 1367 2437 seu

189 2494 347 2561 articulus
377 2514 443 2559 non
474 2493 751 2577 iurisdictionalis‚
776 2496 835 2561 etsi
859 2516 880 2561 a
903 2496 992 2583 Papa
1015 2495 1077 2561 hoc
1107 2495 1291 2561 mandatum
1314 2496 1365 2569 sit,

187 2639 252 2683 non
276 2626 382 2706 potest
404 2621 467 2687 hoc
491 2621 584 2686 alteri
609 2621 771 2707 delegare,
789 2622 873 2705 quia,
891 2641 910 2685 a
925 2622 1007 2702 iure,
1023 2623 1240 2705 praesumitur
1263 2620 1367 2685 electa

186 2740 347 2806 industria
369 2763 546 2827 personae;
571 2744 613 2809 cs.
639 2744 778 2829 Pirhing
801 2744 822 2808 l.
847 2764 874 2808 c.
898 2764 933 2809 n.
956 2741 1009 2809 13.

278 2863 332 2929 46.
365 2864 456 2929 Haec
487 2864 649 2930 innuenda
679 2870 773 2931 erant
803 2872 838 2931 ut
869 2865 1015 2950 publicae
1047 2867 1211 2951 potestatis
1241 2870 1366 2952 pateret
1445 2930 1449 2937 .

185 2988 305 3049 natura
329 3003 392 3068 qua
414 2985 512 3050 iudex
535 2983 674 3050 efficitur
689 2992 721 3051 et
736 2986 844 3072 pollet,
862 3006 988 3071 quaque
1006 2986 1157 3052 iudicium
1181 2988 1365 3052 necessario

185 3129 205 3174 a
236 3112 465 3177 namncticae
496 3116 529 3175 et
559 3111 602 3177 ab
630 3109 772 3178 arbitrio
801 3110 1050 3176 discriminatur.
1078 3112 1162 3176 Hinc
1193 3111 1291 3177 iudex
1317 3116 1366 3180 ast

184 3257 284 3302 causa
308 3236 452 3303 efficiens
475 3238 682 3312 iudicioru1n;
707 3245 739 3303 et
761 3240 787 3304 si
813 3238 910 3304 iudex
933 3244 982 3303 est
1005 3238 1188 3304 ordinarius
1215 3238 1365 3303 iudicium

184 3366 234 3427 est
257 3362 486 3435 ordinarium,
512 3365 537 3427 si
562 3362 727 3451 delegatus
758 3370 806 3429 est
834 3364 1045 3449 deteqatum,·
1068 3365 1094 3427 si
1118 3363 1365 3428 Ecclesiasticus

184 3484 478 3568 Ecclesiasticum5
501 3487 527 3551 si
551 3486 727 3551 saecularis
749 3488 946 3569 saeculare;
969 3490 1001 3550 et
1024 3488 1068 3550 ita
1091 3506 1199 3571 porro.

276 3608 328 3671 47.
355 3608 448 3672 Aliae
472 3607 643 3673 divisiones
660 3607 857 3673 ludiciorum
880 3609 985 3673 solent
1008 3607 1130 3673 desumi
1153 3628 1196 3673 ex
1218 3610 1290 3675 aliis
1312 3630 1365 3695 ge

185 3730 318 3797 neribus
342 3752 522 3797 causarum.
540 3732 677 3797 Ratione
697 3734 861 3799 materiae
884 3732 1035 3798 iudicium
1059 3736 1108 3797 est
1129 3733 1318 3815 spirituale,
1331 3734 1365 3798 in

184 3876 249 3941 quo
272 3876 371 3922 causa
393 3857 582 3940 spiritualis
605 3858 657 3923 rel
680 3858 854 3941 spirituali
875 3877 1016 3923 annena
1037 3862 1212 3933 tractatum
1236 3863 1363 3942 tempo-

182 3981 266 4053 rale,
290 3982 323 4044 in
348 4000 410 4064 quo
435 3979 474 4045 de
498 3998 534 4045 re
558 3980 727 4066 temporali
755 3985 787 4045 et
813 3980 1364 4067 profanaagitu1·.Uniuersalein

183 4120 245 4185 quo
269 4102 477 4169 contenditur
501 4102 541 4168 de
563 4104 669 4189 aliqua
693 4104 912 4171 universitate
938 4105 1069 4173 iunium,
1093 4106 1139 4170 uti
1167 4110 1215 4170 est
1245 4104 1362 4171 haere·

183 4226 273 4303 ditas,
299 4229 454 4305 ecclesia;
477 4231 646 4317 qenerala
664 4230 696 4293 in
717 4250 779 4314 quo
802 4232 909 4315 agitur
932 4230 972 4295 de
994 4229 1138 4315 pluribus
1159 4230 1283 4296 iuribus
1306 4232 1363 4296 sed

185 4356 344 4441 separatis
375 4376 433 4421 seu
462 4356 584 4421 nullam
616 4356 870 4421 univwsitatem
901 4353 1158 4428 conficientibus,
1191 4356 1284 4440 quale
1315 4363 1365 4423 est

185 4477 337 4545 iudicium
370 4482 504 4556 tutelae,
529 4478 743 4565 ncyetiomm
773 4484 961 4565 qeatorum,
985 4480 1163 4545 institutum
1186 4500 1284 4565 super
1307 4502 1363 4567 ge-
