3350 5117
301 276 365 349 124
822 297 907 345 runs
932 298 953 343 1.

296 410 386 476 nolit.
412 447 453 458 —
479 412 549 477 Non
573 433 665 479 secus
692 404 865 496 caput13,
884 413 936 479 De
957 413 1112 497 rescript.
1128 414 1163 478 X
1182 412 1264 499 (1-3)
1291 411 1470 497 exprobrat

296 534 477 603 huiusmodi
505 535 642 623 delegati
674 536 930 618 inobedientiam,
954 538 1061 604 aiens:
1088 558 1106 600 ‹
1129 556 1192 603 nec
1213 536 1305 602 enim
1327 536 1384 602 ille
1410 534 1472 620 qui

297 662 535 729 tantummodo
558 682 629 729 non
650 664 722 730 uult
743 662 913 735 interesse,
931 662 996 729 hoc
1016 660 1294 746 impossibilitatis
1308 660 1475 742 interpre-

296 783 422 851 tatione
444 784 533 851 valet
555 782 773 871 aliquatenus
795 785 958 851 eoretloari
973 803 1005 860 »;
1021 791 1055 851 at
1069 783 1241 870 subiungit:
1260 782 1362 848 <niti
1383 780 1476 864 forle

296 908 335 974 in
356 909 522 993 rescripto
545 908 594 976 cic
617 908 783 976 habeatur
796 927 1008 993 conpressum,
1032 909 1063 975 si
1083 927 1154 974 non
1176 926 1293 976 ornnes
1307 905 1477 989 interfue-

296 1034 368 1100 rint
389 1036 441 1101 cel
463 1034 566 1101 simul
589 1035 805 1120 nequiuerint
827 1041 887 1101 aut
909 1034 1090 1111 noluerim,
1114 1034 1308 1101 interesse»
1335 1033 1395 1116 (1).

526 1584 548 1666 5
573 1582 603 1647 4.
627 1582 678 1649 De
700 1584 811 1650 rnodis
833 1582 956 1670 podius
978 1589 1050 1649 inm
1073 1584 1244 1651 ordinarii

556 1714 628 1774 lum
643 1709 788 1796 deludoti
801 1709 925 1776 indicis
941 1715 1049 1775 cessat
1058 1714 1218 1793 potestas.

296 2008 512 2065 Snmmnrium.
531 2038 566 2052 ·-
583 2010 677 2066 96-97.
697 2010 767 2065 Tum
791 2012 848 2067 ord.
874 2017 934 2067 tum
958 1982 1048 2081 deleg.
1072 2002 1171 2066 indicis
1195 2014 1319 2082 potestas
1342 2010 1471 2082 pluribus

384 2118 472 2173 modis
490 2123 588 2173 cesset.

384 2400 438 2467 96.
463 2404 594 2468 Demuni
619 2424 714 2489 quum
739 2404 853 2471 iudicis
876 2402 1015 2471 officium
1039 2406 1083 2471 sit
1104 2406 1296 2471 exercitium
1318 2423 1396 2469 suae
1418 2424 1474 2489 po

296 2526 423 2592 testatis
445 2526 632 2612 legitimum,
649 2527 849 2594 considerari
872 2528 966 2595 debet
980 2528 1138 2614 quomodo
1153 2532 1260 2594 cesset
1281 2527 1395 2593 iudicis
1417 2547 1474 2592 or-

295 2649 414 2715 dinarii
437 2657 492 2716 aut
516 2650 654 2737 delegati
679 2658 828 2736 potestas,
853 2658 889 2718 ut
911 2653 974 2718 hac
989 2654 1085 2717 etiarn
1108 2670 1151 2716 ox
1173 2656 1266 2737 parte
1281 2651 1399 2717 limites
1415 2671 1473 2717 co-

294 2780 494 2860 gnoscantur
518 2774 612 2841 officii
637 2774 759 2842 iudicis

385 2898 504 2965 Iudicis
528 2898 684 2966 ordinarii
707 2902 849 2985 potestas
873 2904 996 2965 cessat:

386 3024 418 3111 1)
441 3043 500 3110 por
522 3031 666 3091 mortem
689 3026 893 3101 naturalem,
916 3023 961 3109 (2)
985 3025 1031 3090 ita
1054 3028 1161 3089 temen
1184 3028 1220 3089 ui
1241 3022 1354 3089 eadem
1373 3024 1472 3089 iuris·

294 3147 391 3215 dictio
411 3118 535 3215 ffi‘uno
559 3149 701 3216 subiecto
725 3152 879 3226 extincta,
894 3155 1005 3236 postea
1020 3151 1053 3213 iu
1076 3150 1140 3214 alio
1155 3170 1212 3215 seu
1229 3150 1262 3213 in
1278 3167 1468 3214 successore

238 3337 241 3345 ,
293 3274 411 3358 vigeat,
436 3277 489 3359 qui
513 3277 728 3341 antecessoris
756 3280 846 3341 actus
875 3276 1026 3359 prosequi
1051 3280 1083 3339 et
1106 3274 1269 3359 complere
1296 3273 1400 3339 valet:
1425 3273 1470 3338 cf.

383 3533 422 3602 (l)
443 3533 491 3589 Uti
512 3540 598 3605 petel,
616 3530 675 3590 sive
694 3534 826 3589 ordinarii
846 3534 905 3589 sive
923 3534 1047 3603 delegati
1071 3534 1171 3588 iudicis
1197 3534 1318 3589 officium
1344 3534 1472 3603 proxime

293 3642 410 3710 attingit
428 3658 571 3710 processus
589 3642 727 3696 iudicialis
745 3641 962 3705 ordinationem
977 3658 1062 3712 quaro
1082 3641 1116 3695 de
1133 3642 1188 3695 islo
1207 3639 1312 3711 aliquid
1337 3645 1400 3694 erut
1423 3656 1475 3693 ex-

294 3746 461 3817 plicnudum.

381 3852 420 3925 (2)
441 3853 598 3925 Aliquando
616 3856 701 3909 etiam
720 3854 859 3909 iudicialis
877 3855 999 3907 occurrit
1017 3854 1182 3924 disceptatio
1201 3855 1277 3908 circa
1289 3858 1408 3908 mortem
1427 3838 1472 3907 iuss

291 3964 361 4018 dieis
380 3964 522 4031 ordinarii,
535 3964 600 4035 quin
620 3964 763 4018 dubitatur
775 3981 811 4017 en
830 3980 928 4018 rovere
945 3962 992 4017 hic
1010 3968 1135 4017 mortuus
1153 3965 1198 4017 sit.
1215 3963 1340 4031 Ulcere,
1354 3963 1418 4035 quie
1436 3963 1466 4017 in

292 4070 458 4142 longinquas
478 4062 671 4140 peregrinatus
688 4071 825 4139 regiones,
843 4069 963 4124 reditum
987 4070 1056 4125 adeo
1074 4069 1175 4135 differt,
1190 4076 1223 4125 ut
1241 4070 1274 4125 de
1299 4071 1359 4125 eius
1376 4075 1471 4125 morte

291 4174 441 4230 vehemens
459 4176 619 4229 suboriatur
636 4174 764 4241 dubium3
778 4181 807 4230 ot
825 4174 891 4229 hinc
902 4190 938 4228 un
952 4176 1117 4230 beneficium
1131 4192 1179 4244 per
1191 4176 1299 4231 obitum
1306 4176 1466 4243 ‚vacaverit

292 4279 456 4334 Huiusmodi
466 4296 566 4334 causae
576 4278 683 4348 species
694 4277 812 4333 hebetur
830 4279 859 4332 in
879 4296 934 4332 una
943 4278 1109 4333 Placentino
1121 4279 1180 4331 diei
1190 4279 1233 4332 28
1245 4280 1368 4351 Ardenti
1381 4279 1466 4345 18415

290 4390 320 4442 ot
338 4386 367 4441 in
385 4387 441 4441 alie
461 4386 643 4457 Vezprimion.
664 4388 709 4441 dle
728 4388 749 4439 2
769 4388 838 4440 Maii
859 4386 946 4454 1896,
966 4386 1088 4441 definitis
1106 4386 1178 4456 apud
1198 4386 1224 4439 S.
1244 4388 1273 4441 G.
1294 4388 1401 4443 concil.
