3350 5117
309 279 378 344 276
553 261 557 268 ¹
835 302 919 350 rsus
943 303 963 349 1.

313 440 432 485 novum
457 421 803 521 oprsjmpedieudum.
828 420 892 518 Sed
916 425 1072 488 nuncians
1095 443 1160 487 uon
1183 429 1312 488 tenetur
1339 425 1495 508 accipere

317 545 510 626 continuem,
527 547 553 624 si
573 546 682 640 velent
703 547 805 636 batro-¹
818 552 886 628 tres
910 567 1040 616 menses
1066 568 1155 612 suam
1180 547 1348 612 absolvere
1371 548 1494 617 instau-

312 668 408 744 tiam;
432 672 507 755 quia
530 691 574 736 ex
596 672 617 738 l.
637 673 696 736 ult.
717 669 872 739 CoctEm
890 672 980 758 quib.
998 680 1183 740 cancrent.
1204 673 1355 740 ‹lllelius
1370 682 1420 739 est
1443 676 1493 739 in·

246 782 250 789 ⁴
312 801 401 861 tacta
412 797 484 860 iura
499 798 625 861 servari
642 816 736 881 quam
752 804 824 882 pest
839 817 969 864 causam
986 800 1190 866 vulneratam
1205 798 1382 864 remedium
1395 817 1493 882 quae-

309 941 386 987 rere
402 943 432 985 a.
457 921 520 987 Sed
533 924 570 1016 si
593 928 664 1008 post
686 913 754 990 tres
776 943 914 1008 menses²
931 944 1000 1010 arg.
1018 943 1092 1007 cap.
1109 923 1134 989 3
1150 923 1181 988 b.
1199 928 1230 1004 t,
1247 925 1406 1010 nuncians
1423 942 1491 989 nou

312 1044 501 1144 probauerit
523 1065 614 1126 suam
637 1047 857 1120 intentionem,
874 1051 1005 1112 tenetur
1028 1047 1115 1115 hauc
1129 1048 1310 1112 cautionem
1325 1048 1501 1132 accipere..

400 1169 476 1234 241.
502 1170 534 1236 Si
551 1189 594 1234 ex
609 1189 708 1256 opere
723 1173 787 1236 iam
805 1171 959 1254 perfecto
975 1170 1027 1236 vel
1043 1191 1063 1236 a
1078 1191 1125 1245 re,
1142 1175 1218 1258 puta
1232 1170 1272 1237 ab
1289 1170 1408 1236 arbore
1423 1172 1490 1236 iarn

312 1293 375 1357 iam
399 1291 567 1357 decidente
583 1292 615 1356 ln
631 1292 766 1358 fundum
780 1299 937 1373 nostrum,
951 1291 1102 1358 damnum
1118 1295 1278 1368 timeatur,
1292 1299 1363 1379 post
1379 1293 1487 1358 damni

309 1418 559 1490 nunciatiouem,
574 1418 680 1483 cautio
703 1419 823 1484 domm
845 1419 962 1503 insecti
984 1425 1202 1504 praestatura
1218 1421 1267 1484 rei
1289 1439 1491 1504 possessore,

308 1560 373 1624 qua
396 1560 467 1606 seso
490 1540 610 1628 obligat
632 1541 673 1607 ad
690 1541 841 1609 damnum
856 1543 1078 1616 avertendum,
1094 1544 1147 1608 vel
1164 1541 1445 1627 compensandum,
1459 1545 1488 1608 si

311 1665 395 1750 quod
413 1687 454 1730 ex
470 1687 528 1732 suo
544 1687 642 1752 opere
658 1667 836 1733 obveniret.
851 1669 1014 1734 cautionis
1029 1669 1152 1734 taxatio
1167 1669 1220 1733 vel
1235 1669 1337 1733 amice
1349 1666 1386 1732 fit
1401 1669 1492 1734 inter

310 1797 430 1877 partes,
454 1791 507 1856 uel
531 1792 709 1856 ministerio
731 1792 854 1866 iudicis,
878 1811 922 1858 ex
946 1799 1020 1861 voto
1043 1793 1105 1856 viri
1129 1794 1234 1877 periti.
1258 1829 1302 1844 -
1326 1794 1407 1858 Dein
1430 1791 1489 1858 fiet

306 1917 492 2001 petitorium
516 1915 677 1988 iudicium,
695 1935 757 2000 quo
780 1915 969 1984 decernitur
987 1935 1028 1981 an
1045 1921 1078 1980 et
1092 1916 1248 2000 quomodo
1264 1936 1490 2002 quaecumque

309 2039 416 2104 damni
441 2039 542 2104 futuri
565 2060 622 2104 seu
653 2037 765 2105 infecti
788 2060 886 2106 causa
916 2041 1078 2107 removeri
1101 2039 1224 2114 debent,
1249 2048 1283 2109 et
1311 2062 1354 2107 au
1378 2043 1489 2108 cautio

308 2161 428 2227 diutius
451 2162 646 2248 praestanda
668 2164 718 2228 sit.
743 2163 790 2229 cf.
815 2163 863 2229 tit.
887 2163 937 2229 De
959 2165 1087 2229 damno
1111 2163 1244 2246 infecto,
1267 2167 1303 2248 ff.

398 2288 473 2355 242.
502 2290 582 2352 ltem
605 2287 779 2354 nunciatio
802 2307 878 2353 nov.
896 2307 949 2370 op.
966 2267 1071 2373 potest
1085 2285 1157 2352 fieri
1177 2287 1489 2354 eutraiudicialito*

306 2409 347 2475 ab
372 2431 411 2476 eo
435 2413 525 2476 culus
545 2412 689 2490 interest,
707 2415 739 2474 et
760 2416 839 2475 tunc
855 2415 904 2474 est
919 2409 1059 2476 monitio
1075 2410 1264 2476 amicabilis
1279 2411 1343 2474 vim
1361 2411 1490 2478 babens

307 2535 382 2598 nori
398 2533 507 2618 operis
530 2533 754 2620 suspendendi.
767 2533 828 2600 Sed
854 2540 959 2618 potest
978 2531 1047 2598 fieri
1073 2535 1168 2600 etiam
1183 2534 1390 2601 iudicialiter
1406 2553 1486 2599 uun·

310 2663 405 2728 elatio
417 2682 479 2746 per
490 2661 700 2727 ministerium
716 2660 829 2727 iudicis
845 2663 1072 2747 praecipientis
1087 2661 1224 2746 aliquem
1241 2681 1261 2726 a
1276 2667 1368 2727 certo
1384 2681 1489 2747 opere

305 2783 472 2857 desistere,
489 2783 528 2847 ad
545 2785 730 2849 instantiam
743 2784 937 2848 nunciantis
954 2784 1162 2866 Quacumque
1175 2783 1301 2847 ratione
1316 2779 1383 2855 fiat,
1397 2781 1486 2847 dum-

307 2905 402 2970 modo
425 2911 559 2977 constet,
583 2906 823 2970 nunciatiouem
848 2906 967 2971 factam
990 2905 1098 2987 fuisse,
1124 2907 1149 2970 sl
1173 2905 1380 2969 nihilosecius
1403 2923 1488 2990 opus

306 3034 511 3111 prosecutum
528 3028 578 3099 sit,
592 3026 690 3092 iudex
701 3045 761 3112 per
771 3027 989 3092 interdictum
1004 3025 1255 3093 demolitoreum
1271 3023 1359 3091 iubet
1373 3027 1489 3090 emnia

303 3151 408 3237 redigi
434 3155 466 3216 in
490 3171 564 3217 eum
586 3158 793 3236 statumque
812 3172 866 3218 res
888 3156 1034 3238 tempore
1053 3152 1160 3217 sactae
1176 3153 1389 3218 nunciatiouis
1404 3171 1486 3218 ver-

302 3277 444 3350 sabatur,
469 3299 539 3364 arg.
564 3298 592 3344 c.
616 3299 644 3344 c.
668 3279 696 3354 l,
719 3279 746 3344 2
769 3279 799 3342 b.
825 3284 847 3343 t.

391 3403 467 3468 243.
486 3403 549 3468 Sed
565 3402 639 3488 quid
654 3404 743 3477 iuris,
757 3405 783 3468 si
801 3424 880 3489 opus
896 3404 979 3487 quod
995 3404 1146 3469 damnum
1163 3405 1262 3472 infert
1277 3409 1341 3475 iem
1356 3407 1485 3492 pridem

301 3529 344 3593 sit
366 3529 557 3612 perlectum,
582 3549 687 3613 neque
709 3549 730 3594 a
752 3531 889 3630 pristina
912 3531 1016 3594 forme
1032 3549 1171 3614 unquam
1188 3532 1287 3597 fuerit
1304 3531 1488 3600 mutatuml

301 3655 393 3718 Tunc
407 3655 458 3738 agi
473 3674 535 3718 non
553 3659 659 3738 potest
673 3654 714 3720 de
728 3657 934 3720 nunciatione
949 3657 1029 3722 noui
1045 3659 1161 3742 operis,
1175 3677 1279 3742 neque
1295 3657 1335 3724 de
1351 3659 1487 3727 damno

302 3775 437 3858 infecto,
462 3776 544 3859 quod
569 3796 684 3861 nempe
713 3775 874 3858 futurum
896 3798 1058 3844 veremur.
1085 3778 1165 3845 Inde
1188 3779 1282 3846 docet
1305 3781 1483 3866 Ulpianus:

302 3902 412 3967 «Hoc
438 3908 545 3966 autern
570 3900 718 3967 Edictum
746 3903 986 3986 remediumque
1018 3902 1125 3988 operis
1156 3904 1230 3968 novi
1261 3903 1486 3970 nunciationis

299 4025 457 4092 adversus
480 4026 590 4092 futura
617 4047 717 4112 opera
747 4014 911 4122 inductum
935 4033 997 4104 est3
1021 4048 1087 4093 non
1110 4027 1265 4094 adversus
1288 4029 1485 4113 praeterita,

298 4149 363 4214 boc
385 4155 443 4221 est,
464 4149 621 4216 adversus
649 4171 688 4216 ea
714 4171 797 4236 quae
820 4151 969 4217 nondum
993 4152 1080 4216 lecta
1110 4157 1194 4234 sunt,
1218 4171 1260 4216 ne
1283 4149 1379 4227 fiant;
1404 4172 1482 4219 nam

299 4272 326 4336 si
349 4272 425 4355 quid
449 4275 558 4358 operis
583 4274 683 4338 luerit
705 4273 835 4354 factum,
853 4275 936 4358 quod
959 4272 1030 4339 fieri
1054 4295 1119 4341 non
1142 4274 1260 4353 debuit,
1279 4279 1385 4342 cessat
1400 4276 1482 4342 Edi-

296 4402 386 4460 ctum
410 4396 450 4462 de
473 4399 581 4482 operis
612 4400 687 4463 novi
719 4400 925 4464 nunciatione
949 4401 1068 4466 eterit
1093 4401 1326 4468 transeundum
1357 4400 1398 4466 ad
1428 4403 1483 4467 is-
