3350 5117
326 213 394 279 560
852 236 936 283 rans
960 234 983 282 1.

415 356 571 421 Doctores
584 363 692 423 autem
707 360 850 425 unanimi
866 360 1026 425 sententia
1048 360 1165 427 docent
1180 368 1323 427 actorem
1341 382 1412 428 esse
1433 382 1505 429 oon·

325 488 485 547 tumacem
509 502 572 547 non
596 483 811 569 comparando
835 484 888 550 die
911 488 1084 552 constituto
1108 494 1141 551 et
1162 488 1234 553 loco
1258 508 1316 573 pro
1339 489 1391 554 ret
1422 508 1507 553 com·

325 608 501 692 paritione;
524 609 581 672 sed
604 608 779 673 advertunt
801 608 931 674 trinam
954 614 1011 676 aut
1032 629 1140 675 unam
1159 612 1432 694 peremptoriam
1457 630 1506 675 re

325 733 408 816 quiri
424 733 618 814 citationem,
631 739 666 798 ut
680 739 807 800 constet
821 754 895 800 eum
911 754 989 801 vera
1004 755 1075 801 essa
1092 742 1325 817 contumacem,
1341 757 1398 803 seu
1414 737 1504 802 nullo

323 856 466 941 legitimo
495 856 719 941 impedimento
747 856 885 922 detineri
914 878 976 941 quo
1009 861 1113 925 minus
1141 866 1337 947 compareat.
1366 862 1445 926 Nam
1471 864 1504 927 in

323 996 456 1065 genere,
480 999 638 1065 spernens
660 1000 757 1044 unam
780 980 964 1045 citationem
989 982 1053 1047 iam
1075 987 1125 1049 cst
1147 988 1345 1055 contumace,
1371 982 1428 1048 sed
1451 1002 1503 1047 sc-

324 1101 429 1167 cunda
452 1108 484 1167 et
506 1104 604 1177 tertia
627 1105 804 1188 requiritur
824 1105 932 1171 citatio
956 1112 1012 1171 aut
1028 1126 1091 1171 uua
1110 1108 1357 1191 peremptorio,
1375 1115 1410 1173 ut
1430 1128 1504 1173 con-

323 1231 388 1293 stet
409 1228 614 1294 iudicialiter
628 1229 668 1295 de
692 1232 903 1303 contumacia,
922 1237 954 1297 et
977 1232 1053 1297 hioc
1072 1232 1268 1317 procedatur
1292 1232 1334 1297 ad
1357 1235 1505 1318 apposita

323 1349 482 1415 remedia:
506 1350 548 1414 of.
574 1349 667 1415 Reiff.
692 1352 723 1415 h.
750 1359 770 1417 t.
794 1373 829 1417 a.
854 1354 925 1419 112.

412 1475 445 1557 4)
469 1476 610 1541 Gravior
624 1482 673 1540 est
689 1477 813 1543 actoris
837 1478 1040 1543 contumacia
1062 1498 1156 1562 quam
1179 1478 1241 1552 rei,
1266 1499 1338 1543 cum
1357 1478 1411 1543 ille
1428 1500 1501 1565 pro·

322 1602 488 1665 vocaverit
511 1602 670 1674 iudicium,
694 1603 749 1667 hic
773 1605 891 1668 invitus
908 1606 940 1668 in
966 1602 1116 1669 iudicium
1140 1609 1318 1669 conmotus
1343 1604 1401 1677 sit;
1426 1622 1504 1687 qua·

321 1731 456 1810 propter
471 1724 588 1789 tortior
610 1732 659 1791 est
674 1727 707 1790 in
730 1732 881 1793 actorem
897 1729 1114 1813 praesumptio
1130 1727 1253 1792 fraudis
1277 1733 1308 1791 et
1325 1727 1388 1794 doli
1405 1746 1501 1811 quam

322 1851 356 1913 in
377 1869 486 1922 reum,
512 1850 595 1916 unde
618 1849 716 1915 iudex
731 1852 879 1915 severior
903 1852 935 1915 in
958 1851 1048 1915 illum
1073 1870 1166 1935 quam
1184 1852 1217 1915 in
1241 1852 1335 1916 istum
1360 1872 1430 1917 esse
1449 1850 1502 1915 de·

323 1973 386 2039 bet.
412 1976 483 2040 Hoc
506 1976 638 2041 criterio
662 1976 759 2040 iudex
791 1977 835 2040 uti
860 1974 956 2041 debet
983 1976 1136 2041 facultate
1165 1979 1259 2041 etiam
1286 1977 1382 2042 iudici
1409 1976 1501 2041 dele-

322 2104 397 2184 gato
420 2118 575 2164 concessa
599 2102 630 2165 in
654 2120 729 2183 cop.
753 2099 811 2173 aa,
837 2100 887 2165 De
910 2102 965 2184 off.
992 2102 1110 2188 decep„
1135 2104 1169 2165 X
1182 2098 1221 2185 (Ι,
1243 2102 1299 2188 29)
1325 2108 1359 2168 et
1381 2104 1414 2167 in
1438 2104 1503 2169 c.1

322 2222 353 2287 h.
379 2228 399 2288 t.
424 2224 465 2294 X,
488 2243 604 2307 nempe
627 2223 817 2308 expectandi
842 2224 974 2289 citatum
1006 2245 1048 2290 ex
1078 2226 1240 2309 aequitate
1264 2228 1296 2291 in
1321 2246 1422 2291 unum
1446 2225 1500 2289 vel

319 2350 353 2411 in
376 2348 514 2413 alterum
535 2348 618 2413 diem
642 2349 729 2416 ultra
744 2351 916 2415 terminum
935 2352 1104 2430 citationis,
1121 2353 1197 2435 quin
1217 2351 1404 2419 declaretur
1421 2372 1501 2418 con-

320 2472 475 2546 tumacia;
492 2471 661 2537 dummodo
684 2478 791 2536 tamen
819 2471 916 2537 iudex
940 2493 1003 2537 non
1028 2475 1069 2540 sit
1091 2474 1274 2561 clelepatuc
1300 2476 1432 2559 eiusque
1456 2477 1502 2539 iu·

320 2596 463 2661 risdictio
478 2599 606 2682 expiret
621 2599 654 2662 in
669 2599 807 2662 termino
828 2601 1088 2683 prorogationis3
1105 2620 1206 2684 quare
1222 2600 1335 2666 inutile
1351 2602 1419 2665 eius
1435 2598 1503 2663 offi-

318 2722 402 2787 cium
425 2722 586 2787 evaderet.

408 2847 442 2931 ὅ)
467 2848 609 2931 Denique
632 2848 809 2913 declaratio
836 2850 1059 2913 contumaciae
1083 2855 1132 2914 est
1158 2870 1256 2917 causa
1279 2850 1442 2931 incidens,
1467 2858 1502 2917 at

318 2972 352 3038 in
375 2976 480 3039 causis
503 2973 655 3040 ciuilibus
678 2974 776 3060 iudex
799 2974 846 3039 od
870 2974 1067 3040 instantium
1082 2976 1195 3057 partis
1218 2974 1305 3041 hanc
1328 2974 1501 3042 declarare

319 3100 421 3173 debet.
445 3100 486 3165 ad
508 3098 700 3185 applicanda
730 3118 769 3163 ea
791 3098 936 3164 remedia
961 3118 1043 3182 quae
1074 3080 1246 3165 consulunt
1269 3101 1334 3167 iuri
1357 3104 1500 3187 partium

317 3224 459 3309 privato,
489 3244 604 3309 nempe
635 3223 833 3308 prospiciunt
865 3223 1083 3307 prosecutioni
1112 3228 1145 3288 et
1169 3221 1348 3289 definitioni
1379 3198 1505 3307 indicit·

318 3346 422 3411 altera
433 3366 558 3432 quoque
572 3351 665 3431 parte
676 3345 818 3411 absente.
832 3380 875 3394 —
889 3345 1000 3420 Quoad
1012 3346 1076 3411 alia
1087 3366 1166 3412 vero
1180 3347 1325 3413 remedia
1339 3349 1497 3432 poenalia„

318 3489 400 3554 quae
424 3476 630 3554 compescunt
660 3471 857 3535 contumacis
887 3476 1032 3554 spretum
1063 3472 1095 3535 in
1120 3470 1231 3536 iudicis
1257 3475 1497 3541 auctoritatem.

317 3594 415 3660 iudex
436 3594 581 3681 procedit
611 3615 656 3661 eut
682 3594 790 3679 officio
814 3596 911 3659 etiam
935 3596 967 3660 in
992 3596 1103 3661 causis
1130 3596 1295 3664 ciuilibus.
1323 3601 1362 3663 ln
1392 3602 1500 3665 causis

318 3718 550 3785 criminalibus
573 3723 605 3783 et
631 3718 702 3782 aliis
726 3717 757 3782 id
780 3738 883 3803 genus
909 3718 1153 3803 respicientibus
1177 3719 1295 3785 bonum
1323 3719 1497 3807 publicum,

317 3842 481 3908 ordinario
498 3844 698 3907 coutumacia
713 3861 758 3907 eoo
781 3843 888 3927 officio
905 3842 1099 3925 declaratur,
1117 3843 1173 3909 sed
1188 3845 1297 3925 etiam,
1312 3845 1498 3929 aliquando,

316 3968 364 4033 ad
385 3967 583 4033 instantiam
607 3968 833 4032 Procuratoris
850 3966 968 4033 fiscalis
991 3973 1045 4033 aut
1068 3969 1202 4035 alterius
1218 3970 1320 4055 partis
1340 3971 1431 4035 cuius
1447 3972 1498 4033 in-

316 4095 427 4156 terest.

405 4216 479 4282 568.
506 4218 566 4282 His
587 4218 781 4301 praemissis,
805 4216 972 4282 videamus
992 4217 1032 4282 de
1056 4220 1205 4284 remediis
1227 4218 1269 4283 ad
1292 4238 1498 4304 compescen-

316 4337 374 4403 dos
390 4344 607 4426 contumaces,
625 4338 716 4403 Haeo
738 4336 887 4402 accidere
910 4342 1015 4422 potest
1038 4337 1095 4403 sub
1119 4339 1239 4424 triplici
1263 4340 1342 4405 facti
1369 4342 1495 4426 specie:
