3350 5117
535 360 580 407 na
604 359 742 408 rnnrcns
765 358 1032 408 aconasmsrrcrs
1304 336 1373 404 293

184 484 333 552 naturali
356 481 402 570 (l)
428 482 621 550 extrinseco
655 503 727 550 non
760 481 883 565 tibere,
913 487 991 568 puta
1020 501 1040 546 a
1070 479 1238 554 bellua‚a
1269 481 1372 546 maris

183 611 391 694 tempestate,
415 607 475 674 sub
497 608 588 673 cuius
610 607 746 692 periculi
775 607 993 694 trepidatione
1020 611 1130 672 votum
1162 606 1299 694 emittat,
1324 605 1369 672 ci.

107 709 114 720 ’
182 749 266 814 cop.
288 731 333 797 17
353 732 405 798 De
426 733 546 819 repet,
579 732 614 796 X
642 731 717 816 (ΙΙΙ,
742 729 807 818 31),
832 732 887 798 vel
920 733 1016 796 etiarn
1048 731 1075 796 si
1105 735 1209 796 metus
1239 726 1294 796 fiat
1324 728 1370 796 ab

183 855 371 924 intrinseco
394 875 548 923 seucum
571 858 641 942 ipsa
663 876 718 922 rea
740 855 953 942 apprehensa,
974 875 1033 941 per
1056 873 1101 936 se,
1117 852 1366 938 trepidationem

187 982 279 1064 facit,
295 983 395 1048 veluti
418 985 532 1050 mortis
550 983 729 1070 periculum
743 982 798 1048 vel
813 1001 991 1068 poenarum
1008 982 1128 1048 interni
1143 982 1370 1060 consideratio;

181 1107 233 1173 cf.
258 1109 281 1174 Ι.
302 1109 357 1182 21,
379 1112 416 1193 17.
440 1109 472 1174 Ιι.
497 1115 518 1174 Ι.
546 1109 637 1174 Tunc
664 1114 768 1174 metus
789 1127 856 1173 non
880 1113 929 1174 est
954 1108 1099 1184 iniustus,
1125 1109 1199 1208 quia
1229 1129 1295 1174 non
1319 1113 1369 1176 est

180 1237 305 1298 contra
327 1233 509 1299 naturalem
532 1232 679 1299 ordinem
705 1235 842 1308 iurium;
866 1232 1022 1317 siquidem
1052 1233 1133 1298 iuris
1162 1233 1262 1298 laesio
1292 1231 1365 1298 fieri

184 1374 255 1420 non
278 1362 382 1443 potest
408 1357 564 1439 formalis,
587 1357 654 1423 nisi
677 1377 700 1422 a
721 1375 827 1423 cause
862 1356 970 1424 tibere
1000 1357 1192 1424 extrinseco
1223 1355 1365 1441 aliquod

180 1479 331 1546 atterius
365 1479 464 1546 tiberi
496 1481 628 1566 operatis
658 1479 712 1546 ies
741 1479 953 1562 impediente,
978 1483 1040 1544 aut
1065 1484 1293 1564 oppupeonte.
1320 1479 1370 1544 Re

181 1601 317 1686 quidem
339 1624 420 1669 vera
443 1605 634 1691 quicumque
657 1610 757 1686 actus,
769 1603 828 1669 sub
846 1602 1035 1688 gravissimo
1051 1608 1138 1668 metu
1152 1623 1224 1670 non
1239 1602 1364 1669 iniusto
1408 1659 1411 1664 ,

183 1727 319 1810 positus,
336 1727 433 1811 plena
454 1726 575 1793 fruitur
602 1724 762 1807 firmitate,
778 1732 812 1793 et
835 1727 868 1790 in
892 1726 955 1791 hoc
978 1745 1088 1790 omnes
1112 1727 1268 1792 Doctores
1291 1713 1367 1791 con·

183 1854 331 1918 veniunt.
357 1852 444 1917 Hinc
476 1858 565 1938 patet
598 1857 719 1918 metum
754 1871 817 1917 non
853 1872 924 1917 esse
958 1871 1074 1938 reapse
1104 1851 1277 1933 iniustum,
1302 1852 1365 1917 nisi

276 2134 315 2203 (l)
332 2133 457 2204 Denique
470 2139 502 2188 ut
514 2134 568 2188 rite
581 2131 757 2202 intelligatur
770 2133 843 2186 ratio
855 2131 985 2202 loquendi
1000 2147 1145 2197 canonum,
1156 2129 1261 2186 adverti
1282 2130 1367 2186 debet

181 2241 243 2291 eim
254 2254 310 2293 non
322 2255 433 2309 semper
451 2239 491 2294 ita
508 2241 596 2295 metui
605 2239 716 2309 opponi,
735 2244 766 2293 ut
780 2257 837 2310 per
855 2242 912 2293 uim
931 2238 1048 2294 alterius
1066 2243 1146 2292 actus
1164 2241 1366 2309 extorqueatur

180 2351 284 2402 contra
296 2349 357 2401 eius
372 2347 562 2414 voluntatem
572 2367 627 2420 per
643 2359 750 2403 metum
768 2353 861 2403 eutem
882 2349 954 2404 aiter
972 2348 1007 2402 ad
1026 2349 1231 2404 assentiendum
1251 2348 1365 2404 induca-

182 2459 239 2508 tur.
252 2454 325 2508 Nam
334 2455 445 2525 saepius
456 2454 586 2510 dicuntur
603 2455 697 2510 velere
716 2460 780 2509 acia
798 2456 889 2524 posita
901 2454 952 2510 cub
964 2457 993 2510 oi
1011 2455 1058 2510 sed
1072 2455 1173 2510 debere
1187 2454 1321 2520 rescindi3
1335 2454 1365 2510 in

177 2577 243 2631 cap.
256 2562 316 2614 2tc
329 2571 355 2626 Ι,
372 2561 414 2613 X:
427 2577 444 2613 a
460 2561 538 2615 Unde
550 2562 614 2631 quio
628 2578 698 2630 quae
712 2571 787 2614 metu
800 2571 827 2615 et
839 2565 868 2614 oi
879 2564 950 2631 fiunt
963 2564 998 2616 de
1014 2562 1077 2616 iure
1093 2561 1192 2615 debent
1205 2563 1235 2612 in
1248 2561 1363 2615 irritum

180 2670 316 2720 reuocari
328 2671 381 2720 etc.
392 2684 409 2718 a
421 2665 511 2727 Quare
529 2667 558 2720 iu
577 2667 696 2722 recitata
708 2667 849 2721 sententia
867 2669 910 2718 oie
928 2667 1078 2720 assumitur
1098 2680 1146 2734 pro
1165 2665 1266 2718 mentis
1281 2663 1366 2734 trepi-

177 2771 296 2826 datione
308 2772 344 2825 ob
354 2771 508 2840 periculum
519 2788 649 2841 praesens
659 2789 707 2826 seu
717 2774 832 2838 testona
842 2781 931 2826 metus
942 2787 1008 2826 vero
1018 2773 1052 2826 ob
1065 2769 1219 2840 periculum
1229 2771 1363 2824 futurum.

180 2876 244 2932 Hoc
255 2894 339 2932 sensu
358 2877 388 2931 in
407 2877 518 2932 rubrica
530 2878 606 2932 tituli
620 2878 825 2948 poniturzeDe
837 2880 881 2932 hia
894 2897 964 2950 quae
978 2880 1006 2931 vi
1017 2890 1142 2934 metusve
1156 2895 1240 2932 cauae
1252 2879 1324 2948 fiunt
1335 2891 1365 2943 »ς

180 2987 250 3056 quia
270 3001 368 3040 revera
384 2987 436 3039 eub
445 2987 561 3056 physico
574 2985 708 3042 violentia
719 2991 784 3040 acta
802 3003 856 3040 non
870 2988 942 3039 fiunt
961 2987 995 3039 ab
1008 2989 1119 3054 agente,
1132 2984 1179 3040 sed
1193 2989 1334 3054 ponuntur
1346 3001 1363 3038 a

182 3090 499 3163 violentoaggressore;
519 3094 610 3162 prouti
630 3094 752 3164 explicat
770 3113 829 3164 cap.
851 3097 874 3146 5
891 3096 917 3148 h„
937 3105 965 3154 t,
986 3093 1029 3146 X:
1048 3107 1064 3146 e
1085 3093 1286 3162 Distinguimus
1309 3109 1362 3146 au·

181 3199 243 3250 tem
262 3199 356 3278 utrum
375 3197 459 3268 isqui
478 3199 664 3252 communicat
682 3198 929 3252 excommunicatis
947 3197 1060 3262 invitus,
1072 3197 1108 3250 sit
1127 3213 1175 3266 per
1195 3201 1364 3252 coactionem

178 3299 334 3354 adstrictus
351 3305 402 3354 aut
421 3318 478 3372 per
495 3312 601 3356 metum
618 3302 761 3370 inductus3
781 3302 809 3356 in
835 3302 924 3372 primo
949 3319 1014 3356 casu
1040 3301 1126 3356 talem
1146 3318 1200 3356 non
1226 3302 1365 3356 credimus

178 3409 471 3465 excommunicatione
489 3410 587 3478 teneri,
608 3428 672 3464 cum
688 3412 778 3480 mepta
795 3413 856 3482 pati
874 3427 929 3481 qua
946 3427 1033 3480 apere
1052 3411 1242 3464 convincatur.
1268 3410 1299 3463 In
1318 3426 1364 3465 ee·

177 3515 280 3581 cundo,
299 3515 368 3570 iicet
384 3521 475 3570 metus
493 3520 621 3572 attenuet
639 3517 766 3586 cuipam.
778 3557 802 3570 ..
822 3517 1117 3572 excommunicationis
1136 3516 1200 3570 labe
1222 3517 1361 3571 credimus

182 3622 330 3693 inquinari
345 3641 370 3675 t.
390 3651 425 3665 -·
442 3624 473 3677 ln
491 3623 653 3678 definitione
672 3629 763 3678 metus
788 3641 804 3676 a
830 3624 909 3677 nobis
934 3623 1037 3677 tradita
1064 3622 1221 3677 excluditur
1240 3624 1291 3689 vis,
1315 3639 1364 3678 seu

177 3724 297 3794 physica
313 3725 422 3779 coactio
435 3729 463 3779 et
479 3724 725 3795 comprehenditur
742 3725 793 3791 vis,
811 3741 860 3780 eeu
879 3724 994 3778 moralis
1007 3725 1141 3779 violentia
1154 3726 1189 3778 ob
1203 3725 1358 3793 periculum

180 3845 322 3898 praesens.
343 3829 399 3884 Has
417 3830 540 3885 diversas
558 3829 734 3898 acceptiones
751 3831 794 3882 vis
813 3833 842 3882 et
861 3839 952 3882 metus
970 3829 1079 3882 notavit
1099 3827 1236 3897 Ulpianus
1256 3829 1284 3882 in
1301 3829 1324 3884 Ι.
1338 3829 1362 3894 Ι,

181 3937 265 3996 Quod
282 3949 381 4004 mnus,
399 3941 437 4011 ff„
457 3938 666 3994 aieneze01im
685 3939 726 3992 ita
743 3938 902 3992 dicebatur:
922 3941 996 4008 quod
1008 3941 1037 3991 oi
1054 3948 1180 3992 metusve
1199 3955 1302 4006 cauam·
1321 3941 1364 3994 eis

177 4043 257 4097 enim
275 4046 362 4100 tiebat
381 4045 486 4100 mentio
499 4051 614 4116 propter
630 4047 825 4100 necessitatem
841 4044 1000 4114 impositam
1019 4044 1188 4098 contrariam
1207 4044 1363 4112 voluntati;

177 4157 274 4208 metus
292 4154 424 4209 instantis
440 4155 487 4209 vei
505 4153 592 4208 futuri
612 4153 730 4224 periculi
755 4169 840 4207 causa
858 4152 960 4208 mentis
979 4151 1173 4221 trepidatione.
1194 4151 1247 4206 Sed
1266 4156 1363 4222 postea

178 4255 308 4312 detracta
326 4263 370 4312 est
386 4258 429 4312 vis
446 4258 638 4331 mentiojideo,
651 4259 717 4329 quia
735 4261 928 4328 quodcumque
947 4260 976 4310 ei
994 4257 1084 4310 atroci
1102 4257 1144 4324 nt,
1157 4256 1185 4310 id
1204 4267 1280 4312 metu
1292 4273 1364 4327 quo·

177 4376 236 4431 que
254 4361 315 4415 fieri
333 4361 462 4417 videatur
480 4379 505 4419 a.
525 4361 556 4414 In
576 4377 635 4432 cap.
656 4361 700 4427 14,
720 4361 764 4416 De
781 4361 914 4431 sponset,
940 4362 970 4416 X
987 4359 1043 4430 (tv,
1065 4359 1088 4432 Ι)
1114 4360 1220 4416 mentio
1242 4359 1362 4417 habetur

178 4476 271 4522 metue
290 4466 334 4523 rel
354 4470 517 4534 coactionia;
534 4470 565 4520 et
576 4466 617 4520 ita
629 4467 737 4520 coactio
755 4466 907 4520 assumitur
920 4482 970 4535 pro
983 4466 1017 4533 oi,
1032 4481 1081 4520 seu
1098 4465 1196 4519 morali
1210 4465 1364 4520 coactione.
