3350 5117
520 314 563 359 ou
589 312 726 361 ruorens
750 311 1016 361 nocuasmsrrcrs
1293 293 1353 356 141

178 434 285 507 citato.
311 454 370 520 per
405 436 513 499 Breve
548 434 629 501 solet
653 454 671 497 c
696 452 844 520 eousque
882 433 1114 501 advocationis
1152 431 1356 499 exercitium

177 558 286 625 εἰάωη
306 560 469 643 ponnitti,
482 578 659 644 quousque
682 564 791 627 certos
813 558 1053 625 ecclesiasticos
1075 558 1206 623 reditus
1224 558 1261 622 in
1276 576 1358 624 oon·

174 702 303 769 gruans
325 684 601 749 sustentationem
627 688 687 747 aut
710 682 908 769 beneficium
937 681 1154 748 residentiote
1175 680 1283 764 suerit
1305 700 1358 747 os·

174 812 356 873 secutus».
374 808 542 892 Nunquam
558 812 667 873 tamen
683 808 883 892 permittitur
897 812 954 873 aut
968 806 1157 872 conceditur
1175 826 1236 891 pro
1251 808 1357 872 causis

175 934 399 1001 criminalibus
422 934 638 999 criminaliter
660 934 751 1015 actis,
775 933 816 999 ob
838 932 1020 1019 periculum
1044 932 1304 1019 irregularitatis.

270 1059 343 1125 108.
368 1061 501 1125 Demum
523 1058 626 1125 verba
656 1058 806 1124 facienda
837 1064 911 1125 sunt
934 1057 975 1123 de
998 1058 1179 1145 Religiosis.
1203 1056 1356 1141 Monachl

173 1184 296 1271 aluus
320 1184 500 1275 Rsaaletes
516 1190 731 1276 Quorsum
748 1183 911 1273 punisse
927 1184 987 1267 pisi
1001 1182 1355 1268 rsout'iilntnoromii

173 1308 365 1412 Mouastprii
390 1312 423 1373 et
443 1306 740 1407 Quum
762 1308 914 1399 mand-ato
937 1308 986 1371 sui
1000 1308 1145 1397 praelab'
1170 1305 1355 1399 Regularis,

171 1449 251 1517 urg.
276 1450 350 1514 cap.
374 1430 410 1503 2,
435 1428 485 1497 De
503 1434 590 1512 post.
615 1426 650 1491 X
670 1426 778 1513 (131).
802 1464 847 1479 ·-
863 1430 988 1495 Verum
1009 1430 1041 1495 in
1069 1428 1169 1497 illem.
1187 1429 1220 1492 in
1244 1428 1357 1511 capt

171 1554 279 1621 Eoeioi
301 1555 324 1637 ὅ
345 1554 499 1621 Proinde
515 1591 533 1603 ·
550 1556 600 1620 De
632 1553 727 1621 Verb.
752 1553 878 1641 Signis.
902 1552 1023 1639 (v-ll)
1047 1550 1355 1643 excipiuntuera·

171 1679 485 1773 {1322leOE
508 1698 571 1742 non
595 1677 701 1743 solum
728 1682 893 1761 nequeunt
916 1696 988 1742 esse
1017 1676 1165 1741 advocati
1189 1676 1286 1740 etiam
1314 1674 1356 1740 da

171 1802 326 1867 mandato
349 1822 480 1868 auorum
504 1803 718 1888 superiorum,
741 1801 797 1869 sed
827 1804 961 1887 insuper
991 1822 1055 1867 non
1086 1807 1220 1887 possunt
1246 1820 1356 1887 perso-

170 1924 295 1991 naliter
317 1924 475 1989 adsistere
505 1924 670 1991 advoeatis
702 1930 735 1990 et
762 1924 1037 2010 procuratoribus,
1057 1922 1184 2008 quando
1211 1924 1353 2008 ipsorum

171 2048 305 2133 negotia
327 2066 387 2133 pro
410 2046 507 2113 rebus
529 2048 760 2133 temporalibus
783 2050 948 2135 agitantur
970 2050 1004 2114 in
1028 2050 1129 2113 ouria.

271 2336 308 2417 ,ἓ
333 2335 363 2399 l.
382 2370 400 2383 -
417 2335 468 2399 De
491 2333 750 2421 obligationibus
773 2342 804 2401 et
826 2336 960 2403 iuribus
985 2336 1241 2403 aduocatorum.

171 2544 392 2602 Samarium.
412 2574 446 2587 -
468 2546 525 2601 109.
547 2546 751 2601 revocatorum
775 2546 970 2616 obligationes.
989 2576 1023 2589 —
1046 2547 1104 2601 110.
1122 2548 1168 2601 lus
1192 2548 1227 2602 ad
1246 2552 1353 2603 certum

263 2649 453 2705 honorarium.
482 2680 516 2693 -
548 2652 606 2707 lll.
635 2652 778 2707 Nonnulla
804 2653 935 2723 stipendii
966 2658 1049 2723 pacta
1078 2653 1291 2708 interdicuntur.
1318 2681 1355 2694 -

266 2759 325 2814 112.
345 2760 470 2814 Moribus
491 2760 572 2816 hodie
591 2766 743 2831 receptum,
763 2766 795 2816 ut
819 2762 848 2815 in
873 2766 954 2817 coetu
979 2760 1040 2817 adr.
1059 2761 1186 2816 nonnulli
1211 2761 1295 2817 electi
1313 2762 1355 2814 vi·

262 2862 355 2932 gilant
374 2864 402 2917 in
421 2864 609 2935 obligationes
627 2870 656 2921 et
669 2866 738 2919 iura.
752 2894 786 2907 --
802 2865 860 2921 113.
874 2867 917 2919 An
930 2867 1080 2921 advocatus
1092 2884 1202 2937 semper
1220 2866 1353 2921 constitui

263 2966 365 3025 debeat
384 2973 434 3023 aut
451 2970 546 3039 possit.

266 3164 340 3230 109.
365 3164 700 3272 ΛΜΨ
724 3166 885 3251 publicum
909 3171 959 3275 est
981 3172 1014 3233 et
1036 3167 1142 3233 nobile
1165 3169 1241 3253 quia
1263 3168 1350 3233 iusti·

168 3291 236 3355 tiae
252 3288 534 3362 administrandae,
548 3308 630 3373 quae
646 3288 890 3357 fundamentum
907 3296 956 3356 est
971 3312 1156 3377 regnorum,
1175 3312 1233 3358 sua
1249 3312 1352 3379 opera

168 3414 323 3499 proxime
357 3412 494 3478 inservit
526 3410 583 3499 (l).
615 3412 743 3479 Exinde
772 3414 900 3499 patroni
931 3413 1141 3500 obligationes
1170 3436 1351 3503 pergraves

263 3677 304 3746 (1)
323 3677 528 3733 Advocatorum
546 3694 646 3732 munus
663 3679 809 3749 publicum
828 3683 871 3734 ast
889 3682 1014 3744 eatenus,
1026 3680 1093 3751 quia
1111 3680 1229 3734 interest
1247 3679 1353 3735 directa

170 3781 354 3852 reipublicae,
374 3780 426 3835 hoc
444 3798 544 3835 munus
562 3782 616 3837 rito
634 3782 705 3837 obiri
731 3784 835 3854 absque
853 3782 952 3837 fraude
976 3786 1006 3837 st
1030 3782 1179 3853 imperitia,
1197 3786 1227 3836 ot
1244 3782 1297 3855 bac
1318 3782 1353 3837 da

169 3908 257 3947 causa
276 3908 331 3945 non
350 3906 455 3957 omnes,
471 3892 531 3946 sina
550 3890 668 3957 delectu,
684 3892 718 3945 ad
737 3892 794 3947 tale
813 3910 913 3947 munus
931 3891 1181 3960 contaminasse
1203 3895 1222 3947 ii
1243 3898 1352 3948 tantum

169 4014 241 4071 quoa
261 3998 376 4053 idoneos
393 4014 453 4053 esso
472 4004 589 4053 constal.
610 3998 662 4055 Sed
682 4000 710 4055 iu
729 4016 793 4053 casu
813 3998 1098 4069 speciali,cuctoritas
1118 4018 1175 4071 qua
1194 4001 1282 4071 pollet
1299 4000 1350 4055 ad-

169 4104 298 4165 vocatus,
308 4103 352 4154 est
366 4102 480 4171 puteosa
499 4117 631 4155 emanans
649 4118 683 4156 ex
703 4100 849 4156 voluntate
867 4101 1014 4171 litigantis.
1028 4130 1063 4143 -
1076 4102 1131 4157 Pro
1148 4118 1183 4157 ea
1200 4107 1280 4171 parta
1295 4119 1352 4175 qua

170 4208 372 4263 advocatorum
391 4224 491 4261 munus
508 4208 543 4262 ad
562 4210 664 4263 bonum
686 4210 833 4279 publicum
858 4212 967 4278 spectat
992 4214 1020 4263 et
1045 4208 1110 4262 binc
1130 4211 1278 4279 publicum
1295 4208 1351 4264 dici

170 4318 266 4385 potest
284 4312 401 4383 pulchra
425 4313 555 4369 laudatur
573 4316 601 4369 in
622 4316 640 4369 1,
662 4316 706 4381 14,
728 4316 793 4369 Cod.
813 4316 857 4370 Da
875 4318 946 4369 Ado.
964 4318 1021 4369 die.
1045 4317 1113 4380 iuda
1132 4314 1235 4370 dieitur
1259 4315 1342 4370 enim:

170 4440 188 4473 a
201 4422 340 4475 Adeoooti
358 4423 406 4491 qui
424 4422 559 4475 dirimunt
577 4423 705 4491 umbone
723 4426 783 4494 [cito
803 4440 954 4477 cansarum
975 4438 1098 4493 suaeque
1117 4424 1288 4495 defensionis
1308 4424 1351 4476 oi·
