3350 5117
331 288 398 355 592
857 312 941 359 ress
965 312 987 359 1.

329 435 425 500 tionis
448 434 561 501 iudicis
583 436 698 522 culpae
720 436 893 510 tribuenda
915 457 980 502 non
1005 438 1056 503 sit.
1081 438 1129 503 cf.
1149 434 1244 504 Pacis
1268 438 1409 513 lordum,
1427 441 1510 507 Elu-

331 557 554 627 murationes.
579 598 621 608 —
645 560 699 626 De
720 580 760 627 re
782 560 864 643 toa,
890 561 937 628 tit.
962 564 990 637 1,
1006 583 1041 627 o.
1065 562 1116 629 28
1138 560 1198 647 (1);

420 682 454 768 3)
478 690 513 750 ut
535 683 758 769 promulgetur
789 684 842 751 die
869 705 934 751 non
965 686 1092 768 feriato,
1117 688 1178 753 nisi
1207 692 1326 772 agatur
1357 686 1397 752 de
1419 687 1511 769 feria

331 806 366 870 in
388 805 506 873 bonum
529 809 701 893 privatum,
717 810 769 874 cui
793 811 987 877 renunciant
1008 815 1135 895 partes:
1158 816 1192 877 et
1213 811 1305 877 horis
1327 812 1513 878 audientiae

332 930 503 1014 assignatis
525 949 568 995 ex
590 950 666 1015 cop.
688 932 749 1007 24,
773 931 823 998 De
846 934 902 1017 off.
926 932 1044 1019 deteg„
1068 934 1103 998 X
1123 934 1211 999 etin
1234 934 1306 1001 loco
1329 934 1511 1009 tribunalis,

332 1054 423 1119 iuxta
445 1075 590 1141 eaquae
612 1056 819 1123 disseruimus
843 1058 884 1124 de
906 1059 978 1125 loco
1010 1066 1042 1125 et
1064 1066 1211 1145 tempore
1235 1063 1419 1129 constitutis
1450 1080 1514 1148 pro

333 1179 980 1270 mmffifflmffinmm

422 1305 498 1372 611.
515 1307 606 1382 Quae
621 1314 798 1393 sequuntur
821 1311 983 1396 attingunt
998 1316 1123 1377 tantum
1145 1313 1336 1379 sententiam
1360 1313 1458 1378 latam
1477 1313 1514 1377 in

333 1449 487 1515 processu
509 1431 684 1499 ordinario.

427 1551 457 1638 1)
481 1554 533 1619 Ex
549 1575 575 1620 o.
592 1555 627 1620 5.
644 1556 675 1620 lt.
694 1562 714 1620 t.
730 1556 804 1621 ino
827 1555 884 1642 (ΙΙ,
905 1557 957 1642 14)
980 1560 1148 1624 statuitur:
1165 1557 1378 1641 (Sententia,
1403 1580 1516 1646 quom

334 1674 498 1757 scriptam
520 1676 576 1742 oeli
597 1696 621 1741 a
642 1677 754 1744 iudice
773 1678 1008 1765 litigatoribus,
1024 1699 1096 1747 oon
1110 1680 1259 1757 recitari,
1275 1682 1328 1748 cel
1345 1700 1451 1766 quam
1468 1682 1517 1749 ab

335 1798 409 1881 ipso
430 1800 563 1876 stando,
587 1820 658 1868 non
678 1802 826 1870 sedendo
846 1803 1004 1888 proferri
1026 1806 1198 1893 contingit,
1222 1806 1353 1873 nullius
1372 1807 1517 1891 penitus

336 1927 384 1989 eet
405 1927 568 1991 momenti
591 1948 620 1990 ›.
645 1927 705 1992 Est
726 1927 914 1993 solemnitas
936 1927 978 1993 ad
1001 1926 1244 2014 significandam
1266 1930 1381 1997 iudicis
1404 1936 1518 1997 aucto

336 2049 474 2113 ritatem.
500 2051 620 2117 Contra
643 2051 683 2117 de
704 2050 821 2117 iudicio
844 2052 1019 2117 summario
1042 2055 1152 2119 statuit
1175 2054 1274 2120 (ilem.
1300 2054 1343 2127 V,
1362 2075 1390 2121 c.
1406 2054 1441 2129 2,
1459 2054 1518 2121 De

335 2175 424 2241 verb.
448 2176 575 2262 signifi,
600 2181 635 2241 ut
665 2174 763 2241 iudex
790 2178 984 2243 sententiam
1016 2180 1132 2244 recitet
1156 2199 1174 2242 c
1198 2184 1295 2264 prout
1326 2179 1386 2265 ipsi
1409 2180 1519 2265 magis

337 2297 504 2382 placuerit
529 2304 618 2364 stans
640 2305 695 2366 aut
718 2300 834 2366 sedens
859 2320 890 2378 ›;

426 2491 467 2561 tl)
485 2491 565 2545 iuvat
576 2491 622 2545 hic
635 2494 738 2548 referre
758 2492 840 2547 huius
853 2494 1031 2549 auctoritatis
1051 2498 1220 2559 testamen
1236 2494 1334 2548 verbs:
1354 2508 1371 2547 ‹
1385 2494 1520 2548 Procedit

338 2602 432 2655 antem
450 2600 506 2653 iam
524 2598 599 2654 dicta
617 2600 699 2654 conc.
718 2601 862 2670 dispositio
880 2600 990 2672 quando
1010 2604 1122 2671 propter
1141 2600 1343 2671 negligentiam
1363 2602 1449 2671 ipsius
1465 2602 1521 2655 Or·

338 2707 438 2761 dinarii
457 2724 557 2761 cannae
576 2708 651 2762 intra
668 2708 696 2780 id
714 2713 824 2779 tempus
842 2725 897 2763 nou
916 2709 1109 2779 expediuntur,
1122 2709 1155 2764 de
1174 2726 1229 2781 qna
1251 2710 1428 2781 negligentia
1445 2728 1518 2767 con·

338 2817 412 2868 stare
431 2818 549 2884 oportet,
569 2820 599 2870 et
616 2818 651 2869 ob
670 2816 696 2869 id
717 2833 766 2885 per
784 2820 842 2871 tres
866 2817 941 2871 vices
960 2821 1057 2887 aperte
1075 2818 1257 2888 requirendus
1282 2824 1325 2872 est
1347 2816 1381 2872 de
1401 2820 1519 2889 expedi·

339 2919 429 2985 tione;
443 2924 472 2974 et
483 2921 516 2976 de
529 2920 686 2977 huiusmodi
700 2923 879 2995 requisitione
892 2924 1044 2979 docendum
1057 2926 1167 2995 (nempe
1179 2926 1217 2979 od
1228 2929 1311 2993 octo).
1326 2926 1403 2987 Quod
1416 2926 1439 2981 si
1454 2944 1521 2996 pro-

339 3032 401 3099 pter
419 3024 621 3095 negligentiam
633 3025 678 3081 vel
692 3025 828 3081 malitiam
842 3028 962 3097 partium
976 3028 1035 3082 sive
1048 3027 1211 3082 alterutrius
1223 3032 1273 3082 ant
1286 3034 1399 3099 propter
1414 3046 1519 3088 causae

339 3138 507 3211 gravitatem
525 3135 680 3204 contingat,
699 3152 754 3190 non
772 3136 896 3205 expediri
915 3141 1006 3191 cessat
1023 3136 1119 3199 Conc.;
1133 3136 1174 3191 ita
1192 3136 1252 3191 Sac
1266 3136 1368 3208 Congr.
1382 3138 1466 3193 Cone.
1483 3140 1521 3195 ed

339 3249 432 3317 ipsam
444 3254 534 3317 caput.
548 3243 678 3302 Barbosa.
691 3244 778 3313 alleg.
792 3242 837 3309 81,
849 3261 876 3296 m
891 3240 1036 3309 9,·1‹'rauc.
1051 3240 1108 3297 Leo
1120 3242 1150 3297 in
1167 3242 1312 3307 Theseum,
1322 3253 1398 3313 port.
1412 3246 1441 3311 2,
1455 3263 1478 3299 c.
1496 3247 1520 3313 1,

340 3371 367 3407 n.
385 3352 425 3405 72
437 3350 510 3422 quod
528 3350 557 3403 in
570 3348 656 3420 antiq.
669 3353 713 3404 est
725 3366 784 3419 cap.
798 3349 849 3413 103
863 3347 995 3419 Aloysius
1015 3348 1092 3402 Ricci
1105 3349 1134 3402 in
1142 3351 1231 3420 promi
1249 3368 1337 3405 aurea
1351 3353 1439 3405 recol.
1453 3354 1522 3406 334

340 3478 358 3512 o
372 3461 475 3530 prino,
486 3455 624 3511 Marches.
637 3464 667 3511 et
682 3454 730 3509 alii
744 3458 773 3509 et
785 3456 826 3508 ita
838 3454 1003 3508 habebimus
1022 3455 1101 3523 prim.
1115 3453 1174 3507 lim.
1186 3458 1284 3525 proed.
1299 3474 1359 3525 rep.
1373 3456 1407 3511 de
1422 3458 1522 3512 termi-

341 3560 440 3614 nandis
458 3560 548 3614 causis
565 3560 640 3613 iutra
658 3559 808 3614 biennium.
823 3557 925 3613 -Nec
944 3556 1045 3612 sufficit
1057 3556 1092 3610 ad
1110 3558 1328 3613 convincendum
1341 3558 1521 3613 Ordinarium

342 3666 376 3721 de
394 3666 569 3736 negligentia
587 3682 714 3719 recursus
738 3665 772 3718 ad
793 3665 964 3733 superiorem
983 3665 1124 3733 perviam
1143 3664 1282 3735 querelae,
1304 3664 1370 3735 quia
1390 3665 1523 3733 superior

342 3772 425 3827 debet
443 3771 592 3826 terminum
610 3770 732 3841 aliquem
756 3772 959 3839 competentem
986 3770 1140 3838 praefigere
1159 3768 1284 3823 inferiori
1303 3768 1472 3838 negligenti,
1492 3772 1522 3823 st

343 3881 397 3935 nisi
415 3896 448 3936 eo
466 3880 570 3950 elapso.
587 3884 773 3934 oausam'non
791 3878 875 3933 debet
893 3894 1024 3943 avocare;
1045 3877 1117 3931 Rota
1136 3877 1165 3929 in
1184 3876 1311 3931 Feltren.
1332 3880 1520 3945 canonicatus,

343 3985 415 4055 apud
434 3984 570 4040 Marches.
587 4001 656 4055 pora
674 3985 702 4050 2,
718 4000 786 4054 pap.
807 3984 849 4036 84
867 3984 901 4038 de
919 4000 975 4054 qus
993 3984 1116 4037 triferius.
1129 4010 1166 4023 -
1178 3982 1214 4036 nt
1232 3980 1286 4035 hac
1305 3980 1339 4036 de
1358 3998 1524 4052 causaque-

346 4090 397 4145 ties
415 4108 433 4144 a
451 4089 601 4161 Signatum
619 4090 724 4160 petitur
742 4089 871 4144 avocatio
890 4105 1035 4142 causarum
1054 4105 1089 4142 ex
1108 4090 1162 4142 isto
1180 4088 1281 4157 capite,
1300 4086 1361 4156 ipsa
1379 4086 1454 4141 solet
1472 4102 1524 4140 no·

344 4211 409 4248 vum
427 4194 577 4248 terminum
594 4193 736 4263 assignare
754 4192 901 4247 Ordinario
919 4191 953 4245 ad
972 4189 1180 4261 expediendum,
1196 4206 1251 4262 quo
1270 4188 1374 4259 elapso,
1388 4193 1417 4243 et
1435 4204 1522 4241 causa

344 4320 401 4357 non
412 4304 549 4374 expedita,
563 4305 597 4357 tit
609 4304 735 4357 avocatio
748 4308 778 4357 et
796 4302 953 4356 commissio
966 4300 1048 4355 alteri
1062 4300 1153 4355 iudici.
1169 4299 1280 4353 Riccius
1292 4298 1320 4353 in
1335 4300 1421 4369 praxi
1434 4299 1521 4353 rasel.

345 4416 409 4469 334
428 4419 489 4483 post
507 4413 644 4468 Mar-ches.
663 4415 698 4467 ab
717 4428 751 4467 so
770 4414 817 4467 cit.
835 4430 852 4465 a
