3350 5117
829 269 912 318 PARS
937 270 958 316 1.

749 517 864 584 Gneus
888 518 1034 584 Usieuu.

336 731 383 786 DE
403 731 504 786 MODO
524 729 737 792 EXEQUENDI
758 731 818 785 REI
837 730 886 786 ET
906 729 1117 786 FRUCTUUM
1140 729 1447 786 RESTITUTIONEM.

308 965 526 1023 summarium.
554 996 588 1010 -
615 967 677 1022 694.
697 967 843 1022 Sententia
870 967 1096 1024 condemnatoris
1113 967 1172 1023 sies
1190 967 1221 1022 iu
1239 965 1407 1038 possessorio
1425 965 1491 1019 sire

393 1074 423 1129 in
442 1074 575 1144 petitorio
599 1073 689 1143 exigit
712 1073 753 1128 rei
780 1079 810 1128 et
832 1075 974 1128 fruetuum
999 1073 1215 1128 restitutionem.
1238 1102 1276 1116 -
1299 1071 1360 1126 696.
1380 1070 1437 1125 Res
1455 1075 1489 1125 et

396 1181 503 1234 tructus
528 1179 612 1234 eliter
637 1179 763 1234 restituit
788 1195 930 1250 possessor
955 1181 980 1234 b.
1002 1182 1021 1234 t.
1039 1185 1070 1235 et
1088 1179 1171 1234 nliter
1189 1197 1226 1233 m.
1244 1181 1263 1234 t.
1283 1194 1430 1248 possessor.
1447 1207 1492 1220 -

396 1279 458 1335 696.
478 1280 637 1336 Traduntur
655 1283 782 1338 diverses
801 1285 942 1338 fructuum
962 1283 1076 1354 species.
1087 1311 1126 1326 -
1137 1283 1199 1337 697.
1219 1281 1360 1345 Quomodo
1378 1284 1491 1337 tructus

394 1387 526 1442 restituet
551 1402 691 1456 possessor
709 1403 744 1440 m.
765 1389 783 1440 t.
812 1415 848 1428 -
875 1386 938 1441 698.
966 1387 1062 1457 tuopte
1083 1388 1248 1457 possessoris
1266 1391 1381 1442 excusat
1400 1404 1419 1440 s
1437 1403 1488 1441 re-

393 1493 548 1548 stItutione.
569 1521 602 1536 -
620 1494 682 1548 699.
702 1494 845 1556 Quomodo
863 1511 932 1550 vero
951 1495 1059 1548 fructus
1077 1494 1210 1548 restituet
1228 1509 1368 1564 possessor
1381 1494 1406 1547 b.
1419 1495 1492 1546 t.-

391 1601 454 1654 700.
474 1601 517 1653 An
537 1615 677 1670 possessor
698 1601 725 1654 b.
744 1603 762 1654 t.
784 1605 915 1656 teneatur
939 1601 1087 1656 restituere
1112 1601 1220 1654 fructus
1244 1603 1428 1669 consumptos.
1446 1627 1491 1640 -

394 1708 457 1762 701.
478 1710 501 1760 A
521 1706 571 1760 lite
593 1711 751 1762 contestata
780 1725 877 1762 ornnes
903 1709 1010 1761 tructus
1037 1708 1067 1760 in
1095 1707 1273 1760 restitutione
1301 1705 1425 1760 veniunt.
1448 1733 1493 1746 —

396 1813 460 1866 702.
481 1811 625 1882 Expensse
645 1830 711 1868 vero
730 1813 912 1869 diversimode
932 1813 1097 1868 reficiendae
1114 1816 1180 1865 sunt
1204 1811 1353 1880 possessori
1371 1811 1398 1864 b.
1417 1812 1436 1863 t.
1455 1814 1491 1865 et

394 1920 543 1990 possessori
564 1937 598 1974 m.
618 1922 637 1974 t.

396 2139 471 2204 694.
498 2139 536 2202 In
561 2138 756 2221 exequendis
791 2139 959 2204 sententiis
986 2139 1019 2202 in
1046 2137 1172 2204 iudiciis
1194 2137 1398 2223 possessoriis
1427 2140 1489 2200 aut

307 2264 465 2348 petitoriis
488 2262 519 2326 id
543 2263 660 2348 egitur,
674 2268 709 2327 ut
732 2265 780 2326 rei
804 2262 962 2347 possessio
984 2262 1039 2326 alii
1063 2263 1240 2346 possessori
1262 2259 1315 2324 vel
1339 2259 1399 2344 ipsi
1426 2257 1488 2323 do-

310 2387 397 2450 mino
421 2385 590 2451 tribuatur.
616 2385 725 2461 Quare
748 2385 979 2471 dispiciendum
1003 2391 1052 2449 est
1074 2385 1257 2469 praecipue,
1281 2402 1324 2448 an
1340 2383 1373 2447 in
1388 2382 1487 2448 resti·

305 2509 429 2574 tutione
452 2511 501 2574 rei
525 2510 658 2574 veniant
680 2511 774 2576 etism
800 2511 935 2582 tructus,
949 2517 982 2576 et
1004 2530 1046 2574 au
1076 2510 1221 2574 universi
1251 2513 1308 2572 eut
1338 2506 1487 2574 nonnulli

310 2634 545 2710 tantummode
570 2640 604 2700 et
626 2634 783 2718 quomodo
802 2653 969 2720 possessor
984 2633 1025 2699 de
1048 2635 1199 2719 expensis
1221 2636 1253 2698 in
1277 2653 1316 2698 re
1339 2652 1489 2718 possesse

307 2758 402 2823 tectis
425 2757 583 2822 indemnis
605 2757 719 2824 haberi
742 2757 868 2824 debeat.

396 2879 472 2946 695.
498 2883 536 2947 In
560 2883 764 2948 restitutione
787 2883 851 2948 duo
874 2883 1018 2955 veniunt,
1031 2883 1134 2966 ipsum
1150 2882 1199 2947 rei
1214 2900 1340 2964 corpus
1353 2887 1387 2946 et
1406 2880 1487 2962 frte·

305 3012 401 3090 stem
425 3006 480 3071 sed
503 3006 601 3071 aliter
623 3006 705 3073 haec
728 3009 868 3073 restituit
890 3007 920 3072 b.
938 3006 961 3071 t.
986 3026 1160 3093 possessor,
1184 3007 1281 3074 aliter
1303 3027 1345 3072 m.
1369 3006 1392 3070 f.
1416 3027 1490 3092 pos·

304 3151 421 3196 sessor.

401 3255 512 3330 Quoad
537 3257 585 3321 rei
608 3276 735 3341 corpus,
761 3254 791 3320 b.
808 3257 831 3320 t.
856 3276 1021 3342 possessor
1043 3256 1107 3321 hee
1129 3257 1255 3321 ratione
1279 3257 1428 3326 restituit,
1441 3275 1489 3320 ne

310 3399 379 3446 rem
404 3381 541 3446 alienam
566 3380 716 3452 detineat,
738 3399 820 3464 quae
843 3380 984 3446 naturali
1014 3382 1086 3446 iure
1108 3381 1225 3447 clamat
1247 3380 1288 3446 66
1310 3380 1486 3445 domiuum.

309 3507 484 3573 Possessor
507 3528 586 3573 vero
610 3527 650 3572 m.
676 3508 698 3572 f.
723 3507 763 3572 66
787 3506 1020 3572 restituendum
1051 3508 1187 3592 cogitur,
1201 3507 1276 3590 quia
1297 3505 1390 3590 furis
1411 3507 1489 3574 todo

308 3638 375 3708 est;
400 3653 501 3716 quere
532 3635 557 3698 si
585 3653 639 3698 res
663 3633 806 3699 deterior
828 3633 870 3696 sit
900 3633 987 3698 tecta
1009 3633 1062 3697 vel
1093 3651 1170 3698 essu
1200 3634 1345 3716 perierit,
1365 3632 1428 3697 hoe
1451 3635 1486 3698 in

305 3757 509 3822 restitutione
532 3757 762 3824 aestimabitur.

399 3881 475 3946 696.
492 3884 536 3946 At
552 3881 743 3965 implicatior
760 3888 808 3946 est
820 3883 980 3966 inquisitio
996 3880 1099 3965 quoad
1115 3875 1240 3946 fruetus
1257 3878 1486 3946 restituendos.

312 4042 356 4057 ·-
380 4007 520 4072 Fructus
536 4006 567 4070 in
585 4025 706 4090 genere
729 4009 787 4080 est,
804 4005 915 4072 omnis
945 4003 1097 4072 obtentio
1124 4024 1213 4090 quae
1242 4003 1488 4088 quovismodo

297 4132 523 4216 arentique
541 4130 756 4215 perceptum
779 4130 834 4196 sed
851 4130 892 4194 66
907 4151 977 4196 rem
1000 4135 1144 4196 nostram
1168 4131 1295 4196 tructus
1316 4133 1401 4211 sunt,
1425 4129 1488 4214 qui

312 4260 504 4339 supersunt,
530 4254 682 4320 deductis
705 4255 873 4337 repensis,
898 4274 987 4339 quae
1008 4253 1301 4340 quaerendorum,
1325 4253 1487 4339 eottipen·

308 4379 487 4447 deremet
509 4379 687 4464 flnctuum
711 4380 1025 4447 conservandorum
1048 4379 1163 4465 pretia
1184 4381 1280 4467 fiunt.
