3350 5117
506 325 550 371 nu
575 324 713 371 1uo1c11s
737 322 1002 372 accuesmsrrms
1276 309 1343 374 403

161 448 238 521 det,
263 449 297 512 X
318 446 356 533 (Ι,
374 446 444 534 29);
469 446 511 511 ci.
529 447 737 533 Schmalzgr„
756 448 786 511 h.
805 452 825 512 t.
842 468 877 512 n.
894 447 978 531 3-6,·
1000 450 1081 515 inst.
1108 450 1142 515 S.
1169 450 1205 516 C.
1222 451 1341 516 Ede!

162 567 235 634 aa.
261 569 298 633 11
321 568 396 635 ran.
416 568 519 643 esso,
544 574 608 634 arr.
632 568 692 649 ea,
716 567 774 640 33,
799 567 859 649 eo,
884 570 926 634 m
949 569 1005 655 (ι).
1268 541 1272 548 '

253 694 355 760 ludex
372 695 450 759 eccl.
464 696 609 780 apprime
621 714 699 779 prae
712 695 812 759 oculis
828 694 947 760 habeat
959 696 1046 759 Trid.
1062 694 1158 761 (lonc.
1173 694 1339 761 decretum

161 818 195 882 in
210 835 291 882 sess.
307 817 367 891 25,
385 836 459 901 cap.
478 818 539 890 10„
553 817 636 910 quod
653 822 776 882 monet:
797 836 815 881 ‹
833 823 903 883 tam
919 819 1116 885 ordinarios
1131 838 1239 904 mam
1255 821 1348 886 otios·

160 957 393 1023 quoscumque
407 939 536 1005 indices
551 944 587 1005 at
603 939 827 1005 terminandis
843 941 966 1022 caasa,
983 948 1113 1025 qnanta
1129 942 1205 1028 fieri
1217 950 1343 1026 potae·

161 1064 207 1128 rit
222 1064 392 1138 brevitate,
405 1066 562 1131 studeant
570 1086 583 1149 ,·
600 1086 642 1132 ac
657 1066 867 1151 litipotoram
882 1066 1013 1132 artibns
1023 1086 1083 1133 sea
1099 1069 1136 1132 in
1151 1068 1218 1133 titis
1234 1075 1342 1134 conte-

162 1188 306 1256 statione
321 1208 380 1255 sen
403 1191 474 1255 atio
487 1196 587 1272 parte
611 1189 728 1256 indicii
752 1190 953 1273 differenda,
970 1192 1081 1257 modis
1103 1191 1260 1258 omnibns
1282 1200 1344 1257 ont

162 1312 300 1377 termini
313 1314 528 1395 praestatione
552 1320 612 1379 ant
635 1314 836 1397 competenti
860 1314 932 1379 atio
955 1315 1090 1379 ratione
1104 1322 1291 1381 occurrant
1309 1338 1342 1379 ».

253 1435 328 1500 369.
354 1433 458 1501 Iudex
481 1458 570 1511 vero,
588 1437 723 1504 arbitrio
748 1457 815 1509 suo,
833 1437 993 1511 coneedit,
1018 1444 1173 1523 prorogat
1188 1445 1222 1505 et
1245 1442 1341 1505 etiam

163 1563 310 1623 coarctat
332 1560 487 1624 terminos
511 1559 697 1625 dilationum
713 1565 838 1625 tantum
863 1560 1078 1626 iudicialium
1100 1567 1134 1626 et
1157 1564 1344 1630 conventio·

164 1684 309 1758 notiam,
327 1686 467 1749 exclusis
491 1686 663 1771 lepatilms,
681 1706 817 1770 quarum
841 1687 998 1750 terminus
1021 1685 1061 1750 ab
1084 1688 1154 1771 ipsa
1176 1689 1249 1773 lege
1273 1709 1344 1774 per·

163 1809 341 1893 emptor-ius
364 1812 500 1875 statutus
524 1808 600 1883 iuit;
626 1810 670 1873 ita
701 1807 892 1873 decendium
916 1807 957 1872 ad
980 1808 1205 1894 appellandum
1228 1830 1249 1874 a
1272 1812 1344 1877 iure

164 1949 389 1995 concessuma
413 1930 516 1996 iudice
541 1932 712 2017 prorogari
737 1931 789 1995 vel
807 1934 969 1997 coarctari
993 1952 1057 1996 non
1073 1937 1186 2017 potest.
1205 1932 1343 2007 Quinam

164 2059 228 2123 sint
251 2059 304 2122 isti
327 2078 420 2123 casus
440 2058 628 2123 dilationum
644 2058 807 2143 tepolinm
824 2078 882 2122 suo
898 2058 970 2122 loco
986 2058 1122 2124 dicetur.
1136 2060 1261 2124 Verum
1279 2080 1343 2123 nori

165 2204 278 2249 omnes
302 2183 470 2247 dilationes
485 2202 505 2246 a
520 2182 593 2268 lege
616 2200 790 2248 concessae
806 2187 882 2247 sunt
905 2185 950 2246 ita
972 2185 1209 2269 peremptoriae
1226 2186 1257 2248 in
1275 2186 1341 2249 sois

130 2377 133 2387 ,
165 2308 322 2387 terminis,
343 2310 378 2370 ut
408 2306 556 2371 aiudice
586 2306 758 2391 prorogari
782 2306 1002 2389 nonpossint,
1027 2309 1072 2370 uti
1102 2312 1197 2371 cavet
1220 2326 1295 2389 cap.
1320 2306 1344 2369 4

164 2435 201 2498 in
227 2435 330 2500 Clern.
356 2434 406 2497 De
429 2434 588 2515 appellat.
614 2430 671 2515 (ΙΙ,
699 2432 760 2518 12).
792 2434 861 2497 lmo
889 2432 949 2495 nisi
975 2433 1007 2496 in
1031 2433 1104 2517 lege
1131 2434 1342 2518 exprimatur.
1404 2456 1408 2463 ·

163 2558 349 2623 dilationem
372 2577 393 2621 a
417 2558 488 2622 iure
512 2578 697 2623 concessam
722 2578 792 2622 esse
817 2559 970 2623 tanariae
980 2553 1261 2641 peremptoriam,
1282 2558 1346 2624 hoc

165 2704 229 2748 non
255 2684 490 2770 praesumitur;
523 2682 579 2747 sed
611 2684 715 2768 potius
746 2682 936 2755 admittitur,
961 2701 1033 2747 esse
1063 2682 1303 2768 prorogabilem
1326 2705 1347 2747 a

164 2808 270 2873 iudice
295 2810 386 2893 gravi
411 2808 451 2873 de
475 2827 582 2871 causa.

256 2932 331 2997 370.
357 2932 419 2997 Sed
443 2934 476 2996 iu
493 2930 709 2997 concedendis
734 2932 939 2996 dilationibus
955 2930 1154 2996 iudicialibus
1178 2932 1273 2997 iudici
1291 2954 1346 2998 ca-

167 3056 305 3123 vendum
335 3063 392 3139 est,
418 3078 459 3121 ne
483 3056 649 3121 fraudibus
675 3055 810 3121 alterins
834 3057 1044 3141 collitigantis
1066 3055 1242 3140 indulgeat,
1267 3078 1345 3142 qim-

167 3187 301 3264 propter
320 3176 500 3243 huiusmodi
523 3176 693 3243 dilationes
717 3175 849 3241 concedi
875 3196 939 3240 non
963 3176 1081 3241 debent
1103 3176 1277 3260 ordinarie,
1296 3181 1346 3243 io-

165 3306 234 3371 scia
256 3304 361 3369 altera
384 3311 486 3389 parte.
514 3306 647 3388 lnquam
678 3302 865 3371 ordinarie,¹
891 3301 1016 3366 namsi
1046 3307 1095 3366 est
1118 3302 1289 3367 manifesta
1314 3319 1348 3368 rt

168 3430 296 3497 notoria
313 3431 394 3494 ratio
410 3429 580 3510 dilationis,
597 3430 663 3494 alia
678 3436 764 3514 pars'
778 3449 843 3493 non
867 3433 1058 3513 potestesse
1081 3429 1348 3495 irrationabiliter

166 3553 282 3627 iuvita3
307 3558 339 3617 et
355 3552 431 3616 hinc
454 3554 524 3617 eius
540 3572 715 3617 consensus
740 3553 968 3636 praesumitur,
983 3553 1059 3635 quin
1076 3572 1231 3637 expresse
1252 3573 1348 3640 expr-

166 3676 315 3740 stuletur.
342 3675 461 3739 Tamen
486 3677 511 3739 si
536 3696 630 3741 casus
653 3676 801 3760 postulet,
827 3694 903 3759 pars
929 3677 1119 3759 impugnare
1144 3681 1249 3760 potest
1271 3677 1349 3742 dila·

165 3803 264 3865 tionis
288 3803 538 3867 concessionem.
564 3803 654 3866 Tunc
678 3802 815 3886 emergit
838 3800 994 3867 incidens
1017 3808 1169 3885 quaestio
1200 3823 1219 3867 a
1244 3803 1349 3869 iudico

166 3926 357 4001 dirimenda,
382 3946 540 4011 perpenso
562 3932 630 3991 tum
655 3929 724 3991 iure
740 3926 889 4011 petentis,
913 3928 981 3991 tum
1004 3926 1076 3991 inre
1099 3930 1284 4013 impetentis
1304 3928 1349 3991 di·

167 4048 331 4119 lationem,
349 4048 393 4111 ita
408 4056 444 4113 ut
459 4047 604 4111 consulat
627 4047 743 4112 iudicio
760 4047 914 4112 celeriter
936 4051 970 4111 et
993 4068 1065 4113 cum
1089 4048 1259 4117 sufficienti
1276 4073 1351 4117 cau

165 4191 224 4235 sae
246 4171 430 4255 cognitione
454 4168 643 4236 definiendo.
669 4170 718 4237 ef.
744 4170 1045 4256 Schmalzgrueber,
1071 4172 1103 4236 h.
1129 4179 1150 4239 t.
1165 4167 1208 4239 n.
1234 4177 1287 4239 19.

242 4432 281 4503 (l)
302 4433 331 4486 ln
351 4434 398 4489 cit.
418 4434 476 4487 cod.
495 4434 578 4503 Greg.
597 4436 631 4488 ei.
651 4436 678 4501 il
697 4434 759 4501 479,
777 4434 839 4502 514,
858 4436 921 4497 522,
940 4435 1002 4500 524,
1020 4434 1083 4500 897,
1101 4435 1162 4489 901.
1248 4435 1250 4438 ’
