3350 5117
527 360 571 406 os
595 353 732 408 lonicus
756 359 1022 407 socnssmsrrors
1046 372 1049 376 ·
1298 339 1364 406 327

185 480 320 563 requirit
343 479 373 544 b.
398 480 434 560 t,
458 500 524 546 non
546 481 650 565 exigit
675 481 803 546 titulum
835 482 1036 561 coloratum,
1061 479 1122 544 nisi
1146 480 1179 544 in
1201 481 1363 564 praescri-

184 602 292 686 ptione
315 601 511 685 ordinatim
533 607 568 668 at
597 603 630 667 in
657 603 915 688 praescriptione
938 602 1222 669 entraordinariis
1244 601 1288 668 30
1311 601 1365 665 vel

184 723 227 788 40
256 742 416 789 annorum
446 723 564 790 sufficit
595 725 705 790 titulus
723 725 911 808 putativus,
936 745 994 790 seu
1012 729 1266 808 praesumptus,
1290 724 1365 807 quia

184 849 222 914 ob
249 851 384 935 longum
415 856 540 936 tempus
571 849 829 936 praeterlapsum
862 851 896 914 in
928 847 1063 936 pacifica
1093 849 1293 935 possessione
1315 848 1365 912 ius

184 975 359 1058 praesumit
383 975 509 1040 titulum
533 974 731 1040 interfuisse.

271 1102 342 1167 Imo
366 1104 437 1167 iure
463 1103 660 1168 Iustinianeo
684 1103 718 1166 in
734 1103 808 1188 iope
823 1103 859 1166 11
881 1103 919 1186 ff.
942 1101 1015 1169 Pro
1039 1106 1139 1184 empt.
1163 1119 1184 1165 a
1206 1099 1364 1184 iurispru·

182 1229 291 1295 dentia
314 1249 387 1294 can.
412 1248 477 1294 non
502 1227 677 1314 repudiata,
701 1204 837 1314 ¹regulae
861 1228 1018 1314 generali,
1044 1226 1222 1310 requirenti
1238 1225 1365 1290 titulum

182 1356 383 1436 coloratum,
407 1354 557 1439 exceptio
581 1344 711 1419 inducta
734 1353 796 1419 tuit
819 1373 880 1438 pro
903 1371 981 1418 casu
1004 1371 1066 1435 quo
1090 1371 1133 1415 ex
1155 1370 1261 1418 causa
1275 1350 1366 1415 insta

105 1509 109 1519 ·
181 1479 312 1547 erroris
335 1479 446 1545 titulus
466 1478 641 1561 putativus
664 1477 861 1553 haberetur;
887 1483 924 1542 ut
948 1496 1026 1542 ecoe
1049 1477 1075 1540 si
1099 1479 1292 1561 procurator
1311 1474 1365 1538 oui

181 1604 342 1669 mandasti
358 1623 428 1670 rem
453 1623 572 1685 emere,
596 1602 652 1668 tihi
677 1604 880 1690 persuaserit
903 1623 974 1669 rem
999 1602 1114 1668 emisse
1137 1618 1232 1685 quam
1248 1617 1367 1664 revera

181 1747 248 1793 non
272 1729 359 1793 emit.

272 1849 349 1915 296.
382 1850 523 1958 prrsuper
554 1850 851 1950 requiriturinstn
878 1848 1047 1932 possessio
1071 1866 1113 1911 ex
1139 1863 1210 1931 rep.
1234 1841 1259 1909 3
1279 1843 1366 1909 iuris

184 1972 281 2037 ind:
300 1972 409 2038 <sine
418 1972 632 2056 possessione
643 1971 875 2074 praesnn'ptto
898 1990 969 2037 non
980 1969 1137 2052 procedit
1154 1967 1367 2033 »Possessio

181 2095 278 2162 debet
266 2105 373 2163 tesse
396 2097 485 2164 insto
501 2117 558 2164 seu
574 2116 639 2163 non
662 2099 786 2181 vitiosa,
804 2103 841 2164 ut
862 2117 978 2184 nempe
1001 2115 1067 2162 non
1089 2095 1189 2159 fuerit
1175 2092 1367 2176 tacquisita

182 2239 245 2286 nec
268 2221 301 2284 vi
326 2238 388 2285 nec
412 2219 494 2284 clam
513 2239 580 2312 neo
573 2220 763 2330 precario
781 2221 824 2288 Ut
850 2239 928 2284 ecee
931 2182 1139 2304 ,mihh-ie—gat
1126 2221 1193 2282 turn
1218 2214 1365 2280 relictum

181 2344 251 2418 fuit,
277 2345 362 2430 quod
386 2348 418 2411 vi
453 2352 510 2410 aut
496 2346 651 2411 telam
644 2347 762 2431 moipio
793 2345 970 2432 possidere
997 2345 1098 2410 Adest
1123 2343 1209 2408 hona
1232 2339 1310 2406 fides
1334 2345 1366 2405 et

180 2471 320 2536 iustust
307 2471 418 2536 titulus
449 2473 503 2555 qui
535 2471 643 2536 nuilus
666 2477 724 2581 est,
749 2476 872 2556 ut‚puta
898 2471 974 2554 quia
1000 2489 1054 2534 res
1076 2468 1183 2554 legata
1207 2488 1271 2533 non
1294 2469 1367 2532 erat
1411 2501 1415 2508 ·

182 2596 358 2660 testatoris.
378 2594 593 2660 Nihilominus
609 2595 821 2681 praescriptio
846 2613 912 2659 non
932 2593 1087 2680 procedit,
1100 2594 1174 2676 quia
1196 2612 1261 2656 non
1275 2588 1366 2656 insta

180 2738 239 2786 seu
262 2719 384 2786 vitiosa
406 2719 468 2784 fuit
491 2721 659 2805 possessio.

273 2843 454 2909 Praeterea
484 2845 518 2907 in
549 2863 734 2928 possessore
770 2844 817 2909 noi
849 2841 1158 2927 praescriptionem
1188 2841 1365 2923 requiritur

181 2972 322 3037 animus
353 2971 561 3038 dominantis
594 2989 651 3035 seu
679 2970 825 3052 domini‚·
849 2989 923 3034 oum
952 2969 1037 3034 enim
1067 2966 1223 3053 possessio
1251 2964 1366 3030 debeat

182 3090 366 3176 producere
390 3093 573 3169 dominium,
599 3095 739 3160 conditio
770 3095 840 3160 eius
869 3094 923 3178 qui
950 3091 1140 3178 possidendo
1163 3085 1363 3175 praescribit,

181 3235 247 3280 non
270 3214 367 3282 debet
390 3223 527 3283 externe
551 3217 591 3283 ab
616 3237 653 3282 eo
677 3214 809 3282 differre
834 3218 888 3300 qui
914 3216 1061 3281 dominus
1084 3220 1143 3297 est,
1167 3235 1209 3280 ne
1232 3211 1364 3280 effectus

180 3356 316 3402 causam
351 3339 596 3425 superexcedat.
621 3329 819 3424 Theophilus
857 3339 883 3410 Ι,
918 3336 1012 3408 Quin.
1035 3338 1126 3404 rnod.
1159 3338 1225 3403 toti.
1254 3335 1363 3421 ohiip„

180 3461 262 3544 §a
287 3499 332 3512 -
356 3463 477 3529 Contra
501 3466 534 3529 in
557 3467 758 3550 possessione
782 3464 871 3529 civili
900 3464 948 3529 nd
976 3463 1166 3534 interdicta,
1191 3458 1308 3526 suffieit
1330 3464 1366 3523 ut
1454 3446 1456 3449 ’

180 3587 253 3669 quis
278 3587 408 3652 nomine
433 3608 490 3652 suo
514 3608 579 3653 non
602 3589 708 3654 alieno
733 3586 904 3673 possideat,
923 3607 986 3671 quo
1003 3587 1098 3653 modo
1114 3587 1210 3651 etiam
1226 3584 1366 3650 civiliter

181 3708 395 3802 emphyteuta
418 3708 582 3794 possidere
606 3710 760 3776 dicendus
786 3713 846 3791 est,
864 3711 1009 3794 quamvis
1035 3707 1216 3774 huiusmodi
1238 3726 1364 3793 posses-

180 3835 273 3900 sione
296 3854 475 3920 usucapere
499 3855 564 3899 non
587 3837 696 3921 possit.

270 3961 348 4027 297.
374 3962 540 4027 Possessio
564 3959 660 4026 debet
681 3979 753 4026 esse
777 3959 943 4026 continno
957 3964 1022 4023 toto
1046 3957 1185 4023 decursu
1207 3958 1364 4044 praescri-

180 4083 316 4167 ptionis;
341 4081 427 4149 undo
451 4083 541 4149 obest
565 4083 779 4165 interruptio.
805 4083 848 4146 Et
873 4099 937 4153 res,
950 4081 1199 4166 praescriptioni
1213 4078 1363 4151 obnoxia,

180 4205 277 4272 debet
300 4226 428 4292 semper
455 4227 549 4293 posse
578 4207 726 4272 revocari
757 4204 798 4270 ab
830 4223 870 4269 eo
902 4203 1058 4268 adversus
1085 4223 1180 4288 quem
1202 4203 1364 4290 praescri·

179 4331 285 4406 hitur;
310 4330 395 4397 unde
420 4337 517 4399 nocet
539 4333 725 4415 suspensio.
1393 4317 1396 4324 ¹

273 4452 305 4540 1)
332 4454 496 4520 Possessio
519 4453 787 4540 interrumpitur
809 4454 1022 4520 naturaiiter
1044 4457 1077 4519 et
1100 4450 1249 4520 ciuiliter.

338 4540 438 4566 μ.
