3350 5117
536 346 581 391 1>ss
612 344 752 392 malcus
780 343 1045 391 ncctsssusrlcls
1315 324 1375 391 631

204 467 451 533 extraiudieiale
474 489 548 534 cum
563 487 628 532 non
644 467 800 533 exhibeat
822 466 1025 549 sententiam,
1042 486 1106 532 non
1122 468 1239 535 transit
1262 469 1294 533 in
1310 486 1379 532 rem
1441 509 1444 517 ›

200 594 373 659 iudicatam
390 616 422 656 s.
447 594 496 659 Cf.
522 590 688 659 Reiffenst.
714 594 745 657 lr.
764 599 784 657 t.
800 614 835 658 a.
852 592 927 659 184.

290 716 399 793 Quare
430 723 520 783 actus
544 718 797 784 extraiudicialis
821 721 1028 803 impugnatur
1051 738 1110 803 per
1133 716 1379 802 appellationem

199 849 257 909 aut
286 864 346 929 per
369 844 433 908 alia
457 843 562 909 media
591 842 758 907 ordinaria
789 849 845 907 aut
879 841 1139 907 extraordinaria
1170 843 1265 916 iuris;
1290 846 1380 907 aetus

199 985 279 1032 vero
302 966 460 1033 iudicialis
482 973 538 1033 aut
568 968 732 1053 impetitur
759 966 991 1053 appellatione,
1016 971 1071 1031 aut
1094 964 1198 1031 medio
1230 970 1380 1030 extraor-

198 1090 335 1173 dinarie,
360 1112 477 1178 nempe
500 1094 703 1160 restitutione
725 1093 759 1156 in
783 1092 958 1177 integrum,
983 1088 1116 1175 querela
1140 1090 1304 1163 nullitate,
1325 1109 1379 1155 re·

200 1237 298 1282 cursu
322 1239 379 1283 seu
403 1218 634 1304 supplicatione
658 1218 698 1282 ad
722 1218 903 1304 principem
926 1222 1088 1302 porrecta.

288 1342 349 1407 Ille
373 1340 470 1408 iudex
484 1349 591 1408 autem
608 1347 657 1407 est
673 1346 860 1427 competens
877 1342 918 1407 ad
934 1339 1139 1435 decernenda
1153 1339 1244 1425 lapsa
1259 1338 1379 1421 fatalia,

197 1468 252 1549 qui
277 1464 389 1530 eadem
413 1466 505 1531 iussit
527 1463 704 1537 observem,
722 1464 791 1529 sive
807 1466 873 1530 sint
888 1464 999 1529 satalia
1022 1482 1045 1529 a
1069 1465 1150 1551 depe,
1168 1464 1235 1529 sire
1260 1463 1302 1529 ab
1326 1463 1380 1529 lto·

196 1589 299 1655 mine.
325 1588 460 1664 Quando
487 1610 567 1655 vero
599 1587 696 1653 iudex
727 1588 773 1653 ad
805 1606 909 1674 quem
932 1608 1044 1653 manus
1068 1590 1130 1653 iam
1153 1588 1298 1673 apposuit
1321 1607 1378 1651 ne-

196 1716 285 1801 gotio
309 1715 541 1801 appellationis,
570 1716 638 1800 ipse
661 1716 767 1799 potior
791 1721 840 1781 est
865 1716 898 1779 in
921 1714 1102 1780 huiusmodi
1125 1712 1274 1779 tatalibus
1297 1713 1378 1778 iudi·

199 1836 320 1903 caudis.
346 1838 395 1903 ef.
421 1836 515 1903 Reiff.
540 1839 571 1903 b.
593 1844 614 1903 t.
638 1860 672 1904 a.
688 1839 766 1905 195.

287 1959 363 2025 650,
388 1961 532 2044 Denique
548 1960 773 2045 inquirendum
790 1966 848 2034 est,
867 1960 1024 2045 quomodo
1040 1958 1137 2025 iudex
1157 1960 1378 2045 appellationis

196 2080 376 2147 demerito
407 2102 525 2147 causae
547 2082 660 2148 videre
691 2084 806 2169 possit,
831 2104 888 2150 seu
916 2089 1023 2149 uuum
1047 2104 1082 2149 se
1107 2083 1234 2149 reterre
1264 2082 1376 2147 debeat

195 2214 321 2273 tanturn
338 2208 378 2273 ad
391 2214 464 2275 acta
477 2210 597 2293 prioris
613 2209 732 2283 iudicii,
745 2210 799 2275 vel
815 2230 899 2275 nova
914 2214 1114 2296 argumenta,
1128 2210 1251 2276 scilicet
1261 2228 1376 2273 novam

196 2351 315 2399 causae
339 2334 584 2400 instructionem
608 2334 667 2400 sibi
699 2354 891 2421 comparare
914 2338 1022 2421 possit.
1049 2371 1091 2385 -
1116 2334 1268 2409 Quaestio
1295 2335 1377 2399 haec

196 2456 440 2525 determinanda
465 2466 514 2526 est
537 2479 557 2524 a
580 2461 651 2525 iure
673 2461 810 2547 positivo
834 2462 991 2544 cuiusque
1014 2461 1161 2526 civitatis.
1181 2460 1230 2526 Re
1249 2460 1376 2545 quidem

193 2602 276 2648 vera
299 2584 455 2651 habemus
477 2585 652 2651 hodiernos
675 2585 802 2653 codices
826 2606 969 2672 process.
993 2589 1053 2653 cir.
1071 2607 1134 2652 non
1154 2590 1282 2653 omnino
1299 2608 1375 2652 con-

193 2708 378 2781 cordantes,
391 2710 472 2775 alios
484 2708 688 2775 admittentes
704 2708 927 2774 tantummodo
944 2729 1079 2774 examen
1096 2715 1242 2775 actorum
1259 2716 1291 2775 et
1302 2710 1377 2775 alle·

196 2840 346 2920 gatorum
363 2837 396 2901 in
413 2836 517 2921 prima
532 2836 698 2911 instantia;
715 2835 795 2901 alios
814 2836 1040 2921 permittentes
1055 2856 1183 2902 eausam
1199 2838 1291 2903 novis
1306 2858 1377 2923 pro-

196 2955 378 3022 bationibus
402 2958 527 3022 instrui.
554 2957 602 3022 cl.
627 2957 802 3031 Mattirolo,
830 2956 891 3041 Op.
916 2959 969 3025 cit.
996 2957 1064 3026 Vol.
1086 2958 1147 3035 IV,
1173 2979 1206 3024 a.
1233 2958 1304 3025 749
1326 2978 1375 3044 sp.

194 3077 250 3143 lus
273 3082 463 3145 canonicum
487 3081 720 3167 sapientissime
743 3082 881 3148 mediam
906 3082 1038 3147 incessit
1060 3083 1154 3156 viam,
1176 3082 1376 3168 distinguens

117 3272 122 3279 ,
193 3203 441 3288 appellationem
465 3204 505 3270 ab
528 3206 783 3281 interlocutoria,
801 3207 842 3272 ab
864 3206 1080 3293 appellatione
1103 3225 1123 3269 a
1146 3203 1320 3271 definitiva.
1337 3207 1375 3270 ln

194 3327 298 3412 primo
311 3346 390 3392 casu
401 3328 507 3393 nullas
518 3331 674 3414 permittit
686 3350 788 3395 novas
801 3329 1017 3417 probationes,
1032 3328 1087 3395 sed
1103 3334 1225 3397 tanturn
1239 3350 1374 3397 examen

191 3454 257 3518 iam
274 3453 463 3529 allatarum;
479 3459 512 3519 et
528 3454 591 3521 hoc
607 3461 656 3520 est
674 3461 889 3541 opportunum
907 3456 939 3520 in
957 3455 1219 3537 interlocutoriis,
1235 3456 1273 3521 ad
1291 3455 1376 3520 trau·

190 3574 248 3643 des
276 3577 517 3661 praecavendas
540 3584 573 3644 et
595 3578 669 3643 lites
693 3578 832 3644 celerius
859 3578 1094 3664 expediendas:
1120 3580 1152 3643 in
1176 3577 1279 3642 altero
1298 3596 1376 3642 casn

191 3718 272 3764 vero
297 3702 454 3785 permittit
477 3720 579 3766 novas
601 3701 825 3786 probationes:
845 3704 889 3767 ita
905 3700 1003 3769 Glem.
1021 3694 1063 3767 V'
1077 3702 1114 3767 in
1132 3700 1237 3768 Clem.
1254 3700 1287 3773 5,
1305 3701 1335 3764 lt.
1354 3706 1373 3763 t.

191 3804 408 3891 Nihilominus
431 3827 629 3901 advertatur,

283 3946 314 4031 1)
338 3967 404 4011 non
435 3968 529 4032 posse
560 3946 684 4013 admitti
720 3948 754 4012 in
785 3947 1004 4033 appellatione
1035 3944 1243 4011 adefinitira
1274 3966 1373 4012 novas

188 4088 304 4135 causas
327 4069 456 4156 petendi
472 4092 529 4137 seu
548 4091 650 4136 novas
672 4071 826 4145 actiones,
850 4091 912 4137 nec
929 4091 988 4156 per
1011 4070 1138 4137 modum
1162 4070 1248 4139 utilis
1267 4092 1373 4138 cumu-

186 4191 327 4269 lationis;
345 4214 439 4260 secus
455 4196 540 4259 enim
557 4192 654 4259 iudex
669 4194 901 4280 appellationis
916 4196 1242 4281 praetergrederetur
1258 4197 1374 4263 limites

185 4336 265 4381 suae
283 4319 526 4405 competentiae,
544 4318 724 4385 decernens
739 4318 780 4385 de
796 4320 929 4385 actione
940 4325 1037 4385 antea
1052 4321 1085 4384 in
1102 4321 1206 4405 prima
1220 4322 1373 4389 instantia

187 4440 340 4527 agitanda
362 4464 383 4507 a
398 4441 503 4509 iudice
526 4443 691 4509 interiore.
717 4444 765 4511 Gt.
783 4446 803 4510 l.
821 4446 849 4519 1,
873 4448 908 4530 ff.
930 4446 1031 4519 Eum,
1048 4445 1108 4530 qui
1131 4447 1368 4531 appellaverit,⁰
