<?xml version="1.0" encoding="UTF-8"?>
<!DOCTYPE html PUBLIC "-//W3C//DTD XHTML 1.0 Transitional//EN"
    "http://www.w3.org/TR/xhtml1/DTD/xhtml1-transitional.dtd">
<html xmlns="http://www.w3.org/1999/xhtml" xml:lang="en" lang="en">
 <head>
  <title>
</title>
<meta http-equiv="Content-Type" content="text/html;charset=utf-8" />
  <meta name='ocr-system' content='tesseract 3.04.00' />
  <meta name='ocr-capabilities' content='ocr_page ocr_carea ocr_par ocr_line ocrx_word'/>
</head>
<body>
  <div class='ocr_page' id='page_1' title='image "./praelectionesin01legagoog_0446.png"; bbox 0 0 3350 5117; ppageno 0'>
   <div class='ocr_carea' id='block_1_1' title="bbox 306 302 959 373">
    <p class='ocr_par' dir='ltr' id='par_1_1' title="bbox 306 302 959 373">
     <span class='ocr_line' id='line_1_1' title="bbox 306 302 959 373; baseline 0.009 -8"><span class='ocrx_word' id='word_1_1' title='bbox 306 302 372 365; x_wconf 89' lang='lat'>444</span> <span class='ocrx_word' id='word_1_2' title='bbox 828 326 913 373; x_wconf 73' lang='lat' dir='ltr'>raas</span> <span class='ocrx_word' id='word_1_3' title='bbox 937 327 959 372; x_wconf 84' lang='lat'>1.</span> 
     </span>
    </p>
   </div>
   <div class='ocr_carea' id='block_1_2' title="bbox 303 440 1484 2527">
    <p class='ocr_par' dir='ltr' id='par_1_2' title="bbox 303 440 1483 771">
     <span class='ocr_line' id='line_1_2' title="bbox 307 440 1483 529; baseline 0.005 -25"><span class='ocrx_word' id='word_1_4' title='bbox 307 460 388 505; x_wconf 88' lang='lat' dir='ltr'>neae</span> <span class='ocrx_word' id='word_1_5' title='bbox 412 440 596 507; x_wconf 85' lang='lat' dir='ltr'>efficiuntur</span> <span class='ocrx_word' id='word_1_6' title='bbox 624 450 799 529; x_wconf 82' lang='lat' dir='ltr'>perpetuae</span> <span class='ocrx_word' id='word_1_7' title='bbox 823 465 920 510; x_wconf 88' lang='lat' dir='ltr'>sensu</span> <span class='ocrx_word' id='word_1_8' title='bbox 944 447 1034 527; x_wconf 91' lang='lat' dir='ltr'>iuris,</span> <span class='ocrx_word' id='word_1_9' title='bbox 1059 443 1116 511; x_wconf 89' lang='lat' dir='ltr'>seu</span> <span class='ocrx_word' id='word_1_10' title='bbox 1147 447 1265 512; x_wconf 88' lang='lat' dir='ltr'>durant</span> <span class='ocrx_word' id='word_1_11' title='bbox 1287 448 1334 511; x_wconf 86' lang='lat' dir='ltr'>ad</span> <span class='ocrx_word' id='word_1_12' title='bbox 1360 446 1411 512; x_wconf 88' lang='grc'>30</span> <span class='ocrx_word' id='word_1_13' title='bbox 1431 448 1483 511; x_wconf 87' lang='lat' dir='ltr'>oet</span> 
     </span>
     <span class='ocr_line' id='line_1_3' title="bbox 307 564 1483 656; baseline 0.002 -28"><span class='ocrx_word' id='word_1_14' title='bbox 307 564 355 629; x_wconf 85' lang='lat'>40</span> <span class='ocrx_word' id='word_1_15' title='bbox 378 568 603 637; x_wconf 65' lang='lat' dir='ltr'>canonicatu</span> <span class='ocrx_word' id='word_1_16' title='bbox 628 570 648 635; x_wconf 85' lang='lat' dir='ltr'>t.</span> <span class='ocrx_word' id='word_1_17' title='bbox 672 570 732 634; x_wconf 83' lang='lat' dir='ltr'>alt.</span> <span class='ocrx_word' id='word_1_18' title='bbox 761 566 805 650; x_wconf 81' lang='lat'>0,</span> <span class='ocrx_word' id='word_1_19' title='bbox 823 570 876 635; x_wconf 84' lang='lat' dir='ltr'>De</span> <span class='ocrx_word' id='word_1_20' title='bbox 894 572 1098 654; x_wconf 65' lang='lat' dir='ltr'>praescript.</span> <span class='ocrx_word' id='word_1_21' title='bbox 1117 570 1167 637; x_wconf 88' lang='grc'>30</span> <span class='ocrx_word' id='word_1_22' title='bbox 1189 592 1282 652; x_wconf 87' lang='lat' dir='ltr'>ann,</span> <span class='ocrx_word' id='word_1_23' title='bbox 1301 576 1483 656; x_wconf 85' lang='lat' dir='ltr'>computato</span> 
     </span>
     <span class='ocr_line' id='line_1_4' title="bbox 303 694 848 771; baseline 0.007 -16"><span class='ocrx_word' id='word_1_24' title='bbox 303 694 443 756; x_wconf 91' lang='lat' dir='ltr'>termino</span> <span class='ocrx_word' id='word_1_25' title='bbox 467 713 487 759; x_wconf 89' lang='lat' dir='ltr'>a</span> <span class='ocrx_word' id='word_1_26' title='bbox 510 694 573 759; x_wconf 89' lang='lat' dir='ltr'>litis</span> <span class='ocrx_word' id='word_1_27' title='bbox 597 698 848 771; x_wconf 85' lang='lat' dir='ltr'>contestatione;</span> 
     </span>
    </p>

    <p class='ocr_par' dir='ltr' id='par_1_3' title="bbox 305 820 1484 1263">
     <span class='ocr_line' id='line_1_5' title="bbox 395 820 1484 908; baseline 0.006 -24"><span class='ocrx_word' id='word_1_28' title='bbox 395 820 427 906; x_wconf 80' lang='grc'>4)</span> <span class='ocrx_word' id='word_1_29' title='bbox 452 824 659 907; x_wconf 81' lang='lat' dir='ltr'>exceptiones</span> <span class='ocrx_word' id='word_1_30' title='bbox 681 821 912 888; x_wconf 86' lang='lat' dir='ltr'>declinatoriae</span> <span class='ocrx_word' id='word_1_31' title='bbox 935 824 998 889; x_wconf 85' lang='lat' dir='ltr'>fori</span> <span class='ocrx_word' id='word_1_32' title='bbox 1022 824 1074 889; x_wconf 88' lang='lat' dir='ltr'>vel</span> <span class='ocrx_word' id='word_1_33' title='bbox 1087 824 1195 889; x_wconf 91' lang='lat' dir='ltr'>iudicii</span> <span class='ocrx_word' id='word_1_34' title='bbox 1219 826 1391 889; x_wconf 82' lang='lat' dir='ltr'>dilatoriae</span> <span class='ocrx_word' id='word_1_35' title='bbox 1405 845 1484 908; x_wconf 90' lang='lat' dir='ltr'>quas</span> 
     </span>
     <span class='ocr_line' id='line_1_6' title="bbox 305 946 1480 1032; baseline 0.005 -27"><span class='ocrx_word' id='word_1_36' title='bbox 305 964 469 1029; x_wconf 90' lang='lat' dir='ltr'>opponere</span> <span class='ocrx_word' id='word_1_37' title='bbox 497 950 546 1009; x_wconf 88' lang='lat' dir='ltr'>est</span> <span class='ocrx_word' id='word_1_38' title='bbox 569 946 601 1009; x_wconf 91' lang='lat' dir='ltr'>in</span> <span class='ocrx_word' id='word_1_39' title='bbox 628 946 777 1011; x_wconf 75' lang='lat' dir='ltr'>facultate</span> <span class='ocrx_word' id='word_1_40' title='bbox 801 948 951 1031; x_wconf 87' lang='lat' dir='ltr'>partium,</span> <span class='ocrx_word' id='word_1_41' title='bbox 975 954 1047 1032; x_wconf 91' lang='lat' dir='ltr'>post</span> <span class='ocrx_word' id='word_1_42' title='bbox 1069 947 1157 1012; x_wconf 78' lang='lat' dir='ltr'>litem</span> <span class='ocrx_word' id='word_1_43' title='bbox 1182 954 1391 1014; x_wconf 83' lang='lat' dir='ltr'>contestatam</span> <span class='ocrx_word' id='word_1_44' title='bbox 1417 968 1480 1012; x_wconf 87' lang='lat' dir='ltr'>am·</span> 
     </span>
     <span class='ocr_line' id='line_1_7' title="bbox 305 1066 1483 1156; baseline 0.003 -26"><span class='ocrx_word' id='word_1_45' title='bbox 305 1068 387 1151; x_wconf 90' lang='lat' dir='ltr'>plius</span> <span class='ocrx_word' id='word_1_46' title='bbox 410 1066 501 1132; x_wconf 92' lang='lat' dir='ltr'>obiici</span> <span class='ocrx_word' id='word_1_47' title='bbox 520 1087 584 1133; x_wconf 91' lang='lat' dir='ltr'>non</span> <span class='ocrx_word' id='word_1_48' title='bbox 609 1075 757 1153; x_wconf 89' lang='lat' dir='ltr'>possunt;</span> <span class='ocrx_word' id='word_1_49' title='bbox 774 1075 1025 1153; x_wconf 88' lang='lat' dir='ltr'>praesumuntur</span> <span class='ocrx_word' id='word_1_50' title='bbox 1048 1071 1133 1134; x_wconf 89' lang='lat' dir='ltr'>enim</span> <span class='ocrx_word' id='word_1_51' title='bbox 1149 1076 1258 1156; x_wconf 90' lang='lat' dir='ltr'>partes</span> <span class='ocrx_word' id='word_1_52' title='bbox 1282 1072 1344 1134; x_wconf 92' lang='lat' dir='ltr'>iuri</span> <span class='ocrx_word' id='word_1_53' title='bbox 1361 1089 1419 1135; x_wconf 91' lang='lat' dir='ltr'>suo</span> <span class='ocrx_word' id='word_1_54' title='bbox 1434 1090 1483 1134; x_wconf 84' lang='lat' dir='ltr'>re</span> 
     </span>
     <span class='ocr_line' id='line_1_8' title="bbox 305 1191 492 1263; baseline 0.016 -10"><span class='ocrx_word' id='word_1_55' title='bbox 305 1191 492 1263; x_wconf 88' lang='lat' dir='ltr'>nunciasse;</span> 
     </span>
    </p>

    <p class='ocr_par' dir='ltr' id='par_1_4' title="bbox 303 1314 1483 2527">
     <span class='ocr_line' id='line_1_9' title="bbox 394 1314 1483 1403; baseline 0.003 -22"><span class='ocrx_word' id='word_1_56' title='bbox 394 1314 427 1398; x_wconf 81' lang='lat'>5)</span> <span class='ocrx_word' id='word_1_57' title='bbox 451 1320 522 1401; x_wconf 90' lang='lat' dir='ltr'>post</span> <span class='ocrx_word' id='word_1_58' title='bbox 544 1314 634 1381; x_wconf 89' lang='lat' dir='ltr'>litem</span> <span class='ocrx_word' id='word_1_59' title='bbox 659 1321 870 1385; x_wconf 85' lang='lat' dir='ltr'>contestatam</span> <span class='ocrx_word' id='word_1_60' title='bbox 886 1319 1030 1382; x_wconf 88' lang='lat' dir='ltr'>actiones</span> <span class='ocrx_word' id='word_1_61' title='bbox 1052 1318 1205 1403; x_wconf 86' lang='lat' dir='ltr'>poenales</span> <span class='ocrx_word' id='word_1_62' title='bbox 1221 1319 1325 1401; x_wconf 89' lang='lat' dir='ltr'>quoad</span> <span class='ocrx_word' id='word_1_63' title='bbox 1349 1321 1483 1402; x_wconf 77' lang='lat' dir='ltr'>effectas</span> 
     </span>
     <span class='ocr_line' id='line_1_10' title="bbox 304 1442 1483 1527; baseline 0.001 -20"><span class='ocrx_word' id='word_1_64' title='bbox 304 1442 417 1508; x_wconf 84' lang='lat' dir='ltr'>ciuiles</span> <span class='ocrx_word' id='word_1_65' title='bbox 438 1447 609 1507; x_wconf 89' lang='lat' dir='ltr'>transeunt</span> <span class='ocrx_word' id='word_1_66' title='bbox 632 1444 663 1507; x_wconf 94' lang='lat' dir='ltr'>in</span> <span class='ocrx_word' id='word_1_67' title='bbox 688 1443 826 1509; x_wconf 88' lang='lat' dir='ltr'>heredes</span> <span class='ocrx_word' id='word_1_68' title='bbox 845 1444 1071 1527; x_wconf 91' lang='lat' dir='ltr'>delinquentis.</span> <span class='ocrx_word' id='word_1_69' title='bbox 1098 1446 1178 1510; x_wconf 90' lang='lat' dir='ltr'>Nam</span> <span class='ocrx_word' id='word_1_70' title='bbox 1202 1445 1340 1511; x_wconf 89' lang='lat' dir='ltr'>heredes</span> <span class='ocrx_word' id='word_1_71' title='bbox 1364 1464 1407 1509; x_wconf 82' lang='lat' dir='ltr'>ex</span> <span class='ocrx_word' id='word_1_72' title='bbox 1431 1444 1483 1509; x_wconf 85' lang='lat' dir='ltr'>de</span> 
     </span>
     <span class='ocr_line' id='line_1_11' title="bbox 304 1566 1482 1653; baseline 0.003 -25"><span class='ocrx_word' id='word_1_73' title='bbox 304 1566 380 1629; x_wconf 91' lang='lat' dir='ltr'>licto</span> <span class='ocrx_word' id='word_1_74' title='bbox 396 1566 444 1631; x_wconf 92' lang='lat' dir='ltr'>sui</span> <span class='ocrx_word' id='word_1_75' title='bbox 465 1568 606 1631; x_wconf 87' lang='lat' dir='ltr'>auctoris</span> <span class='ocrx_word' id='word_1_76' title='bbox 622 1587 750 1652; x_wconf 90' lang='lat' dir='ltr'>semper</span> <span class='ocrx_word' id='word_1_77' title='bbox 773 1574 933 1640; x_wconf 84' lang='lat' dir='ltr'>tenentur,</span> <span class='ocrx_word' id='word_1_78' title='bbox 952 1571 984 1633; x_wconf 93' lang='lat' dir='ltr'>in</span> <span class='ocrx_word' id='word_1_79' title='bbox 1009 1574 1162 1652; x_wconf 91' lang='lat' dir='ltr'>quantum</span> <span class='ocrx_word' id='word_1_80' title='bbox 1186 1567 1393 1653; x_wconf 86' lang='lat' dir='ltr'>pervenitad</span> <span class='ocrx_word' id='word_1_81' title='bbox 1416 1588 1482 1632; x_wconf 91' lang='lat' dir='ltr'>eos·</span> 
     </span>
     <span class='ocr_line' id='line_1_12' title="bbox 304 1692 1479 1780; baseline 0 -23"><span class='ocrx_word' id='word_1_82' title='bbox 304 1693 387 1774; x_wconf 90' lang='lat' dir='ltr'>dem,</span> <span class='ocrx_word' id='word_1_83' title='bbox 411 1712 485 1778; x_wconf 89' lang='lat' dir='ltr'>cap.</span> <span class='ocrx_word' id='word_1_84' title='bbox 510 1694 561 1774; x_wconf 90' lang='lat'>14,</span> <span class='ocrx_word' id='word_1_85' title='bbox 579 1694 630 1760; x_wconf 87' lang='lat' dir='ltr'>De</span> <span class='ocrx_word' id='word_1_86' title='bbox 653 1696 833 1777; x_wconf 78' lang='lat' dir='ltr'>sepulturis</span> <span class='ocrx_word' id='word_1_87' title='bbox 857 1696 891 1759; x_wconf 91' lang='lat' dir='ltr'><em>X</em></span> <span class='ocrx_word' id='word_1_88' title='bbox 912 1692 985 1778; x_wconf 93' lang='lat' dir='ltr'>(lll,</span> <span class='ocrx_word' id='word_1_89' title='bbox 1002 1695 1073 1780; x_wconf 84' lang='lat'>28);</span> <span class='ocrx_word' id='word_1_90' title='bbox 1089 1696 1234 1760; x_wconf 91' lang='lat' dir='ltr'>instituto</span> <span class='ocrx_word' id='word_1_91' title='bbox 1258 1714 1337 1757; x_wconf 87' lang='lat' dir='ltr'>vero</span> <span class='ocrx_word' id='word_1_92' title='bbox 1355 1694 1479 1758; x_wconf 90' lang='lat' dir='ltr'>iudicio.</span> 
     </span>
     <span class='ocr_line' id='line_1_13' title="bbox 304 1816 1479 1900; baseline 0 -20"><span class='ocrx_word' id='word_1_93' title='bbox 304 1836 362 1899; x_wconf 87' lang='lat' dir='ltr'>per</span> <span class='ocrx_word' id='word_1_94' title='bbox 394 1818 481 1882; x_wconf 91' lang='lat' dir='ltr'>litem</span> <span class='ocrx_word' id='word_1_95' title='bbox 512 1822 732 1897; x_wconf 86' lang='lat' dir='ltr'>contestatam,</span> <span class='ocrx_word' id='word_1_96' title='bbox 757 1817 924 1881; x_wconf 89' lang='lat' dir='ltr'>demortuo</span> <span class='ocrx_word' id='word_1_97' title='bbox 955 1816 1172 1900; x_wconf 85' lang='lat' dir='ltr'>delinquente,</span> <span class='ocrx_word' id='word_1_98' title='bbox 1197 1817 1402 1900; x_wconf 80' lang='lat' dir='ltr'>prosequitur</span> <span class='ocrx_word' id='word_1_99' title='bbox 1432 1818 1479 1880; x_wconf 89' lang='lat' dir='ltr'>in—</span> 
     </span>
     <span class='ocr_line' id='line_1_14' title="bbox 303 1940 1481 2024; baseline -0.001 -20"><span class='ocrx_word' id='word_1_100' title='bbox 303 1943 422 2008; x_wconf 87' lang='lat' dir='ltr'>stantia</span> <span class='ocrx_word' id='word_1_101' title='bbox 445 1961 508 2005; x_wconf 93' lang='lat' dir='ltr'>non</span> <span class='ocrx_word' id='word_1_102' title='bbox 530 1942 721 2024; x_wconf 84' lang='lat' dir='ltr'>poenaliter</span> <span class='ocrx_word' id='word_1_103' title='bbox 742 1940 799 2005; x_wconf 91' lang='lat' dir='ltr'>sed</span> <span class='ocrx_word' id='word_1_104' title='bbox 823 1940 965 2007; x_wconf 74' lang='lat' dir='ltr'>aniliter</span> <span class='ocrx_word' id='word_1_105' title='bbox 988 1946 1103 2005; x_wconf 86' lang='lat' dir='ltr'>contra</span> <span class='ocrx_word' id='word_1_106' title='bbox 1126 1940 1278 2006; x_wconf 84' lang='lat' dir='ltr'>heredes:</span> <span class='ocrx_word' id='word_1_107' title='bbox 1304 1943 1347 2005; x_wconf 85' lang='lat' dir='ltr'>ita</span> <span class='ocrx_word' id='word_1_108' title='bbox 1371 1940 1481 2004; x_wconf 88' lang='lat' dir='ltr'>decer-</span> 
     </span>
     <span class='ocr_line' id='line_1_15' title="bbox 304 2064 1479 2147; baseline -0.002 -17"><span class='ocrx_word' id='word_1_109' title='bbox 304 2066 391 2130; x_wconf 92' lang='lat' dir='ltr'>nitur</span> <span class='ocrx_word' id='word_1_110' title='bbox 414 2066 446 2128; x_wconf 93' lang='lat' dir='ltr'>in</span> <span class='ocrx_word' id='word_1_111' title='bbox 472 2066 552 2130; x_wconf 77' lang='lat' dir='ltr'>[nrt.</span> <span class='ocrx_word' id='word_1_112' title='bbox 579 2065 762 2130; x_wconf 84' lang='lat' dir='ltr'>lastiniani</span> <span class='ocrx_word' id='word_1_113' title='bbox 782 2100 799 2113; x_wconf 91' lang='lat'>-</span> <span class='ocrx_word' id='word_1_114' title='bbox 823 2064 875 2129; x_wconf 88' lang='lat' dir='ltr'>De</span> <span class='ocrx_word' id='word_1_115' title='bbox 894 2082 995 2147; x_wconf 74' lang='lat' dir='ltr'>perp.</span> <span class='ocrx_word' id='word_1_116' title='bbox 1019 2070 1051 2129; x_wconf 84' lang='lat' dir='ltr'>et</span> <span class='ocrx_word' id='word_1_117' title='bbox 1073 2071 1174 2147; x_wconf 83' lang='lat' dir='ltr'>temp.</span> <span class='ocrx_word' id='word_1_118' title='bbox 1199 2064 1387 2130; x_wconf 77' lang='lat' dir='ltr'>actionibus</span> <span class='ocrx_word' id='word_1_119' title='bbox 1410 2065 1479 2145; x_wconf 83' lang='lat' dir='ltr'>§l:</span> 
     </span>
     <span class='ocr_line' id='line_1_16' title="bbox 307 2188 1479 2277; baseline 0.002 -24"><span class='ocrx_word' id='word_1_120' title='bbox 307 2188 499 2255; x_wconf 80' lang='lat' dir='ltr'>‹Poenales</span> <span class='ocrx_word' id='word_1_121' title='bbox 521 2195 627 2256; x_wconf 87' lang='lat' dir='ltr'>autem</span> <span class='ocrx_word' id='word_1_122' title='bbox 645 2192 787 2256; x_wconf 85' lang='lat' dir='ltr'>actiones</span> <span class='ocrx_word' id='word_1_123' title='bbox 810 2211 890 2274; x_wconf 87' lang='lat' dir='ltr'>quas</span> <span class='ocrx_word' id='word_1_124' title='bbox 906 2210 1005 2275; x_wconf 83' lang='lat' dir='ltr'>supra</span> <span class='ocrx_word' id='word_1_125' title='bbox 1028 2190 1177 2272; x_wconf 69' lang='lat' dir='ltr'>diximus</span> <span class='ocrx_word' id='word_1_126' title='bbox 1193 2194 1218 2256; x_wconf 90' lang='lat' dir='ltr'>si</span> <span class='ocrx_word' id='word_1_127' title='bbox 1243 2192 1284 2256; x_wconf 91' lang='lat' dir='ltr'>ab</span> <span class='ocrx_word' id='word_1_128' title='bbox 1301 2193 1378 2277; x_wconf 92' lang='lat' dir='ltr'>ipsis</span> <span class='ocrx_word' id='word_1_129' title='bbox 1394 2193 1479 2277; x_wconf 91' lang='lat' dir='ltr'>prin-</span> 
     </span>
     <span class='ocr_line' id='line_1_17' title="bbox 303 2317 1480 2402; baseline 0.002 -21"><span class='ocrx_word' id='word_1_130' title='bbox 303 2317 457 2402; x_wconf 88' lang='lat' dir='ltr'>cipalibus</span> <span class='ocrx_word' id='word_1_131' title='bbox 482 2318 627 2401; x_wconf 89' lang='lat' dir='ltr'>personis</span> <span class='ocrx_word' id='word_1_132' title='bbox 659 2318 780 2383; x_wconf 87' lang='lat' dir='ltr'>fuerint</span> <span class='ocrx_word' id='word_1_133' title='bbox 802 2324 1016 2397; x_wconf 80' lang='lat' dir='ltr'>contestatae,</span> <span class='ocrx_word' id='word_1_134' title='bbox 1041 2324 1073 2383; x_wconf 86' lang='lat' dir='ltr'>et</span> <span class='ocrx_word' id='word_1_135' title='bbox 1102 2317 1276 2383; x_wconf 76' lang='lat' dir='ltr'>heredibus</span> <span class='ocrx_word' id='word_1_136' title='bbox 1300 2318 1418 2384; x_wconf 88' lang='lat' dir='ltr'>dantur</span> <span class='ocrx_word' id='word_1_137' title='bbox 1448 2323 1480 2383; x_wconf 93' lang='lat' dir='ltr'>et</span> 
     </span>
     <span class='ocr_line' id='line_1_18' title="bbox 303 2442 1480 2527; baseline -0.003 -17"><span class='ocrx_word' id='word_1_138' title='bbox 303 2450 418 2510; x_wconf 89' lang='lat' dir='ltr'>contra</span> <span class='ocrx_word' id='word_1_139' title='bbox 440 2443 579 2509; x_wconf 89' lang='lat' dir='ltr'>heredes</span> <span class='ocrx_word' id='word_1_140' title='bbox 606 2447 820 2506; x_wconf 80' lang='lat' dir='ltr'>transeunt».</span> <span class='ocrx_word' id='word_1_141' title='bbox 848 2442 996 2508; x_wconf 84' lang='lat' dir='ltr'>Heredes</span> <span class='ocrx_word' id='word_1_142' title='bbox 1019 2444 1104 2505; x_wconf 92' lang='lat' dir='ltr'>enim</span> <span class='ocrx_word' id='word_1_143' title='bbox 1125 2448 1373 2527; x_wconf 89' lang='lat' dir='ltr'>repraesentant</span> <span class='ocrx_word' id='word_1_144' title='bbox 1395 2443 1480 2508; x_wconf 89' lang='lat' dir='ltr'>illius</span> 
     </span>
    </p>
   </div>
   <div class='ocr_carea' id='block_1_3' title="bbox 302 2562 1478 2653">
    <p class='ocr_par' dir='ltr' id='par_1_5' title="bbox 302 2562 1478 2653">
     <span class='ocr_line' id='line_1_19' title="bbox 302 2562 1478 2653; baseline -0.003 -21"><span class='ocrx_word' id='word_1_145' title='bbox 302 2586 472 2653; x_wconf 88' lang='lat' dir='ltr'>personam</span> <span class='ocrx_word' id='word_1_146' title='bbox 497 2565 674 2635; x_wconf 83' lang='lat' dir='ltr'>iuridicam</span> <span class='ocrx_word' id='word_1_147' title='bbox 692 2566 745 2647; x_wconf 93' lang='lat' dir='ltr'>qui</span> <span class='ocrx_word' id='word_1_148' title='bbox 768 2564 808 2627; x_wconf 92' lang='lat' dir='ltr'>ad</span> <span class='ocrx_word' id='word_1_149' title='bbox 833 2562 983 2628; x_wconf 87' lang='lat' dir='ltr'>iudicium</span> <span class='ocrx_word' id='word_1_150' title='bbox 1006 2563 1206 2629; x_wconf 89' lang='lat' dir='ltr'>subeundum</span> <span class='ocrx_word' id='word_1_151' title='bbox 1226 2586 1269 2629; x_wconf 88' lang='lat' dir='ltr'>ex</span> <span class='ocrx_word' id='word_1_152' title='bbox 1292 2567 1383 2648; x_wconf 87' lang='lat' dir='ltr'>qnasi</span> <span class='ocrx_word' id='word_1_153' title='bbox 1406 2586 1478 2630; x_wconf 90' lang='lat' dir='ltr'>con-</span> 
     </span>
    </p>
   </div>
   <div class='ocr_carea' id='block_1_4' title="bbox 298 2692 1562 4141">
    <p class='ocr_par' dir='ltr' id='par_1_6' title="bbox 302 2692 1135 2779">
     <span class='ocr_line' id='line_1_20' title="bbox 302 2692 1135 2779; baseline -0.005 -19"><span class='ocrx_word' id='word_1_154' title='bbox 302 2702 409 2761; x_wconf 90' lang='lat' dir='ltr'>tractu</span> <span class='ocrx_word' id='word_1_155' title='bbox 432 2694 547 2779; x_wconf 84' lang='lat' dir='ltr'>quoad</span> <span class='ocrx_word' id='word_1_156' title='bbox 569 2696 703 2777; x_wconf 83' lang='lat' dir='ltr'>effectas</span> <span class='ocrx_word' id='word_1_157' title='bbox 726 2692 839 2758; x_wconf 82' lang='lat' dir='ltr'>civiles</span> <span class='ocrx_word' id='word_1_158' title='bbox 862 2712 896 2757; x_wconf 90' lang='lat' dir='ltr'>se</span> <span class='ocrx_word' id='word_1_159' title='bbox 920 2692 1135 2777; x_wconf 86' lang='lat' dir='ltr'>obligaverat;</span> 
     </span>
    </p>

    <p class='ocr_par' dir='ltr' id='par_1_7' title="bbox 298 2818 1562 4141">
     <span class='ocr_line' id='line_1_21' title="bbox 392 2818 1479 2905; baseline -0.002 -21"><span class='ocrx_word' id='word_1_160' title='bbox 392 2820 425 2901; x_wconf 88' lang='grc'>6)</span> <span class='ocrx_word' id='word_1_161' title='bbox 450 2820 514 2884; x_wconf 91' lang='lat' dir='ltr'>litis</span> <span class='ocrx_word' id='word_1_162' title='bbox 537 2820 728 2884; x_wconf 87' lang='lat' dir='ltr'>contestatio</span> <span class='ocrx_word' id='word_1_163' title='bbox 751 2820 958 2902; x_wconf 86' lang='lat' dir='ltr'>interrumpit</span> <span class='ocrx_word' id='word_1_164' title='bbox 981 2818 1267 2903; x_wconf 89' lang='lat' dir='ltr'>praescriptionem</span> <span class='ocrx_word' id='word_1_165' title='bbox 1293 2819 1386 2905; x_wconf 72' lang='lat' dir='ltr'>lonpi</span> <span class='ocrx_word' id='word_1_166' title='bbox 1402 2824 1479 2883; x_wconf 80' lang='lat' dir='ltr'>tant·</span> 
     </span>
     <span class='ocr_line' id='line_1_22' title="bbox 298 2939 1478 3033; baseline -0.004 -25"><span class='ocrx_word' id='word_1_167' title='bbox 298 2943 396 3025; x_wconf 72' lang='lat' dir='ltr'>ports</span> <span class='ocrx_word' id='word_1_168' title='bbox 418 2962 478 3008; x_wconf 86' lang='lat' dir='ltr'>sen</span> <span class='ocrx_word' id='word_1_169' title='bbox 502 2942 544 3005; x_wconf 88' lang='lat'>10</span> <span class='ocrx_word' id='word_1_170' title='bbox 566 2944 618 3007; x_wconf 88' lang='lat' dir='ltr'>oet</span> <span class='ocrx_word' id='word_1_171' title='bbox 640 2942 692 3033; x_wconf 73' lang='lat'>20</span> <span class='ocrx_word' id='word_1_172' title='bbox 713 2960 905 3007; x_wconf 83' lang='lat' dir='ltr'>annornm:</span> <span class='ocrx_word' id='word_1_173' title='bbox 925 2959 999 3026; x_wconf 80' lang='lat' dir='ltr'>arp.</span> <span class='ocrx_word' id='word_1_174' title='bbox 1024 2942 1044 3005; x_wconf 88' lang='lat' dir='ltr'>t.</span> <span class='ocrx_word' id='word_1_175' title='bbox 1070 2940 1129 3012; x_wconf 83' lang='lat'>26,</span> <span class='ocrx_word' id='word_1_176' title='bbox 1150 2940 1184 3007; x_wconf 88' lang='lat' dir='ltr'>C.</span> <span class='ocrx_word' id='word_1_177' title='bbox 1209 2941 1259 3005; x_wconf 88' lang='lat' dir='ltr'>De</span> <span class='ocrx_word' id='word_1_178' title='bbox 1279 2959 1349 3006; x_wconf 83' lang='lat' dir='ltr'>rer.</span> <span class='ocrx_word' id='word_1_179' title='bbox 1372 2939 1478 3006; x_wconf 73' lang='lat' dir='ltr'>eiad:</span> 
     </span>
     <span class='ocr_line' id='line_1_23' title="bbox 302 3064 1511 3150; baseline -0.003 -20"><span class='ocrx_word' id='word_1_180' title='bbox 302 3066 375 3131; x_wconf 94' lang='lat' dir='ltr'>dum</span> <span class='ocrx_word' id='word_1_181' title='bbox 408 3066 582 3150; x_wconf 88' lang='lat' dir='ltr'>longissimi</span> <span class='ocrx_word' id='word_1_182' title='bbox 607 3066 760 3149; x_wconf 89' lang='lat' dir='ltr'>temporis</span> <span class='ocrx_word' id='word_1_183' title='bbox 791 3064 1077 3149; x_wconf 88' lang='lat' dir='ltr'>praescriptionem</span> <span class='ocrx_word' id='word_1_184' title='bbox 1110 3064 1315 3149; x_wconf 89' lang='lat' dir='ltr'>interrumpit</span> <span class='ocrx_word' id='word_1_185' title='bbox 1336 3064 1405 3129; x_wconf 92' lang='lat' dir='ltr'>sola</span> <span class='ocrx_word' id='word_1_186' title='bbox 1431 3066 1478 3130; x_wconf 87' lang='lat' dir='ltr'>ci·</span> <span class='ocrx_word' id='word_1_187' title='bbox 1508 3113 1511 3119; x_wconf 18' lang='grc' dir='ltr'><strong>Α</strong></span> 
     </span>
     <span class='ocr_line' id='line_1_24' title="bbox 302 3184 1478 3273; baseline -0.002 -20"><span class='ocrx_word' id='word_1_188' title='bbox 302 3190 396 3253; x_wconf 86' lang='lat' dir='ltr'>tatio:</span> <span class='ocrx_word' id='word_1_189' title='bbox 420 3207 490 3273; x_wconf 84' lang='lat' dir='ltr'>arg.</span> <span class='ocrx_word' id='word_1_190' title='bbox 516 3189 536 3252; x_wconf 87' lang='lat' dir='ltr'>t.</span> <span class='ocrx_word' id='word_1_191' title='bbox 563 3186 673 3257; x_wconf 79' lang='lat' dir='ltr'>Quam</span> <span class='ocrx_word' id='word_1_192' title='bbox 703 3186 870 3253; x_wconf 84' lang='lat' dir='ltr'>notissimi</span> <span class='ocrx_word' id='word_1_193' title='bbox 905 3184 938 3251; x_wconf 83' lang='lat' dir='ltr'>G.</span> <span class='ocrx_word' id='word_1_194' title='bbox 964 3186 1021 3252; x_wconf 87' lang='lat' dir='ltr'>De·</span> <span class='ocrx_word' id='word_1_195' title='bbox 1039 3187 1242 3269; x_wconf 65' lang='lat' dir='ltr'>wmsetpa</span> <span class='ocrx_word' id='word_1_196' title='bbox 1267 3186 1317 3252; x_wconf 84' lang='lat'>30</span> <span class='ocrx_word' id='word_1_197' title='bbox 1346 3188 1398 3253; x_wconf 83' lang='lat' dir='ltr'>vet</span> <span class='ocrx_word' id='word_1_198' title='bbox 1429 3188 1478 3252; x_wconf 80' lang='lat'>40</span> 
     </span>
     <span class='ocr_line' id='line_1_25' title="bbox 302 3307 1478 3395; baseline -0.004 -18"><span class='ocrx_word' id='word_1_199' title='bbox 302 3332 383 3377; x_wconf 89' lang='lat' dir='ltr'>ann.</span> <span class='ocrx_word' id='word_1_200' title='bbox 393 3330 407 3392; x_wconf 89' lang='lat'><em>;</em></span> <span class='ocrx_word' id='word_1_201' title='bbox 423 3310 615 3375; x_wconf 90' lang='lat' dir='ltr'>triennalem</span> <span class='ocrx_word' id='word_1_202' title='bbox 640 3330 719 3375; x_wconf 89' lang='lat' dir='ltr'>vero</span> <span class='ocrx_word' id='word_1_203' title='bbox 735 3329 794 3395; x_wconf 90' lang='lat' dir='ltr'>pro</span> <span class='ocrx_word' id='word_1_204' title='bbox 819 3309 915 3374; x_wconf 90' lang='lat' dir='ltr'>rebus</span> <span class='ocrx_word' id='word_1_205' title='bbox 938 3307 1116 3380; x_wconf 87' lang='lat' dir='ltr'>mobilibus,</span> <span class='ocrx_word' id='word_1_206' title='bbox 1133 3309 1319 3382; x_wconf 75' lang='lat' dir='ltr'>ordinarie,</span> <span class='ocrx_word' id='word_1_207' title='bbox 1343 3328 1409 3373; x_wconf 90' lang='lat' dir='ltr'>non</span> <span class='ocrx_word' id='word_1_208' title='bbox 1431 3310 1478 3373; x_wconf 91' lang='lat' dir='ltr'>in·</span> 
     </span>
     <span class='ocr_line' id='line_1_26' title="bbox 301 3433 1562 3523; baseline -0.002 -24"><span class='ocrx_word' id='word_1_209' title='bbox 301 3436 458 3523; x_wconf 83' lang='lat' dir='ltr'>terrumpi</span> <span class='ocrx_word' id='word_1_210' title='bbox 481 3434 648 3499; x_wconf 85' lang='lat' dir='ltr'>accidebat</span> <span class='ocrx_word' id='word_1_211' title='bbox 671 3454 732 3499; x_wconf 87' lang='lat' dir='ltr'>nec</span> <span class='ocrx_word' id='word_1_212' title='bbox 754 3454 814 3520; x_wconf 89' lang='lat' dir='ltr'>per</span> <span class='ocrx_word' id='word_1_213' title='bbox 837 3434 901 3499; x_wconf 90' lang='lat' dir='ltr'>litis</span> <span class='ocrx_word' id='word_1_214' title='bbox 925 3433 1191 3498; x_wconf 88' lang='lat' dir='ltr'>contestationem</span> <span class='ocrx_word' id='word_1_215' title='bbox 1215 3452 1259 3497; x_wconf 82' lang='lat' dir='ltr'>ex</span> <span class='ocrx_word' id='word_1_216' title='bbox 1283 3435 1304 3498; x_wconf 85' lang='lat' dir='ltr'>t.</span> <span class='ocrx_word' id='word_1_217' title='bbox 1329 3434 1364 3508; x_wconf 78' lang='lat'>2,</span> <span class='ocrx_word' id='word_1_218' title='bbox 1380 3436 1403 3515; x_wconf 67' lang='lat' dir='ltr'>g</span> <span class='ocrx_word' id='word_1_219' title='bbox 1417 3435 1475 3517; x_wconf 77' lang='lat' dir='ltr'>fin.</span> <span class='ocrx_word' id='word_1_220' title='bbox 1558 3470 1562 3477; x_wconf 88' lang='lat'><strong>·</strong></span> 
     </span>
     <span class='ocr_line' id='line_1_27' title="bbox 300 3554 1485 3643; baseline -0.001 -24"><span class='ocrx_word' id='word_1_221' title='bbox 300 3561 335 3643; x_wconf 79' lang='lat' dir='ltr'>ff.</span> <span class='ocrx_word' id='word_1_222' title='bbox 351 3556 421 3623; x_wconf 87' lang='lat' dir='ltr'>Pro</span> <span class='ocrx_word' id='word_1_223' title='bbox 437 3564 513 3623; x_wconf 84' lang='lat' dir='ltr'>emt.</span> <span class='ocrx_word' id='word_1_224' title='bbox 531 3592 572 3606; x_wconf 94' lang='lat'><em>-</em></span> <span class='ocrx_word' id='word_1_225' title='bbox 591 3557 681 3631; x_wconf 83' lang='lat' dir='ltr'>Quod</span> <span class='ocrx_word' id='word_1_226' title='bbox 699 3558 725 3623; x_wconf 93' lang='lat' dir='ltr'>si</span> <span class='ocrx_word' id='word_1_227' title='bbox 741 3558 856 3640; x_wconf 90' lang='lat' dir='ltr'>aliquis</span> <span class='ocrx_word' id='word_1_228' title='bbox 876 3575 940 3619; x_wconf 92' lang='lat' dir='ltr'>non</span> <span class='ocrx_word' id='word_1_229' title='bbox 956 3556 1072 3636; x_wconf 85' lang='lat' dir='ltr'>valeat,</span> <span class='ocrx_word' id='word_1_230' title='bbox 1089 3556 1196 3637; x_wconf 88' lang='lat' dir='ltr'>aliquo</span> <span class='ocrx_word' id='word_1_231' title='bbox 1212 3554 1360 3621; x_wconf 86' lang='lat' dir='ltr'>detentus</span> <span class='ocrx_word' id='word_1_232' title='bbox 1381 3557 1485 3641; x_wconf 81' lang='lat' dir='ltr'>impe.</span> 
     </span>
     <span class='ocr_line' id='line_1_28' title="bbox 302 3679 1478 3765; baseline 0 -20"><span class='ocrx_word' id='word_1_233' title='bbox 302 3680 451 3763; x_wconf 81' lang='lat' dir='ltr'>dimonte,</span> <span class='ocrx_word' id='word_1_234' title='bbox 475 3682 563 3747; x_wconf 90' lang='lat' dir='ltr'>litem</span> <span class='ocrx_word' id='word_1_235' title='bbox 587 3681 750 3755; x_wconf 80' lang='lat' dir='ltr'>inchoare,</span> <span class='ocrx_word' id='word_1_236' title='bbox 767 3682 902 3745; x_wconf 90' lang='lat' dir='ltr'>meliore</span> <span class='ocrx_word' id='word_1_237' title='bbox 925 3680 1018 3744; x_wconf 91' lang='lat' dir='ltr'>modo</span> <span class='ocrx_word' id='word_1_238' title='bbox 1041 3700 1104 3763; x_wconf 89' lang='lat' dir='ltr'>quo</span> <span class='ocrx_word' id='word_1_239' title='bbox 1125 3685 1239 3765; x_wconf 88' lang='lat' dir='ltr'>potest,</span> <span class='ocrx_word' id='word_1_240' title='bbox 1256 3679 1383 3765; x_wconf 91' lang='lat' dir='ltr'>publice</span> <span class='ocrx_word' id='word_1_241' title='bbox 1406 3699 1478 3763; x_wconf 82' lang='lat' dir='ltr'>pro</span> 
     </span>
     <span class='ocr_line' id='line_1_29' title="bbox 301 3807 1475 3895; baseline 0 -20"><span class='ocrx_word' id='word_1_242' title='bbox 301 3814 437 3875; x_wconf 90' lang='lat' dir='ltr'>testetur</span> <span class='ocrx_word' id='word_1_243' title='bbox 460 3810 512 3873; x_wconf 86' lang='lat' dir='ltr'>vel</span> <span class='ocrx_word' id='word_1_244' title='bbox 535 3809 618 3895; x_wconf 88' lang='lat' dir='ltr'>apud</span> <span class='ocrx_word' id='word_1_245' title='bbox 641 3809 779 3874; x_wconf 90' lang='lat' dir='ltr'>iudicem</span> <span class='ocrx_word' id='word_1_246' title='bbox 807 3808 860 3872; x_wconf 91' lang='lat' dir='ltr'>vel</span> <span class='ocrx_word' id='word_1_247' title='bbox 882 3808 967 3892; x_wconf 85' lang='lat' dir='ltr'>apud</span> <span class='ocrx_word' id='word_1_248' title='bbox 997 3808 1142 3871; x_wconf 89' lang='lat' dir='ltr'>notarios</span> <span class='ocrx_word' id='word_1_249' title='bbox 1170 3807 1222 3871; x_wconf 89' lang='lat' dir='ltr'>vel</span> <span class='ocrx_word' id='word_1_250' title='bbox 1253 3807 1334 3892; x_wconf 89' lang='lat' dir='ltr'>apud</span> <span class='ocrx_word' id='word_1_251' title='bbox 1367 3811 1475 3876; x_wconf 81' lang='lat' dir='ltr'>testes,</span> 
     </span>
     <span class='ocr_line' id='line_1_30' title="bbox 301 3932 1475 4019; baseline -0.005 -18"><span class='ocrx_word' id='word_1_252' title='bbox 301 3956 335 4001; x_wconf 93' lang='lat' dir='ltr'>se</span> <span class='ocrx_word' id='word_1_253' title='bbox 358 3937 443 4000; x_wconf 87' lang='lat' dir='ltr'>velle</span> <span class='ocrx_word' id='word_1_254' title='bbox 467 3935 672 4000; x_wconf 92' lang='lat' dir='ltr'>nihilominus</span> <span class='ocrx_word' id='word_1_255' title='bbox 696 3935 983 4019; x_wconf 89' lang='lat' dir='ltr'>praescriptionem</span> <span class='ocrx_word' id='word_1_256' title='bbox 1009 3932 1178 4016; x_wconf 90' lang='lat' dir='ltr'>impedire;</span> <span class='ocrx_word' id='word_1_257' title='bbox 1203 3952 1245 3997; x_wconf 84' lang='lat' dir='ltr'>ex</span> <span class='ocrx_word' id='word_1_258' title='bbox 1269 3934 1289 3998; x_wconf 88' lang='lat' dir='ltr'>t.</span> <span class='ocrx_word' id='word_1_259' title='bbox 1313 3932 1340 3997; x_wconf 79' lang='lat'><em>2</em></span> <span class='ocrx_word' id='word_1_260' title='bbox 1362 3938 1393 3998; x_wconf 91' lang='lat' dir='ltr'>et</span> <span class='ocrx_word' id='word_1_261' title='bbox 1414 3933 1475 3997; x_wconf 80' lang='lat' dir='ltr'>alt.</span> 
     </span>
     <span class='ocr_line' id='line_1_31' title="bbox 302 4054 1476 4141; baseline -0.007 -16"><span class='ocrx_word' id='word_1_262' title='bbox 302 4060 376 4125; x_wconf 81' lang='lat' dir='ltr'>Ood.</span> <span class='ocrx_word' id='word_1_263' title='bbox 402 4060 455 4125; x_wconf 84' lang='lat' dir='ltr'>De</span> <span class='ocrx_word' id='word_1_264' title='bbox 478 4060 597 4124; x_wconf 86' lang='lat' dir='ltr'>annali</span> <span class='ocrx_word' id='word_1_265' title='bbox 619 4063 747 4140; x_wconf 78' lang='lat' dir='ltr'>concept.</span> <span class='ocrx_word' id='word_1_266' title='bbox 772 4055 827 4141; x_wconf 90' lang='lat' dir='ltr'>(l).</span> <span class='ocrx_word' id='word_1_267' title='bbox 855 4056 922 4119; x_wconf 89' lang='lat' dir='ltr'>Has</span> <span class='ocrx_word' id='word_1_268' title='bbox 952 4055 1030 4119; x_wconf 90' lang='lat' dir='ltr'>iuris</span> <span class='ocrx_word' id='word_1_269' title='bbox 1063 4057 1188 4119; x_wconf 88' lang='lat' dir='ltr'>romani</span> <span class='ocrx_word' id='word_1_270' title='bbox 1220 4054 1412 4120; x_wconf 88' lang='lat' dir='ltr'>subtilitates</span> <span class='ocrx_word' id='word_1_271' title='bbox 1442 4056 1476 4117; x_wconf 90' lang='lat' dir='ltr'>in</span> 
     </span>
    </p>
   </div>
   <div class='ocr_carea' id='block_1_5' title="bbox 301 4322 1476 4503">
    <p class='ocr_par' dir='ltr' id='par_1_8' title="bbox 301 4322 1476 4503">
     <span class='ocr_line' id='line_1_32' title="bbox 371 4322 1476 4398; baseline -0.004 -19"><span class='ocrx_word' id='word_1_272' title='bbox 371 4326 410 4398; x_wconf 83' lang='lat' dir='ltr'>(l)</span> <span class='ocrx_word' id='word_1_273' title='bbox 431 4327 505 4380; x_wconf 90' lang='lat' dir='ltr'>Haec</span> <span class='ocrx_word' id='word_1_274' title='bbox 524 4326 610 4392; x_wconf 88' lang='lat' dir='ltr'>innui,</span> <span class='ocrx_word' id='word_1_275' title='bbox 626 4326 692 4395; x_wconf 84' lang='lat' dir='ltr'>quia</span> <span class='ocrx_word' id='word_1_276' title='bbox 710 4324 782 4393; x_wconf 84' lang='lat' dir='ltr'>apud</span> <span class='ocrx_word' id='word_1_277' title='bbox 800 4325 958 4377; x_wconf 84' lang='lat' dir='ltr'>canonistas</span> <span class='ocrx_word' id='word_1_278' title='bbox 971 4325 1072 4393; x_wconf 88' lang='lat' dir='ltr'>passim</span> <span class='ocrx_word' id='word_1_279' title='bbox 1093 4325 1250 4379; x_wconf 85' lang='lat' dir='ltr'>referuntur</span> <span class='ocrx_word' id='word_1_280' title='bbox 1269 4323 1322 4379; x_wconf 88' lang='lat' dir='ltr'>bae</span> <span class='ocrx_word' id='word_1_281' title='bbox 1341 4322 1476 4394; x_wconf 81' lang='lat' dir='ltr'>praescri·</span> 
     </span>
     <span class='ocr_line' id='line_1_33' title="bbox 301 4431 856 4503; baseline -0.007 -17"><span class='ocrx_word' id='word_1_282' title='bbox 301 4433 409 4503; x_wconf 89' lang='lat' dir='ltr'>ptiones</span> <span class='ocrx_word' id='word_1_283' title='bbox 428 4434 506 4503; x_wconf 85' lang='lat' dir='ltr'>qnasi</span> <span class='ocrx_word' id='word_1_284' title='bbox 526 4432 615 4487; x_wconf 85' lang='lat' dir='ltr'>adhuc</span> <span class='ocrx_word' id='word_1_285' title='bbox 633 4432 715 4501; x_wconf 88' lang='lat' dir='ltr'>plene</span> <span class='ocrx_word' id='word_1_286' title='bbox 734 4431 856 4501; x_wconf 80' lang='lat' dir='ltr'>vigeant.</span> 
     </span>
    </p>
   </div>
   <div class='ocr_carea' id='block_1_6' title="bbox 0 0 1680 5117">
    <p class='ocr_par' dir='ltr' id='par_1_9' title="bbox 0 0 1680 5117">
     <span class='ocr_line' id='line_1_34' title="bbox 0 0 1680 5117; baseline 0 0"><span class='ocrx_word' id='word_1_287' title='bbox 0 0 1680 5117; x_wconf 95' lang='lat' dir='ltr'> </span> 
     </span>
    </p>
   </div>
  </div>
 </body>
</html>
