3350 5117
342 327 408 395 600
868 350 951 397 ruas
976 350 998 396 1.

341 471 421 553 tima'
441 471 495 536 vel
518 472 623 537 minua
646 471 819 537 collatione
842 469 991 538 beneficii
1015 470 1218 557 parochialis,
1236 478 1269 539 et
1285 472 1329 537 ita
1350 471 1527 537 adducitur

343 596 375 659 in
403 597 641 663 contentionem
673 596 854 663 iudicialem
886 598 1050 683 negotium
1077 597 1235 664 hactenus
1265 595 1526 663 extraiudiciale.

342 718 463 781 Tamen
491 719 566 801 quia
588 718 843 785 extraiudicialis
866 718 1041 806 appellatio
1064 719 1163 785 habet
1186 740 1258 785 cum
1282 717 1422 785 iudiciali
1439 737 1529 783 com·
1641 718 1642 753 r

341 863 456 908 munes
485 844 657 909 nonnullos
685 844 767 930 legis
795 842 940 918 effectus,
965 864 1029 909 non
1061 845 1220 912 immerito
1250 846 1279 910 ei
1308 846 1373 910 tale
1404 863 1529 911 nemen
1641 836 1642 847 ’

341 966 496 1032 tribuitur
513 966 569 1053 (1).

430 1094 505 1160 619.
531 1096 712 1179 Antequam
735 1096 871 1161 ulterius
896 1094 1109 1181 procedamus
1141 1094 1180 1160 ad
1212 1096 1353 1161 intimius
1382 1095 1530 1182 appella·

339 1219 436 1283 tionis
458 1219 621 1284 notionem
645 1219 866 1294 evolvendam,
894 1222 1038 1305 quaestio
1070 1224 1120 1285 est
1150 1219 1327 1293 enodanda,
1352 1240 1394 1283 an
1418 1221 1483 1285 ista
1508 1238 1529 1282 a

340 1342 412 1405 iure
435 1342 580 1425 positivo,
597 1341 651 1407 vel
673 1344 777 1429 potius
800 1362 820 1406 a
844 1343 985 1407 naturali
1009 1341 1187 1427 repetenda
1211 1344 1263 1409 sit.
1288 1345 1355 1408 Iam
1378 1342 1529 1407 adverti-
1641 1364 1642 1413 l

341 1485 412 1529 mus
435 1466 613 1531 institutum
637 1466 795 1533 iudicialis
817 1468 1042 1553 appellationis
1058 1466 1151 1533 modo
1171 1487 1190 1531 a
1214 1466 1304 1532 nobis
1320 1465 1476 1551 generice
1494 1464 1529 1527 in

342 1612 400 1657 sua
422 1590 607 1659 definitione
631 1592 836 1678 explicatum,
863 1611 928 1657 non
952 1612 972 1657 a
995 1594 1066 1657 iure
1089 1592 1240 1673 naturali,
1265 1590 1321 1655 sed
1344 1610 1364 1654 a
1387 1589 1530 1677 positivo

342 1731 412 1775 cau.
437 1713 620 1797 provenire.
650 1714 694 1779 At
717 1712 780 1777 hoc
803 1713 907 1797 magis
931 1712 1157 1797 explicandum
1181 1717 1239 1776 est.

432 1835 464 1921 1)
488 1836 566 1903 Cum
590 1838 704 1921 primis
725 1835 925 1911 advertatur,
949 1836 1199 1921 appellationem
1225 1812 1529 1903 euuuiuuicialem

341 1982 399 2026 scu
420 1962 651 2047 improprium
674 1956 795 2046 absque
818 1961 915 2028 dubio
939 1981 1011 2027 esse
1030 1962 1111 2027 iuris
1125 1962 1293 2035 naturalis,
1310 1964 1426 2047 quippe
1443 1960 1529 2027 nihil

341 2088 428 2153 aliud
450 2091 490 2154 sit
513 2110 607 2173 quam
631 2090 823 2156 exercitium
853 2089 1049 2155 detensionis
1072 2088 1240 2161 iudicialis,
1265 2107 1381 2173 nempe
1400 2108 1528 2172 prouo-

342 2214 428 2280 ectio
452 2214 499 2279 oct
522 2231 672 2288 causam,
697 2213 781 2298 quod
805 2216 855 2279 ius
879 2234 958 2279 sane
981 2234 1002 2278 a
1024 2218 1142 2279 natura
1165 2218 1224 2278 est.

430 2337 464 2423 2)
490 2338 671 2423 Appellatio
694 2357 774 2402 vero
800 2338 952 2420 propria
982 2358 1040 2403 seu
1069 2337 1241 2405 iudicialis
1267 2342 1424 2421 quatenus
1449 2356 1528 2403 con·
1630 2346 1634 2360 ·

340 2463 421 2526 tinet
440 2480 609 2526 recursum
632 2461 673 2525 ad
696 2461 834 2527 iudicem
851 2462 1074 2544 superiorem,
1092 2468 1128 2527 ut
1143 2460 1320 2544 inferioris
1335 2462 1526 2546 corrigatur

338 2584 508 2664 sententia,
517 2602 582 2648 non
595 2583 777 2649 immediate
785 2582 913 2650 derivat
925 2603 944 2648 a
957 2585 1028 2648 iure
1040 2588 1186 2651 naturae.
1197 2582 1360 2668 Siquidem
1372 2584 1526 2649 naturale

334 2706 383 2769 ius
402 2706 568 2791 praecipit,
587 2704 710 2771 civibus
726 2711 859 2791 praesto
884 2725 956 2770 esse
972 2726 1103 2789 suorum
1127 2708 1244 2770 iurium
1268 2705 1451 2771 iudicialem
1467 2706 1525 2771 de-

335 2830 524 2902 sensionem,
546 2829 754 2915 eamdemque
781 2831 826 2895 ita
850 2828 1062 2895 ordinandam
1079 2850 1159 2911 esse,
1176 2836 1213 2897 ut
1230 2831 1345 2897 iudicis
1361 2832 1525 2917 imperitia

334 2957 389 3018 aut
412 2953 535 3017 malitia
556 2953 733 3038 legitimam
758 2974 822 3019 non
850 2953 1002 3040 impediat
1023 2954 1103 3019 iuris
1126 2956 1329 3020 controversi
1353 2957 1523 3021 tuitionem

336 3083 369 3144 et
391 3077 621 3146 definitionem.
645 3079 690 3147 nt
714 3080 798 3146 idem
822 3083 872 3147 ius
897 3102 963 3146 non
987 3080 1178 3167 expostulat,
1203 3078 1344 3147 officium
1367 3084 1523 3169 cognitio

430 3291 469 3362 (l)
488 3291 651 3346 Institutum
673 3291 872 3363 appellationis
892 3293 1032 3362 prioribus
1057 3293 1131 3347 Eccl.
1150 3292 1269 3348 saeculis
1295 3294 1352 3347 lere
1377 3291 1450 3346 haud
1470 3291 1526 3345 fuit

262 3427 265 3433 ,
342 3402 557 3471 frequentatum,
576 3402 712 3473 siquidem
730 3417 807 3457 more
827 3400 956 3479 arbitrali
976 3401 1182 3456 controversiae
1203 3400 1276 3471 apud
1301 3398 1405 3454 iudices
1424 3399 1525 3455 eccles

342 3507 543 3562 dirimebantur
561 3513 610 3562 aut
628 3508 658 3561 in
676 3507 783 3577 synodo
802 3508 993 3577 agitabantur,
1009 3506 1088 3560 cuius
1110 3508 1250 3561 sententia
1268 3506 1341 3575 apud
1360 3505 1479 3560 clericos
1497 3508 1526 3560 et

342 3614 438 3671 fideles
461 3616 618 3669 absolutam
641 3614 787 3670 obtinebat
815 3615 1021 3670 auctoritatem.
1047 3614 1161 3677 Verum,
1180 3612 1281 3683 adepto
1308 3614 1403 3684 quieto
1430 3629 1525 3667 rerum

342 3724 426 3787 statu,
445 3719 571 3774 Ecclesia
588 3718 623 3774 de
641 3720 772 3775 instituto
790 3719 990 3790 appellationis
1008 3736 1093 3790 agere
1112 3718 1223 3786 debuit3
1242 3736 1328 3791 quara
1347 3720 1376 3772 in
1390 3718 1525 3774 Conciliis

342 3825 466 3880 Nicaeno
484 3825 522 3898 (a.
542 3824 607 3895 325)
626 3831 655 3881 et
673 3825 828 3880 Sardicensi
848 3824 885 3896 (a.
906 3822 971 3895 343)
990 3824 1165 3879 celeberrimi
1192 3824 1244 3878 hac
1268 3823 1301 3877 dc
1326 3840 1357 3899 re
1381 3822 1438 3878 dati
1458 3827 1524 3879 sunt

342 3946 470 3985 canones.
490 3930 520 3984 ln
539 3930 662 3986 Nicaeno
681 3934 774 3985 actum
793 3935 836 3984 est
855 3929 1005 3999 praecipue
1018 3928 1051 3983 de
1070 3928 1261 3998 appellatione
1274 3927 1383 3983 clericis
1402 3932 1432 3984 et
1445 3927 1525 3983 laicis

342 4034 476 4103 permissa
493 4034 528 4088 ad
547 4036 682 4106 synodum
702 4033 902 4105 provincialem
922 4033 1054 4088 adversus
1072 4034 1241 4088 sententiam
1260 4032 1396 4103 Episcopi.
1418 4032 1449 4087 lu
1462 4032 1525 4087 Sar·

340 4138 446 4193 dicensi
464 4155 584 4195 canonas
603 4141 670 4195 aditi
689 4145 754 4194 sunt
776 4139 952 4209 percelebres
978 4140 1053 4193 circa
1073 4138 1276 4208 appellationes
1294 4138 1329 4191 ad
1347 4136 1446 4193 Sedena
1467 4138 1523 4192 uo·

341 4263 461 4301 manum.
479 4246 519 4302 Cf.
540 4248 757 4318 Hergenrbther,
768 4250 810 4302 Dc
828 4248 939 4319 appell.
953 4276 990 4289 -
1008 4248 1064 4301 Has
1083 4248 1261 4318 quaestiones
1278 4247 1329 4300 sub
1348 4251 1465 4316 aspectu
1484 4248 1523 4300 iu·

342 4356 436 4412 diciali
455 4357 542 4411 solide
560 4358 725 4428 copioseque
736 4346 902 4425 'pertractat
921 4356 1028 4423 Devoti,
1046 4356 1186 4411 instaura.
1202 4357 1261 4411 Lib.
1283 4355 1334 4409 ΙΙΙ
1358 4358 1399 4411 De
1417 4356 1521 4427 appell.

343 4467 381 4516 u't.
396 4464 443 4532 15,
455 4482 482 4518 n.
496 4465 537 4517 20
549 4482 602 4534 seq.
613 4465 663 4519 sed
672 4466 792 4519 maxime
802 4466 830 4518 in
843 4464 1004 4534 Prolepom.
1016 4466 1045 4516 in
1058 4463 1107 4517 Ins
1119 4482 1179 4518 carr.
1198 4466 1273 4517 Turn.
1287 4462 1297 4516 l
1311 4468 1340 4518 ct
1354 4462 1389 4523 ΙΙΙ
1402 4466 1521 4535 append.
