3350 5117
555 318 600 365 nn
624 316 764 366 1un1c11s
787 315 1053 364 nccnnsmsrrcrs
1327 292 1393 359 603

218 440 485 506 determinaverit
496 438 719 525 appellationis
730 438 896 504 iudicialis.
907 474 924 487 -
938 437 1065 523 Regula
1076 441 1132 507 est,
1146 435 1392 521 appellationem

215 562 288 630 fieri
308 583 328 629 a
343 563 448 629 iudice
471 563 628 631 inferiore
643 564 684 630 ad
699 567 911 650 superiorem,
928 570 961 629 et
976 563 1153 630 ordinarie
1168 560 1294 646 quidem
1310 579 1392 647 grc-

213 687 322 753 dutim
344 705 412 751 non
433 686 650 771 penneltum,
672 704 731 752 seu
752 682 824 750 fieri
848 683 889 750 ad
912 686 1095 770 proximum
1120 687 1152 747 et
1175 680 1392 747 immediatum

215 811 427 896 superiorem,
452 829 517 875 non
541 829 620 875 vero
636 808 677 875 ad
691 809 876 881 mediatum,
895 809 1011 873 omisso
1025 806 1139 871 medio.
1157 806 1199 871 Et
1214 805 1297 870 haec
1312 805 1392 869 iuris

213 936 427 1023 praescriptio
461 936 601 999 maxime
631 939 703 1019 post
732 932 866 999 decreta
897 933 994 998 Gonc.
1024 931 1111 997 Tuid.
1143 932 1177 996 in
1211 949 1288 996 cess.
1319 930 1389 1003 22,

212 1078 287 1145 cap.
314 1061 337 1126 7
358 1060 410 1127 De
431 1059 497 1142 ref.
522 1064 555 1124 et
576 1078 655 1125 cass.
679 1058 740 1142 24,
759 1076 835 1141 cap.
859 1056 915 1123 20
937 1058 988 1123 De
1009 1052 1074 1140 ref.
1091 1054 1185 1146 debet
1207 1055 1321 1121 haberi
1344 1056 1392 1120 uti

212 1183 376 1257 absoluta,
397 1185 564 1269 pertinens
586 1182 627 1248 ad
651 1182 700 1248 ius
723 1182 896 1268 publicum,
914 1183 964 1247 cui
981 1185 1091 1267 partes
1114 1180 1310 1245 renunciare
1325 1198 1390 1243 non

213 1310 324 1376 valent
339 1312 456 1397 quippe
468 1309 716 1396 competentiam
731 1309 866 1375 ratione
879 1308 1012 1395 produc
1026 1313 1152 1373 mutare
1167 1304 1310 1393 partibus
1325 1324 1390 1369 non

210 1432 262 1497 ias
284 1437 344 1500 est.
368 1435 445 1499 Iure
467 1433 553 1497 enim
575 1433 707 1515 antiquo
731 1432 860 1497 Decret.
886 1450 929 1496 ex
952 1450 1026 1515 cap.
1044 1430 1100 1508 66,
1119 1430 1149 1494 Ιι.
1168 1434 1187 1493 Ι.
1206 1429 1240 1493 X
1260 1424 1316 1511 (ΙΙ,
1333 1425 1389 1514 28)

211 1557 385 1643 appellatio
403 1576 471 1640 per
492 1559 617 1622 sottum
641 1560 769 1642 poterat
792 1575 811 1620 a
834 1554 979 1641 partibus
1002 1559 1073 1619 rata
1092 1552 1216 1634 haberi,
1234 1554 1261 1617 si
1277 1555 1389 1616 contre

215 1680 303 1746 illam
326 1680 475 1765 exceptio
498 1700 564 1743 non
587 1688 784 1760 moveretur,
804 1685 837 1744 et
860 1677 933 1742 inde
957 1676 1197 1765 intelligebatur
1213 1676 1321 1741 sanari
1340 1675 1391 1741 de·

215 1804 322 1872 lectus
344 1824 404 1890 per
425 1804 686 1889 prorogationem
715 1804 956 1888 competentiae.
981 1802 1030 1869 cf.
1054 1799 1149 1868 Reiff.
1175 1802 1206 1866 h.
1228 1807 1248 1867 t.
1272 1822 1306 1867 a.
1331 1801 1386 1867 74.

114 1947 118 1955 ·
213 1931 259 1996 At
281 1936 392 2017 postea
414 1950 434 1995 a
457 1930 555 1997 Cone.
580 1929 680 2016 Lugd.
705 1950 737 1996 a.
761 1927 856 1994 1242
877 1929 911 1993 in
935 1948 1009 2012 cap.
1033 1927 1202 2002 Romana,
1220 1926 1253 2001 3,
1271 1928 1293 2011 ἓ
1310 1928 1338 2000 1,
1356 1929 1386 1993 h.

216 2058 237 2118 t.
260 2054 298 2118 in
321 2054 353 2128 6,
378 2053 434 2139 (ΙΙ,
462 2052 515 2137 15)
545 2057 697 2119 statutum
721 2052 784 2117 fuit
806 2052 1038 2137 appellationes
1067 2071 1133 2117 non
1156 2052 1297 2137 permitti
1328 2054 1387 2119 nisi

212 2178 372 2263 gradatim
396 2181 569 2263 promotas.
593 2176 718 2241 Verum
743 2177 817 2259 quia
839 2196 882 2241 ex
905 2176 968 2242 hoc
991 2175 1122 2242 decreto
1146 2176 1255 2241 salvae
1285 2176 1389 2242 decla·

219 2306 335 2366 rantur
369 2300 539 2387 legitimae
573 2302 768 2368 contrariae
800 2301 1075 2382 consuetudinem
1104 2302 1281 2368 Concilium
1317 2303 1387 2367 Tri-

218 2424 384 2490 dentinum
416 2424 438 2489 Ι.
463 2443 491 2490 c.
516 2426 682 2489 innovavit
711 2429 811 2489 const.
835 2423 996 2492 Romana
1028 2427 1098 2490 Inn.
1124 2427 1172 2493 IV
1204 2432 1237 2493 et
1262 2429 1389 2493 sustulit

216 2548 449 2634 quamcumque
465 2552 663 2615 contrariam
688 2550 958 2623 consuetudinem,
977 2550 1154 2616 extendens
1174 2552 1259 2616 hanc
1282 2552 1387 2637 legem

215 2674 313 2738 etiam
343 2672 384 2738 ad
415 2672 539 2757 legatos
570 2672 709 2737 Sanctae
742 2669 845 2738 Sedis.
874 2673 946 2737 Dixi
977 2672 1169 2755 ordinarie,
1195 2674 1267 2757 quia
1295 2693 1387 2740 exce·

207 2798 273 2882 ptio
295 2794 346 2867 fit.

299 2920 330 3005 Ι)
353 2919 395 2985 ob
425 2922 597 3005 primatum
630 2919 815 2996 Pontificis;
848 2921 941 2993 unde,
974 2922 1088 2987 omisso
1120 2921 1233 2995 medic,
1259 2941 1278 2986 a
1308 2942 1387 3007 qno·

211 3062 348 3127 cumque
370 3044 476 3109 iudice
507 3044 546 3109 ad
578 3046 700 3130 Papam
731 3044 889 3131 appellari
920 3052 1033 3131 potest,
1059 3053 1091 3112 et
1120 3047 1197 3113 hinc
1228 3050 1386 3114 etiamad

210 3168 311 3253 (long.
336 3168 501 3233 Romanas
523 3170 653 3233 nomine
676 3177 708 3234 et
730 3170 924 3235 auctoritate
948 3168 1113 3237 Pontificis
1136 3172 1323 3238 iudicantes.
1343 3175 1387 3239 At

207 3294 360 3373 vicissim,
384 3291 425 3356 ab
447 3292 511 3357 hac
533 3292 648 3377 regula
672 3294 833 3383 excipitur
856 3314 1034 3377 casusque
1064 3295 1247 3379 appelletur
1269 3315 1289 3359 a
1316 3294 1386 3361 sub·

207 3414 356 3501 delegato
379 3414 519 3501 delegati
543 3415 662 3501 Papae,
685 3417 739 3501 qui
762 3416 984 3503 subdelegavit
1010 3436 1075 3481 non
1107 3420 1139 3483 in
1169 3424 1270 3484 totum
1294 3439 1383 3485 suam

207 3540 468 3605 iurisdictionem.
498 3540 589 3607 Tunc
620 3542 706 3606 enim
739 3562 811 3607 cum
836 3541 1001 3629 delegatus
1030 3543 1138 3629 Papae
1162 3551 1385 3631 repraesentet

209 3684 381 3750 personam
396 3665 558 3748 Eiusdem,
575 3686 641 3731 non
658 3666 754 3733 debet
768 3668 925 3753 appellari
941 3668 982 3733 ad
998 3670 1129 3753 Papam.
1142 3669 1197 3735 sed
1213 3670 1253 3736 ad
1269 3669 1384 3737 subde-

207 3787 388 3873 legantem;
412 3809 455 3854 ex
478 3809 505 3855 c.
530 3810 557 3856 c.
581 3789 642 3871 27,
667 3790 828 3872 §Porro
853 3791 903 3857 De
926 3793 981 3875 off.
998 3793 1104 3879 detep.
1128 3794 1164 3858 X
1184 3790 1222 3878 (1,
1247 3792 1303 3877 29)
1326 3794 1385 3859 sub

202 3917 237 3977 et
260 3913 283 3978 7
305 3911 411 4012 eiusd.
435 3914 482 3979 tit.
506 3914 544 3979 ia
567 3914 600 3979 6.
627 3913 683 3999 (ΙΙ.
711 3914 774 4000 14).

293 4036 328 4123 2)
353 4038 520 4125 [ntegrum
544 4059 624 4104 vero
656 4045 705 4105 est
734 4038 901 4126 appellare
932 4042 1027 4106 etiam
1058 4041 1098 4107 ed
1130 4042 1266 4108 iudicem
1293 4044 1384 4129 Papa

205 4160 404 4234 inferiorem,
430 4163 546 4227 omisso
570 4162 684 4234 medio,
702 4166 728 4228 si
752 4163 852 4230 iudex
874 4164 1083 4231 intermedius
1106 4166 1210 4232 factus
1233 4169 1273 4233 sit
1294 4167 1384 4233 inha-

201 4286 275 4353 bilis
298 4288 421 4373 phisica
444 4288 498 4354 vel
522 4290 689 4355 moraliter
712 4311 755 4356 ex
777 4310 805 4357 c.
830 4311 856 4357 c.
883 4289 916 4365 3,
943 4291 973 4355 h.
993 4297 1013 4356 t.
1037 4292 1073 4357 iu
1098 4293 1168 4359 eet
1189 4294 1233 4359 10
1255 4292 1310 4361 De
1326 4296 1381 4379 off.

201 4411 307 4499 deleo.
331 4411 370 4479 in
392 4412 424 4487 6,
449 4413 491 4479 cf.
517 4414 558 4479 cl.
582 4413 672 4481 Santi
696 4414 726 4479 lv.
752 4420 772 4479 t.
796 4435 829 4480 u.
853 4414 885 4481 9.
