3350 5117
484 295 528 342 nr
553 295 691 343 rumcus
715 293 979 342 nocuusrnsrrcrs
1251 277 1320 342 653

142 423 314 508 praecipue
332 422 364 483 in
380 421 480 485 laicos
496 437 561 482 non
577 415 711 494 sullicit;
728 422 806 483 tunc
821 397 986 484 Ordinarii
999 437 1059 502 pro
1075 438 1134 483 sua
1148 417 1321 503 prudentia

142 545 225 630 quod
242 545 347 610 minus
363 546 480 612 malurn
504 550 554 610 est
578 545 716 630 eligant;
741 545 783 609 cf.
801 544 916 616 Bouix‚
941 545 990 609 De
1013 543 1084 608 iud.
1106 544 1154 617 ll,
1174 562 1211 626 p.
1234 541 1319 608 244.

231 670 306 736 680.
332 669 415 744 Quia
438 670 472 734 in
496 671 687 735 executione
711 671 891 735 sententiae
907 667 985 733 illud
1001 667 1084 751 quod
1100 668 1254 752 primario
1269 673 1320 731 at·

142 792 284 858 tenditur
307 797 356 858 est
378 793 492 876 ipsum
514 793 568 858 ius
583 795 615 858 in
632 793 792 858 sententia
808 791 1018 872 declaratum,
1035 790 1098 858 duo
1118 796 1323 858 consectaria

143 916 337 982 attendenda
359 921 449 992 sunt;

235 1039 266 1126 l)
289 1045 478 1125 potestatem
502 1041 698 1108 iudicialem
720 1039 806 1106 finiri
829 1059 890 1125 per
908 1043 1099 1107 sententiam
1122 1041 1320 1109 definitivam

145 1183 184 1226 eo
207 1182 301 1228 sensu
325 1182 387 1246 quo
411 1163 443 1226 in
468 1164 488 1228 l.
507 1164 683 1230 ludecen
698 1165 733 1247 ff.
751 1163 854 1229 Dore
870 1164 940 1230 iud.
958 1164 1093 1231 dicitur:
1113 1186 1132 1227 a
1148 1165 1252 1231 Iudex
1266 1187 1320 1251 po·

145 1291 306 1369 steaquam
331 1287 430 1351 semel
454 1287 645 1351 sententiam
663 1283 884 1370 (definitivam)
901 1284 991 1368 dixit,
1008 1292 1120 1372 postea
1136 1286 1233 1354 iudex
1248 1308 1322 1353 esse

144 1415 237 1480 desiit
249 1420 281 1480 et
292 1414 355 1479 hoo
368 1416 438 1478 iure
452 1383 574 1477 'utimur
590 1416 624 1476 ut
691 1410 827 1497 amplius
841 1414 1033 1478 sententiam
1049 1432 1139 1478 suam
1152 1407 1322 1499 corrigere

144 1555 209 1600 non
232 1535 340 1620 possit,
357 1534 457 1599 semel
473 1535 558 1599 enim
582 1535 649 1599 sive
673 1533 757 1597 mele
780 1534 848 1598 sive
863 1532 946 1598 bene
961 1533 1066 1600 officio
1082 1535 1211 1600 functus
1226 1539 1319 1601 est».

146 1657 235 1724 Unde
258 1660 291 1723 in
307 1657 464 1723 sententia
481 1655 671 1740 exequenda
693 1675 757 1720 non
781 1658 890 1721 exerit
912 1662 1101 1742 potestatem
1124 1659 1321 1726 iudicialem

145 1784 201 1849 sed
225 1783 447 1855 eucraticum,
477 1787 510 1846 et
532 1783 609 1846 binc
633 1782 787 1869 deiopeia
809 1782 963 1849 iudiciali
985 1783 1226 1867 iurisdictione,
1254 1806 1320 1851 non

146 1910 263 1974 exinde
280 1911 464 1974 necessario
488 1909 679 1996 intelligitur
694 1909 845 1994 delegata
859 1910 956 1974 etiam
979 1915 1119 1997 potestas
1142 1911 1322 1976 sententiae

145 2035 333 2108 executiva;
358 2053 455 2116 quum
478 2052 541 2097 una
566 2013 634 2098 sine
657 2032 762 2100 altera
785 2035 881 2100 etiam
905 2037 1056 2100 exerceri
1078 2036 1194 2100 valeat.

234 2159 268 2244 2)
291 2158 419 2223 Exinde
441 2158 595 2223 nonnulla
619 2165 805 2244 competunt
829 2159 942 2255 iudicis
962 2160 1144 2225 executioni
1168 2157 1264 2223 etiam
1279 2156 1322 2222 ab

147 2303 185 2348 eo
209 2303 273 2347 non
298 2283 449 2358 iudicata
474 2285 519 2347 ita
542 2284 573 2346 in
598 2287 786 2368 potestatem
811 2284 1013 2348 executivam
1037 2283 1157 2348 eadunt
1180 2301 1244 2346 uon
1267 2302 1320 2347 so-

144 2408 210 2472 lum
233 2409 410 2472 sententiae
435 2413 467 2472 et
490 2407 622 2474 decreta
645 2409 816 2482 iudiciaba,
834 2409 891 2474 sed
914 2411 1020 2474 omnia
1043 2410 1114 2473 iura
1138 2427 1220 2492 quae
1242 2407 1324 2474 indi·

145 2534 223 2615 gent
245 2531 436 2596 executione
460 2528 519 2615 (l).

234 2653 309 2719 681.
327 2653 438 2728 Quoad
455 2655 527 2719 iura
543 2661 648 2720 autem
661 2673 742 2738 quae
756 2655 963 2722 eontinentur
977 2655 1015 2720 in
1030 2675 1069 2720 re
1080 2655 1231 2722 iudicata
1247 2675 1321 2720 exe·

145 2779 267 2843 cutioui
291 2778 511 2845 demandanda
533 2780 657 2846 adverti
675 2779 778 2862 debet,
796 2781 989 2847 senteutiam
1005 2781 1187 2846 iudicialem
1203 2800 1263 2866 per
1286 2800 1321 2845 se

146 2922 209 2967 non
233 2905 429 2969 constituere
453 2910 508 2970 aut
530 2907 683 2970 conferre
705 2924 796 2972 noua
819 2904 910 2986 iuro,
927 2905 983 2971 sed
1002 2907 1083 2971 iura
1102 2913 1321 2974 controversa

145 3027 325 3094 declarare.
351 3031 409 3094 Vis
441 3031 620 3097 sententiae
650 3030 786 3115 proinde
813 3031 1058 3097 retrotrahitur
1079 3031 1119 3094 ad
1143 3030 1226 3095 diem
1255 3030 1324 3096 litis

145 3158 348 3219 contestatae
355 3174 369 3236 ;
386 3174 443 3219 seu
465 3175 485 3218 a
509 3160 669 3221 momento
693 3155 758 3220 litis
782 3160 980 3220 contestatae
1004 3161 1178 3220 censentur
1201 3156 1273 3219 iura
1288 3154 1322 3218 in

146 3279 306 3343 sententia
326 3277 488 3343 declarari
505 3283 540 3342 ut
555 3280 619 3344 vim
643 3279 784 3344 habeant
800 3299 838 3344 ac
854 3280 881 3344 si
897 3299 1059 3364 nunquam
1076 3278 1212 3344 fuissent
1227 3277 1325 3343 dubia

145 3406 202 3466 aut
224 3407 444 3476 controversa,
470 3422 586 3487 nempe
609 3421 629 3466 a
651 3423 708 3468 suo
734 3404 890 3468 exercitio
913 3402 1085 3488 prohibita.
1107 3401 1323 3478 Quamobrem

145 3545 206 3610 pro
230 3532 346 3591 natura
370 3527 451 3591 iuris
474 3525 632 3592 declarati
655 3517 841 3592 decernitur
857 3546 900 3591 an
916 3527 1061 3591 nonnulli
1076 3525 1247 3610 aliquando
1262 3526 1324 3591 ha·

234 3775 273 3844 (l)
293 3775 362 3828 ltem
376 3791 409 3828 ex
422 3773 610 3827 iurisdictione
622 3772 787 3841 voluntaria,
800 3789 871 3844 quae
884 3778 928 3828 est
940 3774 1104 3829 executivao
1113 3773 1228 3843 species,
1240 3773 1325 3828 iudex

145 3883 226 3954 plura
244 3883 412 3938 determinat
432 3887 461 3935 et
477 3881 633 3952 exequitur,
653 3883 684 3933 ut
704 3885 770 3950 puta
789 3881 819 3934 in
838 3880 967 3935 civilibus
982 3881 1030 3935 det
1044 3885 1159 3947 tutores,
1172 3885 1325 3946 curatores,

146 3992 237 4060 aperit
251 3995 425 4045 testamenta
444 3993 473 4042 et
492 3987 604 4042 conficit
622 3988 819 4053 inventarium,
838 3987 938 4041 dividit
955 3989 1027 4041 bona
1049 3987 1231 4042 successionis
1249 3988 1325 4042 inter

10 4095 12 4152 ζ
89 4166 95 4186 N
146 4092 261 4148 heredes
280 4098 342 4156 ete.;
363 4093 391 4146 in
411 4090 603 4160 spiritualibus
622 4107 688 4145 vero
707 4091 817 4146 ordinat
835 4091 960 4157 clericos,
978 4094 1086 4146 confert
1111 4093 1256 4158 beneficia,
1274 4092 1327 4145 im·

145 4198 233 4252 mittit
252 4199 280 4252 in
300 4200 373 4252 bona
391 4195 575 4261 beneficialis,
589 4195 729 4266 dispensat
748 4199 783 4250 ab
801 4197 1005 4266 impedimentis
1023 4197 1203 4263 matrimonii,
1222 4215 1239 4250 a
1251 4198 1325 4252 votis

143 4312 173 4362 et
192 4308 338 4378 exequitur
356 4304 456 4371 bullas,
475 4303 579 4372 brevia,
600 4304 735 4374 rescripta
753 4321 803 4374 pro
822 4307 912 4360 forma
929 4311 959 4361 et
976 4305 1145 4360 auotoritate
1162 4305 1188 4360 ei
1208 4305 1324 4367 domnu-

145 4415 210 4469 deta
229 4432 246 4468 a
265 4413 377 4468 Summo
397 4413 541 4468 Pontifico.
