3350 5117
347 282 414 347 520
874 300 959 347 rans
984 300 1005 347 1.

438 432 469 517 1)
494 432 525 498 Si
550 432 614 496 sint
637 429 839 510 authentica,
864 448 981 514 nempe
1012 430 1039 491 si
1066 428 1194 515 publica
1216 432 1408 495 auctoritate
1432 449 1520 494 reco-

346 556 435 639 gnita
462 555 583 619 fuerint
609 554 732 619 directe
759 551 811 617 vel
836 552 994 617 indirecte
1018 554 1063 617 uti
1087 573 1169 618 vera
1191 559 1225 618 et
1248 555 1399 639 genuina
1422 554 1521 629 Quum

347 677 519 763 apponitur
542 675 681 761 sigillum
708 680 763 740 aut
785 676 953 761 signatura
976 676 1094 761 publici
1123 674 1268 741 officialis
1291 678 1399 741 statim
1430 693 1524 741 reco-

347 804 547 883 gnoscuntur
570 801 614 864 uti
639 800 836 866 authentica.
1088 774 1091 779 Ι

438 921 471 987 Si
494 942 573 987 vero
596 922 696 987 velint
719 921 850 1007 probari
875 922 918 985 uti
943 922 1140 1003 authentica,
1164 924 1239 1008 quia
1266 922 1351 987 edita
1374 927 1449 987 sunt
1473 921 1525 986 illa

349 1046 561 1111 instrumenta
583 1067 632 1113 ex·
648 1048 803 1112 archiviis
826 1049 977 1124 civitatis,
994 1049 1046 1113 vel
1062 1050 1341 1129 monasteriorum,
1367 1046 1525 1113 Ecclesia-

349 1188 421 1233 rum
444 1169 495 1234 vel
519 1170 713 1235 familiarum
738 1170 921 1252 illustrium,
937 1177 1016 1235 tunc
1039 1178 1173 1237 eatenus
1196 1170 1391 1236 antianum
1413 1170 1524 1235 haberi

349 1296 491 1373 possunt,
516 1295 671 1375 qnatenus
690 1293 914 1357 auctoritatem
935 1298 1103 1357 merentur
1125 1292 1272 1357 archivis
1295 1313 1316 1357 a
1339 1291 1455 1377 quibus
1478 1290 1527 1357 de·

348 1422 476 1502 sumpta
499 1425 583 1484 sunt.
602 1420 640 1484 In
656 1419 718 1483 hoc
733 1421 932 1504 propositum
949 1421 1028 1485 scite
1044 1421 1091 1484 De
1115 1420 1212 1493 Luca,
1230 1419 1320 1485 Disc.
1335 1419 1395 1492 28,
1411 1439 1448 1484 η.
1468 1420 1526 1497 22,

348 1542 498 1623 advertit,
524 1547 646 1608 certam
671 1544 816 1630 regulam
846 1545 941 1611 statui
966 1564 1031 1607 non
1055 1562 1148 1629 posse
1171 1543 1275 1628 quoad
1302 1547 1528 1609 auctoritatem

348 1669 578 1741 archiviorum,
605 1669 660 1733 sed
684 1672 790 1735 ornnia
814 1671 1027 1736 determinari
1053 1691 1097 1735 ex
1118 1670 1278 1735 adiunctis
1303 1691 1427 1745 rerum;
1456 1690 1528 1735 narn

348 1794 444 1857 etiam
462 1794 493 1856 in
510 1793 664 1857 archiviis
679 1792 814 1878 publicis
839 1793 1028 1857 conservari
1046 1802 1178 1878 possunt
1201 1794 1284 1857 falsa
1303 1795 1527 1859 instrumenta.

436 1914 469 2000 2)
500 1915 631 1982 Constat
654 1915 694 1982 de
719 1920 1007 1982 instrumentorum
1032 1918 1241 2003 genuinitate,
1258 1919 1285 1981 si
1309 1936 1386 2003 pars
1410 1923 1526 1983 contra

350 2059 443 2121 quam
467 2038 658 2115 afferuntur,
675 2044 771 2109 tacite
795 2043 847 2107 vel
873 2062 1029 2128 expresse
1052 2044 1097 2106 uti
1121 2043 1313 2109 authentica
1331 2048 1363 2107 et
1385 2044 1530 2129 legitima

349 2159 506 2229 admittat.
531 2162 602 2227 Non
625 2164 834 2227 immoramur
858 2164 891 2226 in
916 2162 1138 2228 examinandis
1161 2162 1265 2229 modis
1294 2164 1413 2229 tacitae
1438 2184 1528 2229 reco-

350 2287 510 2369 gnitionis,
528 2307 603 2385 cum
616 2288 753 2373 pendeat
776 2308 818 2353 ex
834 2288 994 2355 factorum
1018 2289 1194 2364 adiunctis;
1215 2294 1339 2356 tantum
1356 2290 1529 2370 innuimus,

349 2411 504 2477 adinstar
520 2415 669 2500 exempli,
686 2414 916 2481 lacerationem
933 2416 986 2479 vel
1000 2416 1231 2480 mutilationem
1244 2416 1365 2481 factam
1381 2416 1528 2501 producti

350 2536 554 2601 instrumenti
586 2539 753 2602 continere
784 2544 901 2603 contra
935 2536 1153 2602 destruentem
1177 2537 1229 2601 vel
1253 2539 1456 2605 mutilantem
1480 2538 1531 2603 ad·

349 2660 477 2724 modum
507 2669 651 2748 apertam
677 2664 912 2729 consessionem
937 2664 1081 2729 eiusdem
1100 2664 1231 2729 valoris.

439 2786 472 2872 3)
504 2787 646 2852 Tandem
681 2794 807 2855 constat
837 2809 880 2853 ex
911 2790 1145 2874 scripturarum
1177 2788 1327 2852 examine
1358 2787 1444 2871 quod
1480 2787 1531 2853 de

350 2920 441 2977 creto
466 2912 588 2978 iudiciis
612 2913 789 2999 peragitur,
807 2915 859 2979 vel
885 2914 1066 2979 immediate
1089 2913 1129 2977 ab
1152 2915 1221 2998 ipso
1238 2913 1341 2978 iudice
1364 2933 1424 2999 per
1440 2914 1531 2979 ordi·

351 3037 444 3100 naria
456 3036 652 3121 probationis
668 3037 781 3110 media,
800 3039 854 3103 vel
870 3059 930 3123 per
945 3058 1076 3123 operam
1093 3039 1281 3123 peritorum.
1299 3038 1380 3103 Nam
1400 3036 1528 3121 quaudo

351 3171 467 3230 contra
489 3164 718 3249 producentem
736 3186 811 3250 pars
836 3166 975 3231 adversa
997 3170 1096 3248 negat
1119 3164 1205 3229 illam
1229 3164 1423 3252 scripturam
1440 3184 1531 3229 suam

350 3311 431 3371 esse,
457 3290 553 3357 iudex
583 3290 622 3355 ad
647 3289 861 3356 definiendam
893 3290 1148 3355 controversiam
1172 3290 1329 3360 decernit,
1354 3289 1531 3354 devenien-

351 3416 425 3481 dum
449 3436 520 3481 essa
547 3416 587 3480 ad
611 3436 746 3480 examen
772 3418 964 3501 scripturae,
989 3420 1025 3480 ut
1046 3434 1126 3478 vera
1149 3414 1201 3478 vel
1225 3413 1308 3477 falsa
1331 3413 1529 3480 declaretur.

352 3538 499 3601 Examen
522 3536 669 3621 expediri
693 3541 811 3622 potest:

440 3660 474 3746 a)
506 3664 572 3726 Per
606 3664 706 3747 ipsam
741 3667 866 3747 partem
899 3659 1070 3725 adversam
1099 3659 1233 3726 testibus
1265 3658 1529 3745 comprobantem

351 3788 523 3852 veritatem
548 3788 599 3850 rel
624 3786 795 3852 falsitatem
820 3787 907 3851 illius
923 3786 1122 3870 scripturae;
1147 3784 1232 3869 quod
1255 3784 1379 3850 directe
1401 3785 1455 3848 vel
1480 3786 1530 3848 in·

351 3912 475 3979 directe
490 3914 643 3978 evincere
660 3917 810 3998 possunt;
834 3933 893 3978 seu
916 3911 1113 3997 deponentes
1129 3930 1163 3975 se
1187 3928 1386 3995 cognoscere
1401 3908 1529 3973 modum

351 4045 384 4103 et
408 4058 535 4103 causam
560 4037 707 4103 falsitatis
731 4038 783 4101 vel
806 4039 963 4111 veritatis,
985 4057 1042 4101 seu
1065 4040 1255 4101 attestantes
1278 4034 1437 4101 obiectum
1453 4036 1530 4100 scri-

352 4164 467 4245 pturae
490 4160 605 4225 salsum
629 4159 681 4224 vel
706 4179 820 4224 rerum
845 4178 926 4224 esse.

443 4282 474 4367 b)
492 4284 557 4349 Per
580 4287 699 4369 peritos
723 4284 944 4371 catiyraplios
967 4283 1166 4365 inquirentes
1183 4281 1222 4345 de
1245 4279 1383 4345 veritate
1411 4280 1529 4343 instru-

353 4411 544 4479 mentorum,
563 4410 700 4472 maxime
713 4409 800 4473 iacta
817 4409 1053 4491 scripturarum
1071 4405 1252 4477 collatione,
1266 4423 1327 4489 per
1342 4423 1436 4489 quam
1452 4403 1529 4468 cha·
