3350 5117
506 332 549 377 ne
573 332 711 379 19919119
736 332 1000 379 99919911911919
1281 314 1343 379 171)

648 704 760 769 01999
784 706 816 769 V
820 706 863 769 11.

227 930 269 983 DE
289 930 485 997 nummus,
505 930 714 997 ASSESSORE,
735 932 923 987 Acwnmo
943 932 1012 989 SEU
1032 932 1288 987 CANCELLARIO

447 1056 492 1109 ET
513 1054 557 1109 DE
578 1056 811 1111 APPARITORE
831 1058 901 1113 SEU
921 1058 1067 1113 NUNCIO.

176 1318 440 1376 8999991919.-
461 1320 519 1377 143.
539 1323 580 1376 Ex
599 1322 662 1376 aliis
682 1323 807 1391 personis
825 1323 927 1377 iudicio
945 1325 1114 1391 accessoriis,
1134 1325 1206 1380 91199
1226 1326 1344 1381 iudicem

258 1429 406 1493 adiuvent3
426 1429 497 1483 uliae
517 1432 576 1482 ium
596 1429 714 1483 iudicem
740 1434 798 1482 tum
821 1435 922 1499 paries.
943 1460 977 1473 -
998 1431 1056 1484 144.
1076 1435 1208 1488 1419111991
1231 1434 1346 1488 deman-

257 1536 339 1589 datur
356 1536 401 1590 uei
421 1535 575 1589 iurisdictio
593 1534 637 1589 vel
657 1535 774 1605 simplex
794 1536 989 1590 ministerium.
1003 1566 1037 1579 -
1053 1537 1111 1593 145.
1131 1539 1243 1607 Species
1261 1540 1347 1593 Audi·

258 1642 328 1695 ioris
347 1648 390 1697 991
409 1643 501 1697 Iudex
521 1642 677 1697 Irrsrructor
694 1660 851 1713 processus.
872 1672 906 1684 -
923 1644 979 1698 146.
1000 1645 1090 1705 Quare
1110 1644 1207 1699 horum
1226 1646 1347 1699 officium

257 1746 413 1801 desumitur
437 1765 454 1800 9
474 1747 604 1801 mandato
628 1765 683 1819 quo
709 1748 980 1801 concinuntur-
1002 1749 1060 1802 147.
1079 1752 1212 1803 Assessor
1237 1756 1280 1805 est
1302 1750 1347 1804 rel

258 1855 358 1909 iudicis
384 1858 571 1920 consiliarius,
596 1856 640 1909 rel
666 1857 726 1909 eius
750 1860 934 1909 91991199.-
957 1856 1013 1910 148.
1034 1856 1157 1911 Historia
1182 1858 1263 1911 huius
1283 1858 1348 1911 Offi-

258 1960 339 2013 ciali·
364 1962 457 2015 curiae
477 1960 574 2015 eccles.
597 1990 631 2001 -
653 1960 711 2015 149.
732 1961 861 2014 Vicarius
880 1960 948 2015 Gen.
970 1960 1100 2031 Episcopi
1125 1968 1167 2015 est
1192 1963 1347 2017 191199119-

257 2083 361 2121 9999911
376 2094 409 2107 ·-
426 2066 482 2119 150.
504 2066 538 2119 Et
557 2066 708 2135 Episcopus
727 2066 798 2119 alios
817 2065 894 2119 valet
912 2066 1064 2136 adiungere
1083 2070 1244 2121 Assessores
1261 2068 1347 2121 etiam

257 2188 309 2225 suo
324 2171 443 2224 Vicario.
463 2200 496 2213 -
512 2171 570 2225 151.
585 2171 703 2233 Quinam
722 2172 759 2223 911
778 2171 893 2225 idoneus
912 2170 1003 2224 officio
1022 2173 1176 2227 Assessoris
1194 2172 1349 2227 desumitur

257 2276 433 2347 equalitate
452 2276 583 2329 mundati.
623 2340 627 2349 Ι

260 2548 337 2611 143.
362 2548 495 2611 Densum
518 2546 678 2631 egendum
702 2551 751 2611 991
775 2546 814 2610 de
838 2548 909 2611 91119
932 2550 1080 2631 personis
1102 2549 1136 2611 in
1159 2547 1275 2612 iudicio
1299 2568 1349 2612 99-

172 2670 353 2735 91991991199
377 2674 500 2753 pariem
525 2669 738 2733 accessorium
755 2667 955 2734 habeniibus.
971 2704 1011 2714 —
1027 2669 1215 2733 Huiusmodi
1238 2671 1350 2733 curiae

173 2792 327 2860 officiales
350 2814 407 2858 seu
438 2795 575 2858 ministri
599 2796 632 2857 19
665 2794 742 2859 duas
771 2795 891 2859 classes
918 2796 1084 2861 commode
1115 2794 1349 2879 dispescuniur.

174 2918 682 3011 ι1111911119,191199199911999111
700 2920 730 2981 in
757 2918 995 3011 queesiioniirus
1011 2919 1098 3009 11919
1121 2924 1153 2999 91
1173 2918 1351 3007 [9911999-

171 3043 293 3135 9199119,
320 3052 354 3111 91
375 3050 450 3141 suni
464 3044 655 3132 ,9991119999
684 3063 871 3137 assessores
901 3063 958 3107 seu
984 3043 1217 3127 referendarii
1240 3044 1350 3110 etalii

174 3188 290 3241 omnes,
319 3186 519 3251 quocumque
541 3167 671 3230 nomine
695 3166 912 3251 appellentur,
938 3168 971 3229 in
994 3168 1149 3231 auxilium
1165 3166 1277 3232 iudicis
1300 3186 1351 3230 vo·

173 3294 245 3355 9911.
264 3326 309 3339 -
335 3290 800 3387 qumjudici-tum
825 3288 970 3377 partibus
992 3296 1121 3373 praesto
1146 3296 1220 3355 9991
1242 3291 1295 3355 vel
1318 3291 1350 3369 in

173 3414 484 3501 conseribendis-ner
472 3414 512 3477 iis
529 3412 740 3485 iudicialibus
756 3415 905 3477 nimirum
923 3414 1069 3478 reinerii
1084 3434 1140 3478 seu
1157 3413 1353 3479 concellarii

175 3538 379 3619 919919111,·
402 3538 485 3601 vel
478 3558 511 3601 m
535 3537 734 3620 exequendis
757 3536 921 3648 ponnullis
951 3543 1004 3600 991
991 3536 1074 3600 tibus
1102 3556 1281 3627 processus
1307 3542 1351 3601 ut-

409 3624 758 3649 Ὴ-Η*
785 3634 806 3673 ,τ

173 3664 278 3745 puin
271 3683 307 3726 m
332 3660 507 3725 deserendo
532 3660 640 3725 libello
665 3661 824 3725 citationis
849 3636 933 3744 parii
961 3665 1138 3725 9999911199
1162 3660 1245 3723 vel
1238 3679 1272 3722 m
1296 3678 1352 3723 cu·

176 3789 277 3853 randa
293 3792 343 3853 rei
361 3788 517 3853 iudicatae
534 3789 734 3871 aliorumque
750 3788 864 3853 demet
850 3794 957 3853 iorum
974 3788 1134 3853 materiali
1149 3793 1267 3854 execut
1270 3790 1353 3865 ione;

173 3916 206 3977 91
221 3914 273 3979 isti
290 3918 367 3979 9991
378 3912 603 3995 appenderes,
616 3912 742 3985 999911,
757 3930 814 3977 999
826 3918 1034 3994 executores
1047 3914 1232 3996 caeterique
1244 3932 1355 3979 omnes

175 4037 205 4101 id
229 4057 334 4123 genus
359 4038 498 4101 ministri
522 4036 701 4101 tribunalis.

264 4162 462 4246 incipiamus
485 4160 525 4225 ab
549 4158 740 4235 officialibus
764 4160 902 4225 iudicem
925 4161 1159 4227 adiuvantibus.

266 4284 342 4348 144.
366 4285 514 4351 Auditor
533 4285 655 4370 pluries
670 4289 941 4351 commemoratur
959 4286 1055 4350 eiiam
1072 4286 1104 4348 in
1121 4286 1354 4359 Deereialibus,

173 4404 230 4470 sed
255 4407 286 4471 ei
316 4406 405 4472 99119
435 4412 525 4473 ceria
556 4410 740 4493 assignatur
770 4412 912 4493 99199199
940 4407 981 4473 de
1007 4409 1079 4473 iure
1109 4409 1286 4474 communi:
1312 4410 1354 4473 ci.
