3350 5117
545 327 589 373 nn
613 324 752 376 inurens
776 324 1041 373 roonnsmsrrcrs
1337 306 1380 373 51

197 448 429 534 compromisso
444 449 533 532 sequi
547 452 651 533 potest
665 449 815 515 alienatio
831 468 888 515 sau
903 450 1079 515 necessitas
1094 447 1257 514 alienandi
1271 446 1378 532 quoad

200 570 293 636 illum
311 574 365 656 qui
387 592 408 636 a
430 570 525 636 laudo
545 570 777 637 condemnatur
799 570 839 637 ad
863 571 1002 655 aliquam
1025 590 1096 636 rem
1119 572 1215 636 alteri
1239 569 1379 635 dandam

199 694 254 759 vel
277 694 477 771 solvendam;
501 697 653 763 alienatio
676 714 755 759 vero
779 693 942 759 nonnullis
964 696 1112 779 personis
1134 698 1184 759 est
1206 692 1380 778 prohibita.

202 818 345 885 Proinde
368 822 557 888 recolantur
580 840 662 907 quae
677 820 884 887 disseruimus
906 821 941 885 iu
962 822 1010 885 tit.
1027 819 1078 885 De
1093 816 1381 885 transactionibus

196 964 280 1033 pap.
305 944 358 1026 31,
383 945 485 1031 quoad
509 966 664 1031 personas
686 966 706 1011 a
729 946 801 1011 iure
829 944 986 1010 canonico
1009 943 1049 1007 ab
1072 942 1251 1008 alienandis
1283 940 1385 1008 rebus

200 1070 370 1135 Ecclesiae
392 1072 587 1157 prohibitas:
612 1071 654 1136 cf.
679 1090 754 1154 cop.
779 1072 803 1137 5
827 1071 859 1135 b.
886 1077 907 1133 t.
1427 1050 1432 1059 ⁸

291 1195 447 1279 Equidem
472 1216 537 1261 non
560 1216 671 1261 ornnes
695 1196 758 1261 Dl).
783 1194 981 1261 concordant
1005 1196 1038 1259 in
1061 1194 1123 1258 isto
1146 1194 1253 1277 capite
1283 1192 1383 1258 inter·

198 1322 368 1408 pretende,
393 1324 437 1387 ita
461 1328 495 1388 ut
518 1322 664 1388 nonnulli
684 1321 770 1407 (vide
794 1319 1101 1407 Sonmotzpnaeber
1124 1320 1156 1384 b.
1178 1324 1199 1384 t.
1215 1341 1249 1384 n.
1267 1318 1313 1404 8),
1329 1340 1385 1385 au·

197 1454 362 1515 tumentes
384 1469 449 1514 non
474 1449 548 1514 inde
571 1448 722 1515 derivare
751 1447 1000 1533 prohibitionem
1030 1446 1251 1531 compromissi
1284 1464 1384 1531 gene·

200 1573 313 1645 nalem,
337 1578 495 1645 asserant,
520 1574 783 1658 compromissum
814 1592 888 1637 cnm
920 1571 1113 1635 alienatione
1144 1569 1226 1633 nihil
1257 1568 1383 1634 habere

199 1699 416 1769 coniunctum,
441 1698 515 1782 quia
538 1716 603 1761 non
625 1695 728 1762 tendit
750 1694 790 1760 ad
814 1696 864 1759 ius
888 1694 968 1760 eccl.
985 1692 1248 1759 transferendum
1272 1693 1381 1765 alteri,

198 1820 258 1885 sed
280 1827 316 1886 ut
339 1820 468 1886 dubium
491 1820 675 1885 declaretur
698 1828 731 1883 et
753 1820 830 1884 hinc
854 1819 904 1883 ius
926 1838 1018 1883 sunm
1050 1818 1222 1900 unicuique
1246 1837 1382 1883 conser-

200 1950 306 2010 vetur.
332 1944 393 2010 Sed
416 1943 586 2009 admodum
610 1943 806 2029 probabilior
830 1945 996 2009 contraria
1019 1942 1144 2027 opinio;
1167 1960 1239 2026 arg.
1260 1960 1287 2007 c.
1305 1961 1333 2006 c.
1357 1940 1383 2006 5

202 2066 273 2134 er3
295 2068 327 2132 b.
345 2073 381 2150 t.‚·
396 2086 478 2151 quae
502 2068 534 2133 in
558 2068 646 2133 hunc
669 2086 798 2133 sensum
815 2049 1071 2151 interpretantur
1086 2063 1288 2148 Schmalzgr.
1313 2064 1335 2127 t.
1352 2084 1381 2129 c.

199 2195 235 2257 et
265 2190 413 2275 Pirhing.
438 2190 468 2255 b.
494 2196 515 2256 t.
540 2212 573 2255 n.
599 2193 635 2255 ll
659 2197 691 2257 et
722 2188 932 2256 Reiffenstuel
965 2189 996 2253 b.
1021 2195 1042 2255 t.
1067 2210 1101 2254 n.
1126 2188 1189 2254 32.
1218 2188 1382 2272 Aequino-

199 2317 286 2380 catio
318 2316 450 2379 rationis
480 2314 743 2381 adversariorum
774 2316 808 2379 in
837 2312 900 2378 hoo
926 2319 990 2379 est:
1022 2315 1082 2398 ipsi
1112 2313 1260 2378 fatentur
1290 2330 1380 2377 com·

201 2440 391 2523 promissum
422 2438 650 2503 alienationem
674 2458 737 2503 non
761 2438 930 2503 continere
952 2442 987 2501 et
1008 2437 1070 2500 hoc
1101 2435 1314 2500 admittimus:
1339 2453 1383 2498 ex

201 2558 264 2623 hoo
286 2558 400 2624 volunt
422 2559 547 2624 inferre
569 2560 642 2647 lege
670 2559 851 2645 prohibitae
882 2558 1086 2624 alienationis
1116 2555 1383 2641 compromissum

201 2700 266 2746 non
289 2684 412 2758 vetari;
436 2690 468 2749 et
490 2684 553 2749 hoc
577 2688 723 2769 negatur,
747 2685 821 2768 quia
844 2686 871 2749 si
894 2703 960 2748 non
990 2687 1039 2748 ast
1066 2682 1228 2753 alienatio,
1254 2685 1304 2745 est
1328 2681 1383 2744 via

200 2804 241 2869 ad
264 2806 491 2873 alienationem
513 2814 547 2873 et
568 2807 652 2893 quod
675 2810 739 2873 una
760 2810 814 2873 via
837 2807 1028 2895 prohibetur
1057 2806 1165 2879 alicui,
1190 2804 1230 2869 ad
1261 2804 1294 2869 id
1317 2804 1384 2867 alib

201 2930 324 2995 admitti
346 2951 412 2996 non
435 2932 539 2999 debet.

289 3055 323 3140 2)
340 3056 538 3123 Prohibetur
553 3058 723 3141 aliquando
738 3059 1002 3143 compromissum
1022 3057 1063 3125 ob
1079 3058 1284 3144 pravitatem
1297 3075 1382 3140 quo·

200 3146 590 3244 mmdomccasawm:
614 3181 694 3245 istae
717 3200 834 3246 causae
857 3187 948 3247 sunt:

290 3304 325 3388 a)
349 3304 471 3401 Causae
494 3306 677 3371 criminales
701 3307 914 3372 criminaliter
937 3312 1116 3393 promotae.

291 3428 323 3515 b)
347 3430 469 3533 Qae
484 3431 735 3495 matrimoniales
751 3429 878 3515 quando
893 3432 1001 3516 agitur
1024 3431 1063 3496 de
1087 3431 1200 3495 valore
1224 3430 1381 3517 coniugii

290 3554 320 3639 c)
345 3556 467 3621 Causae
497 3552 712 3637 beneficiales,
737 3576 777 3621 ne
807 3556 878 3621 sine
908 3557 1065 3646 canonica
1095 3557 1296 3621 institutione
1328 3554 1385 3619 via

200 3682 366 3765 aperiatur
392 3682 432 3747 ad
461 3678 619 3749 beneficia
649 3684 884 3765 ecclesiastica,
916 3687 1031 3748 contra
1061 3684 1298 3767 praescriptum
1326 3700 1385 3747 re·

204 3807 304 3892 polae
325 3806 413 3874 iuris
435 3808 454 3871 1
476 3808 514 3874 in
538 3808 570 3873 6.

290 3931 325 4017 d)
349 3934 471 4033 §ausae
487 3935 708 4023 exemptionis,
726 3956 769 4000 ex
784 3954 859 4019 cap.
879 3956 897 3998 ‹
915 3936 1000 4002 Cum
1024 3942 1208 4019 tempore»
1236 3935 1267 3998 h.
1285 3939 1319 4015 t.,
1340 3955 1384 4003 ne

200 4054 348 4123 laedatur
370 4058 419 4122 ius
442 4058 614 4123 eximentis
638 4058 790 4125 exsecto
814 4059 867 4123 vel
890 4059 964 4124 dolo
987 4060 1145 4144 exempti.

209 4158 223 4165 ³
290 4180 320 4264 e)
344 4182 467 4281 Q⁸³⁰
488 4181 707 4247 restitutionis
729 4182 766 4245 in
788 4181 969 4268 intepram,
986 4188 1125 4267 excepto
1141 4201 1219 4248 casu
1241 4202 1308 4268 qno
1331 4184 1384 4250 in·

201 4300 350 4367 cidenter
372 4274 562 4369 tractentur.
583 4304 665 4369 Nam
688 4323 748 4389 per
770 4303 831 4369 hoc
857 4303 1033 4370 remedium
1056 4305 1165 4391 agitur
1188 4304 1229 4370 ad
1254 4307 1385 4371 rescin-

202 4424 338 4491 dendum
354 4432 470 4501 actum,
487 4429 577 4511 quasi
591 4448 634 4494 an
650 4429 819 4515 privilegio
843 4434 876 4495 et
892 4431 1092 4515 exceptione,
1110 4430 1195 4495 unde
1212 4435 1260 4496 est
1276 4450 1383 4497 causa
