3350 5117
519 311 562 359 nn
586 312 725 361 1uuic11s
750 310 1015 359 nocnnsmsmcrs
1286 293 1351 357 397

176 455 274 502 sensu
290 438 439 522 partium,
457 438 489 501 in
506 456 642 522 quarum
663 438 913 501 emolumentum
930 436 1132 503 introductae
1152 441 1256 501 erant.
1273 436 1353 502 Con·

172 569 225 629 tra
249 563 283 627 in
307 563 378 628 aliis
409 562 519 629 diebus
543 562 668 629 feriatis
698 562 830 647 procedi
861 560 1057 627 iudicialiter
1079 560 1269 646 prohibetur
1294 559 1353 625 sub

174 708 282 774 poene
313 687 477 769 nullitatis,
502 689 647 773 quemuis
677 686 820 773 partibus
844 686 1117 752 consentientibus
1139 687 1352 772 procedatur;

171 835 244 899 arg.
269 816 427 899 capuit.
452 815 505 880 cit.
1237 786 1241 791 ⁸

262 937 339 1003 361.
366 936 479 1011 Quoad
502 936 672 1002 nonnullos
696 943 786 1001 actus
811 935 1034 1023 processuales
1056 934 1185 999 dubium
1205 937 1255 999 est
1268 932 1355 1017 apud

175 1062 239 1126 DI).
257 1081 299 1126 an
324 1063 368 1127 ita
384 1063 529 1148 rigorose
545 1060 697 1148 prohibiti
714 1062 787 1125 sint.
807 1062 1005 1147 Principium
1023 1059 1177 1146 generale
1191 1064 1352 1139 teneatur,

175 1205 292 1271 nempe
315 1185 480 1271 prohiberi
505 1186 671 1270 strepitum
695 1185 858 1250 forensem
883 1206 939 1251 seu
955 1185 1195 1251 contentionem
1220 1182 1353 1248 iudicia-

171 1310 250 1374 lem.
274 1308 360 1375 Hinc
390 1327 455 1373 non
487 1307 700 1393 prohibentur
723 1316 814 1375 actus
838 1308 1066 1374 iurisdictionis
1096 1307 1298 1373 voluntariae
1321 1312 1355 1371 et

173 1436 227 1499 alii
253 1440 345 1500 actus
368 1434 542 1515 iudiciales,
560 1436 614 1519 qui
637 1435 677 1500 ab
702 1456 765 1501 uua
787 1440 910 1503 tantum
935 1448 1027 1521 parte
1051 1440 1214 1520 ponuntur
1232 1431 1353 1515 absque

175 1560 353 1645 agitatione
376 1562 590 1627 contentionis
613 1561 779 1627 iudicialis.
804 1560 965 1636 Quocirca
986 1567 1054 1627 tute
1077 1563 1111 1625 in
1143 1563 1240 1646 praxi
1263 1562 1353 1644 sequi

172 1702 342 1767 possumus
372 1683 562 1749 sententiam
594 1684 738 1769 Fagnani
764 1684 796 1748 in
830 1684 861 1747 h.
887 1690 907 1749 t.
932 1706 965 1750 ιι.
989 1685 1039 1751 56
1069 1690 1100 1749 et
1131 1679 1352 1755 Reiffenstuel

174 1810 205 1874 h.
230 1815 253 1876 t.
276 1829 311 1875 a.
336 1810 388 1891 51,
413 1811 660 1878 existimantium
685 1812 877 1878 citationem
902 1811 938 1877 in
961 1810 1113 1877 ciuilibus
1137 1809 1206 1896 (seu
1227 1810 1354 1894 quando

173 1954 240 1999 non
264 1935 441 2001 secumlert
467 1936 699 2003 executionem
721 1939 850 2003 realem
877 1956 936 2021 per
959 1957 1110 2001 manuum
1134 1936 1354 2019 iniectionem)

175 2076 270 2141 posse
292 2056 444 2143 ¹eupediri
468 2077 487 2121 a
518 2056 622 2122 iudice
649 2058 704 2122 die
732 2057 867 2141 feriato,
897 2056 1151 2141 eodemquedie
1175 2078 1195 2121 a
1219 2077 1354 2123 cursore

175 2180 361 2243 executioni
385 2178 582 2253 demandari,
607 2199 663 2243 seu
688 2178 810 2245 deferri
833 2179 874 2243 ad
898 2186 1105 2245 conventum.

269 2306 390 2369 Tamen
415 2306 485 2387 quis
508 2304 602 2368 citari
626 2324 690 2369 non
715 2304 809 2370 debet
832 2311 867 2370 ut
890 2310 1076 2389 compareat
1099 2306 1131 2369 in
1154 2304 1205 2369 die
1225 2302 1353 2377 feriato,

175 2429 209 2491 in
230 2445 293 2511 quo
310 2424 429 2491 iudicia
445 2426 592 2490 inchoari
616 2432 756 2509 pessunt.
775 2426 857 2500 Quid
875 2428 953 2491 iuris
976 2427 1016 2491 de
1031 2426 1144 2491 valore
1160 2426 1255 2491 huius
1274 2426 1354 2489 cita-

172 2551 294 2619 tionis?
312 2554 386 2619 lure
404 2572 483 2618 rom.
497 2573 539 2618 ex
552 2555 572 2618 l.
587 2554 608 2618 l.
622 2554 656 2635 2,
668 2558 703 2638 (s.
719 2554 750 2619 h.
764 2559 785 2620 t.
800 2562 831 2619 et
844 2554 889 2635 ll,
908 2552 986 2619 Cocl.
1002 2554 1034 2617 h.
1048 2558 1067 2618 t.
1085 2554 1266 2619 huiusmodi
1279 2554 1355 2618 cita·

173 2680 279 2745 tiones
311 2677 418 2743 nullae
442 2684 545 2760 erant,
570 2679 626 2744 sed
658 2700 699 2744 ex
723 2680 883 2763 aequitate
914 2680 993 2744 iuris
1016 2700 1087 2745 can.
1112 2682 1215 2765 potius
1242 2679 1353 2743 distin·

175 2803 304 2887 guitur;
329 2804 362 2867 et
390 2820 462 2865 cum
494 2799 783 2885 Schmalzgrueber
815 2800 845 2864 h.
872 2805 892 2863 t.
917 2820 950 2864 m.
976 2799 1024 2865 38
1055 2807 1200 2865 tenemus
1231 2799 1354 2865 nullam

176 2942 248 2988 esse
273 2923 469 3004 citationem,
494 2924 562 3007 ipso
594 2922 732 3003 saetosi
757 2924 864 2987 citatio
888 2924 1050 3008 exprimat
1073 2923 1157 2987 diem
1181 2924 1298 2987 festum
1323 2928 1357 2988 et

175 3048 264 3114 hunc
295 3048 489 3113 determinet
512 3048 552 3113 ad
577 3048 835 3135 comparendum,
853 3050 976 3114 scilicet
1000 3050 1115 3129 iubeat,
1141 3071 1192 3114 ex.
1217 3070 1278 3135 gn,
1303 3050 1355 3115 die

175 3173 337 3237 dominica
360 3192 452 3237 reum
484 3192 692 3257 comparere;
717 3178 794 3239 tunc
817 3175 902 3239 enim
931 3192 1019 3257 quae
1050 3178 1169 3239 contro
1192 3174 1246 3238 ius
1268 3176 1356 3260 fiurzt

175 3297 297 3364 debent
315 3316 384 3381 pro
408 3297 542 3380 infectis
565 3297 691 3372 haberi,
709 3319 752 3363 ex
771 3298 855 3385 Rep.
873 3300 928 3370 64,
946 3300 1018 3366 lar.
1036 3300 1073 3364 in
1089 3300 1121 3363 6.
1140 3296 1175 3363 Si
1190 3320 1270 3363 vero
1287 3299 1356 3364 dics

175 3424 278 3489 festus
301 3442 365 3489 non
390 3428 501 3507 aperte
517 3425 718 3507 exprimatur
736 3423 790 3488 sed
814 3423 1033 3488 tantummodo
1056 3426 1214 3489 terminus
1231 3444 1355 3509 compn-

176 3550 304 3615 ritionis
328 3554 467 3633 ponatur
491 3547 640 3613 desinens
663 3550 694 3612 in
719 3548 801 3613 diem
820 3550 946 3629 festum,
964 3550 1036 3633 quie
1054 3550 1135 3613 solet
1158 3548 1355 3635 subintelligi

178 3692 197 3733 ιι
220 3670 289 3736 aiei
320 3670 507 3757 lepitimum
539 3671 641 3738 obelet
664 3673 942 3755 impedimentum
966 3694 998 3753 ι,
1015 3673 1124 3737 citatio
1146 3673 1275 3736 videtur
1298 3693 1355 3735 ra-

176 3792 258 3875 lere,
272 3799 305 3860 et
317 3795 432 3859 citatus
445 3794 485 3858 ad
502 3795 749 3881 comparendum
763 3801 900 3859 uocatur
912 3795 962 3859 die
978 3798 1128 3881 proximo
1144 3816 1209 3859 non
1227 3794 1355 3860 feriato.

176 3952 220 3967 -
239 3920 277 3983 ln
293 3919 349 3983 tali
370 3918 466 3985 dubio
484 3919 580 3985 iudex
597 3922 688 3985 iuxta
703 3921 829 4007 praxim
846 3921 1018 3986 tribunalis
1034 3926 1066 3985 et
1081 3922 1146 3985 alia
1161 3921 1358 3985 adminicula

177 4044 337 4111 decernet
359 4046 398 4111 ad
423 4047 605 4112 instantiam
630 4048 740 4132 partie,
763 4052 869 4111 utrum
894 4048 1001 4112 citatio
1024 4047 1133 4112 valeat
1147 4048 1200 4111 vel
1215 4066 1282 4109 non
1299 4046 1355 4129 (l).

268 4220 308 4291 (l)
328 4222 358 4275 ln
378 4242 436 4293 cop.
456 4224 507 4277 ult.
526 4226 554 4277 h.
574 4234 590 4276 t.
613 4224 642 4277 X
663 4225 694 4277 fit
713 4222 859 4292 catalogus
882 4224 1015 4277 feriarum
1040 4222 1210 4276 iudicialium
1230 4226 1259 4277 et
1282 4222 1358 4277 inter

178 4326 250 4381 alias
269 4326 338 4381 haec
357 4326 522 4381 innuuntur:
541 4344 558 4379 ιι
640 4329 723 4383 debet
742 4332 834 4382 tamen
860 4327 998 4381 iudicialis
1017 4328 1150 4397 strepitus
1168 4328 1264 4382 diebus
1289 4344 1356 4380 con-

178 4432 323 4503 quiescere
341 4430 502 4485 feriatis‚..
522 4431 640 4486 scilicet.
653 4470 676 4483 ..
695 4432 713 4483 7
733 4433 831 4485 diebus
852 4432 930 4485 Dour.
945 4449 1030 4503 pose,
1051 4433 1275 4486 Resurrecticnis
1293 4450 1357 4485 cum
