3350 5117
351 312 417 377 524
877 332 960 379 raas
985 332 1007 377 1.

349 579 443 644 samo
466 598 527 645 suo
551 598 652 645 arma
665 600 805 663 parare.
824 615 868 628 -
884 579 1011 645 Exinde
1026 586 1119 644 actor
1133 585 1237 665 potest
1252 578 1451 645 solummodo
1464 578 1522 642 adi-

350 724 431 789 gere
454 722 544 770 reum
570 704 608 771 ad
632 710 845 773 instrumenta
868 705 1003 788 edenda,
1019 709 1047 773 si
1070 726 1112 772 ex
1135 708 1200 772 alio
1221 707 1314 771 titulo
1330 704 1372 771 od
1395 706 1522 771 hocius

350 826 485 905 habeat;
510 830 608 893 veluti
632 831 657 895 si
681 832 744 894 sint
768 830 951 894 communia
973 832 1076 894 actori
1100 834 1223 904 atreo,
1247 830 1317 895 sive

442 947 473 1035 l)
497 949 629 1016 ratione
648 948 879 1033 proprietatis,
904 951 979 1033 quia
1008 950 1229 1016 communibus
1251 949 1430 1035 sumptibus
1455 968 1523 1013 con·

350 456 459 536 gative
475 452 646 539 respondet
659 460 761 537 copul
777 454 803 527 1,
819 452 869 519 De
883 454 941 539 fid.
957 455 1046 526 inst..
1059 454 1134 537 quia
1147 472 1247 520 nemo
1265 458 1399 519 leuetur
1413 452 1520 519 adoer-
1634 393 1636 426 Ι

351 1071 544 1145 semesum,
568 1078 623 1137 aut
653 1072 716 1137 alio
748 1092 790 1137 ex
814 1074 929 1159 capite,
957 1092 1074 1158 nempe
1103 1072 1302 1145 hereditatis.
1334 1072 1523 1143 donationis.

352 1198 478 1280 utrique
501 1197 584 1281 parti
608 1197 672 1263 sint
695 1198 869 1283 acquisita;

440 1314 473 1399 2)
496 1317 720 1383 alteratione
742 1319 908 1383 mutatae
930 1336 1026 1401 quam
1048 1318 1224 1397 continent,
1244 1317 1289 1381 uti
1314 1320 1390 1381 sunt
1412 1316 1524 1379 instru·
1636 1293 1638 1362 ἶ

350 1446 458 1506 ruente
481 1442 569 1507 inter
584 1442 814 1509 contrahentes
837 1444 878 1509 de
895 1445 981 1509 initis
1004 1443 1222 1509 contractibus
1244 1442 1416 1517 conlecta;
1436 1446 1526 1507 testa·
1636 1433 1637 1444 ’

270 1600 276 1609 -
350 1571 459 1629 ruente
482 1567 568 1631 inter
589 1566 730 1633 heredes
753 1574 785 1632 et
808 1569 1001 1654 legatarios;

439 1689 472 1777 3)
496 1692 565 1755 sive
602 1692 736 1759 ratione
765 1694 892 1779 nepotii
923 1693 1007 1778 quod
1029 1695 1147 1758 natura
1167 1694 1226 1757 sud
1248 1690 1384 1776 publicis
1413 1692 1527 1755 instru-

350 1818 465 1883 mentis
489 1820 711 1904 eonsignatur.
744 1820 793 1883 lta
823 1825 898 1885 acta
921 1818 1030 1883 iudicii
1060 1816 1191 1883 cuilibet
1215 1819 1373 1883 interesse
1395 1815 1527 1881 habenti
1637 1905 1638 1916 ξ

350 1942 467 2009 debent
491 1944 656 2020 exhiberi;
681 1965 755 2027 cop.
781 1946 826 2017 11,
852 1944 904 2010 De
921 1943 1019 2027 prob.
1043 1951 1077 2010 et
1099 1943 1228 2029 publica
1249 1950 1323 2008 acta
1353 1963 1374 2007 a
1397 1944 1528 2007 notariis

232 2108 235 2115 ι
352 2074 466 2153 rogata
489 2066 528 2131 ad
552 2070 737 2153 petitionem
768 2070 910 2153 partium
932 2070 1091 2133 interesse
1118 2066 1303 2132 habentium
1327 2066 1377 2133 edi
1401 2065 1527 2132 debent.
1638 2119 1639 2168 t

351 2190 455 2256 Hodie
479 2191 519 2289 ad
542 2193 773 2277 praecidendas
796 2192 871 2260 lites
895 2192 979 2278 apud
1002 2192 1149 2259 excultas
1164 2194 1320 2264 nationes,
1334 2193 1464 2277 privata
1486 2192 1529 2254 in·

349 2320 528 2383 strumenta
560 2319 593 2382 in
621 2320 845 2405 actapublice
869 2321 1083 2400 insinuantur,
1107 2325 1141 2385 et
1163 2318 1310 2383 omnibus
1332 2317 1475 2381 eduntur
1496 2321 1529 2379 ut
1638 2303 1639 2340 Τ

348 2440 482 2523 quisque
498 2460 557 2525 pro
573 2444 710 2506 veritate
727 2450 759 2509 et
772 2444 892 2508 iustitia
903 2442 970 2506 suis
986 2442 1110 2507 iuribus
1126 2441 1273 2505 consulat
1284 2440 1340 2527 (l).
1354 2476 1398 2489 -
1413 2438 1531 2525 Aequi·

348 2566 416 2626 tate
440 2580 519 2627 vero
535 2564 692 2626 canonica
715 2568 830 2627 contra
847 2567 990 2648 rigorem
1015 2564 1094 2629 iuris
1118 2566 1243 2627 romani
1268 2563 1387 2627 factum
1409 2562 1481 2635 luit,
1499 2562 1529 2623 iu
1639 2549 1641 2576 '

348 2686 455 2751 causis
477 2684 552 2751 boni
576 2686 694 2772 publici
719 2693 751 2752 et
774 2691 916 2753 maxime
939 2686 1158 2774 spiritualibus
1181 2687 1281 2751 veluti
1311 2687 1529 2750 matrimonia·

347 2807 439 2888 libus,
465 2814 499 2873 ut
523 2809 620 2873 iudex
643 2829 685 2873 ex
709 2808 813 2875 (illicio
837 2816 971 2896 cogeret
987 2831 1078 2876 reum
1102 2808 1143 2875 ad
1166 2808 1292 2873 edenda
1315 2810 1529 2873 instrumenta

348 2932 388 2997 ad
413 2936 582 2999 veritatem
599 2934 809 3020 detegendam
827 2943 1028 3021 opportuna;
1054 2942 1087 3001 et
1104 2937 1153 3001 De
1177 2936 1266 3000 Luca
1289 2956 1361 3000 cum
1377 2934 1473 3000 laude
1488 2941 1531 2998 te·

352 3065 456 3124 statur
468 3060 507 3125 de
523 3063 618 3145 praxi
634 3063 744 3126 curiae
761 3082 915 3127 romanae
932 3065 1024 3127 iuxta
1038 3082 1133 3145 quam
1150 3064 1183 3125 in
1198 3062 1303 3126 causis
1320 3078 1411 3125 mere
1425 3062 1530 3143 priva-

349 3189 399 3258 tis,
424 3190 451 3251 si
481 3186 594 3253 aderat
625 3188 759 3253 lundata
791 3190 929 3275 suspicio
957 3187 997 3253 de
1026 3162 1249 3253 instrumentis
1279 3208 1301 3251 a
1324 3206 1381 3250 reo
1412 3185 1530 3251 habitis

348 3308 577 3377 sufficientibus
593 3310 633 3376 ad
651 3313 739 3377 litem
763 3312 987 3392 dirimendam,
1004 3311 1102 3377 iudex
1121 3310 1288 3375 deferebat
1312 3313 1529 3376 iuramentum

349 3432 462 3514 eidem,
485 3452 548 3517 quo
571 3440 805 3521 protestaretur
822 3457 857 3501 se
872 3436 955 3501 haec
972 3438 1186 3501 instrumenta
1202 3452 1268 3497 non
1287 3432 1419 3499 habere.
1437 3432 1531 3508 Quae

348 3560 374 3621 si
399 3557 520 3623 habere
545 3561 700 3645 patuisset
723 3562 876 3645 prolerre
899 3528 1098 3649 cogebatur;
1121 3562 1163 3625 cl.
1189 3560 1238 3625 De
1261 3559 1331 3624 iud.
1356 3558 1444 3624 Disc.
1469 3558 1530 3637 28,

348 3704 381 3747 a.
406 3684 475 3767 29;
499 3684 799 3771 Schmalzgrueber‚
827 3688 874 3752 De
894 3687 1005 3771 prob..
1030 3708 1063 3750 a.
1089 3687 1129 3749 41
1153 3705 1222 3769 seq.

437 4336 476 4406 (1)
496 4336 535 4389 Cf.
556 4336 710 4402 blatta-olo,
739 4338 787 4407 Op.
809 4340 853 4390 cit.
876 4339 931 4392 rol.
960 4338 1014 4403 111,
1032 4358 1060 4393 n.
1080 4340 1140 4392 416
1158 4356 1222 4409 seq..
1241 4343 1271 4393 et
1295 4339 1360 4392 eoa.
1379 4340 1423 4391 cit.
1444 4336 1529 4405 Graj.

349 4448 367 4506 ἓ
390 4444 451 4495 802
473 4460 528 4514 seq.
