3350 5117
348 278 410 345 158
879 296 964 344 rans
989 297 1012 342 1.

434 423 466 508 b)
481 427 527 515 pt
544 421 608 509 sibi
632 422 780 505 restituat
794 420 947 507 quidquid
970 422 1139 509 QS'Q
1155 421 1426 507 iudicii'attfflum
1447 439 1522 507 per-

346 546 445 629 ierit

433 667 463 751 c)
486 672 723 765 utcompenset
737 667 998 753 emmerammi
1022 689 1065 751 ex
1088 668 1256 757 sua-culpa
1271 672 1328 733 aut
1342 666 1415 733 dolo
1430 685 1521 731 man-

343 789 432 857 danti
448 792 579 885 iiiatum.
598 793 690 869 Quod
712 794 739 859 si
763 798 957 879 procurator
972 792 1126 859 solvendo
1142 813 1208 858 non
1232 795 1282 875 sit,
1299 790 1465 857 mandanti
1480 810 1525 857 ex

344 880 710 1001 aequimteffinceditur
732 918 769 982 ie
792 916 965 1003 inteprum
979 917 1154 990 restitutio,
1171 936 1229 981 seu
1249 915 1387 983 facultas
1406 916 1525 979 iterum

344 1042 385 1109 de
408 1063 445 1108 re
468 1044 608 1110 iudicata
630 1043 790 1129 liti'gandi;
816 1044 920 1110 Gloss.
944 1044 981 1108 in
1005 1064 1032 1109 c.
1058 1040 1142 1111 Cum
1164 1043 1332 1109 venerem
1355 1041 1390 1114 2,
1414 1042 1466 1106 De
1487 1041 1527 1104 in

345 1168 445 1255 intep.
458 1173 536 1233 rest.
553 1168 588 1233 X
597 1164 635 1252 (1,
649 1168 705 1254 41)
721 1168 764 1232 V.
780 1168 1007 1243 restitutorum
1024 1172 1121 1252 atque
1136 1169 1182 1231 ita
1197 1166 1269 1231 DD.
1287 1166 1524 1233 communiter.

434 1292 578 1358 Mandati
597 1294 685 1378 actio
708 1294 886 1385 coa-truria
909 1295 1062 1378 competit
1084 1294 1298 1387 prOQQQfQIJL
1320 1312 1384 1376 qua
1406 1292 1528 1377 repetit

344 1438 364 1479 a
387 1415 514 1483 domino
537 1416 708 1502 principali
732 1436 844 1481 omnes
872 1436 1041 1502 expensas,
1061 1418 1231 1481 occasione
1262 1416 1414 1488 mandati,
1439 1415 1527 1480 bona

346 1538 418 1623 flde,
443 1560 507 1605 non
532 1562 573 1605 ex
598 1560 656 1605 sua
679 1539 774 1626 culpa
791 1540 910 1607 tactas:
934 1542 1303 1624 commemoraret.
1320 1542 1361 1614 X,
1383 1541 1445 1607 etsi
1466 1560 1527 1604 ne-

344 1667 465 1752 gotium
490 1666 610 1749 absque
632 1685 690 1729 sua
714 1666 808 1752 culpa
832 1666 951 1731 maium
974 1664 1126 1732 habuerit
1149 1669 1280 1732 exitum.
1300 1666 1443 1732 Proinde
1459 1686 1528 1732 non

345 1790 465 1874 repetit
488 1808 648 1874 expensas
663 1808 742 1872 quas
765 1790 853 1863 fecit,
879 1790 1041 1856 excedens
1055 1791 1173 1855 limites
1189 1789 1339 1863 mandati,
1353 1810 1475 1875 quasve
1491 1792 1526 1855 in

343 1930 479 1997 poenam
504 1931 581 1975 suae
605 1910 727 1977 fraudis
750 1910 863 1977 facere
886 1917 1017 1978 coactus
1032 1915 1092 1978 est.
1109 1948 1153 1960 -
1170 1915 1262 1986 Item,
1282 1913 1415 1979 actione
1429 1932 1528 1978 mon·

344 2034 416 2101 dati
439 2034 614 2101 contrario
638 2036 755 2120 repetit
779 2035 934 2100 salarium
958 2040 1014 2102 aut
1028 2034 1250 2114 honorarium,
1264 2034 1346 2119 quod
1367 2055 1528 2120 procura·

253 2144 274 2261 Ἰ
343 2166 446 2226 torem
469 2162 577 2247 agenti
601 2182 687 2225 nunc
710 2162 793 2227 solet
820 2169 1014 2247 competere,
1029 2164 1174 2247 quamvis
1197 2163 1382 2229 mandatum
1406 2183 1528 2249 procu·

344 2284 500 2348 ratorium
525 2286 640 2349 naturd
664 2288 725 2348 sut
748 2287 925 2369 gratuitum
949 2286 1007 2360 sit,
1031 2304 1106 2347 nam
1130 2286 1335 2351 mundatum
1356 2286 1424 2351 nisi
1445 2306 1529 2372 pro-

345 2406 468 2471 tadium
490 2406 541 2479 sit,
565 2408 703 2472 cottum
727 2412 784 2483 est,
810 2412 846 2474 ut
868 2406 1006 2472 habetur
1030 2408 1051 2471 i.
1075 2410 1102 2481 1,
1126 2407 1347 2489 ffiMaodoti.
1370 2444 1413 2458 —
1438 2410 1529 2475 Hinc

344 2534 371 2603 si
402 2532 472 2615 quis
504 2531 688 2597 mandatum
722 2535 943 2617 procuratoris
974 2536 1152 2620 suscipiens
1183 2533 1335 2619 explicite
1366 2534 1407 2598 de
1437 2554 1528 2599 mer·

344 2659 423 2726 cede
445 2665 573 2746 pactum
599 2661 696 2731 ineat,
721 2661 825 2746 potius
857 2679 1044 2743 operarum
1072 2661 1266 2727 locationem
1297 2679 1395 2745 quam
1424 2679 1528 2725 morr-

343 2783 463 2848 datum
494 2782 680 2867 paciscitur,
695 2787 728 2848 et
745 2784 876 2847 nomine
900 2783 1000 2850 locuti
1029 2803 1129 2869 agere
1159 2782 1301 2848 deberet.
1327 2785 1529 2851 Perseverat

343 2913 450 2973 autem
474 2913 593 2974 natura
617 2908 758 2973 mandati
783 2910 808 2973 si
833 2910 1038 2994 procuratori
1063 2912 1152 2993 quasi
1179 2929 1224 2975 osc
1250 2909 1441 2992 postfacto
1465 2910 1529 2974 ho·

343 3032 510 3095 nocerium
527 3030 734 3116 rependatur,
749 3031 893 3096 moribus
909 3031 1128 3097 communibus
1144 3034 1197 3095 vel
1212 3033 1286 3116 lege
1298 3034 1527 3116 procuratorio

343 3157 469 3221 muneri
495 3158 711 3223 constitutum.
729 3194 772 3205 -
798 3158 879 3221 Item
904 3157 1002 3239 siquis
1025 3162 1219 3241 procurator
1239 3162 1346 3222 estex
1362 3156 1526 3232 mandato,

339 3284 574 3362 praesumpto,
600 3298 769 3365 expensas,
788 3279 959 3345 occasione
982 3282 1029 3343 sui
1054 3281 1205 3351 muneris,
1225 3279 1310 3345 bona
1334 3278 1397 3346 fide
1422 3280 1528 3347 iactas

344 3404 470 3487 repetit,
489 3404 548 3467 etsi
572 3405 736 3488 negotium
760 3424 824 3467 non
848 3404 1052 3476 successerit,
1077 3422 1227 3468 necnon
1255 3422 1434 3489 congruum
1458 3404 1525 3469 ho-

344 3528 523 3609 norarium,
537 3528 663 3612 quippe
674 3528 831 3613 iniquum
845 3534 894 3593 est
908 3528 1056 3612 officium
1070 3547 1171 3593 suum
1184 3528 1391 3594 damnosum
1403 3528 1528 3613 cuique

344 3672 434 3736 esse‚·
457 3673 532 3741 erp.
558 3654 580 3717 l.
606 3651 637 3734 7,
660 3655 695 3737 ff.
720 3654 805 3719 Test.
833 3673 945 3738 quem.
970 3653 1196 3736 adaperiunt,
1220 3652 1392 3718 dummodo
1415 3658 1528 3718 tamen

343 3779 507 3864 negotium
532 3780 709 3865 susceperit
733 3784 765 3843 et
788 3798 827 3846 eo
850 3776 945 3843 modo
968 3778 1114 3864 gesserit,
1136 3799 1198 3863 quo
1228 3780 1275 3845 ita
1303 3783 1429 3864 gestum
1452 3778 1529 3843 fere

343 3924 471 3990 semper
505 3904 623 3970 bonum
658 3906 780 3969 exitum
807 3905 931 3970 habere
961 3905 1060 3971 solet:
1093 3904 1134 3969 cf.
1168 3906 1316 3991 Pirhing,
1349 3906 1399 3971 De
1424 3924 1526 3989 proc.

343 4050 378 4095 rt.
402 4030 450 4096 85
473 4049 551 4115 seq,
577 4035 611 4097 et
632 4030 745 4095 Editio
773 4026 874 4097 Curet.
902 4029 1102 4097 Gamoertot
1124 4032 1146 4113 g
1170 4030 1241 4095 464
1262 4051 1332 4117 seq.

435 4150 508 4217 127.
531 4152 627 4245 dunc
657 4151 698 4233 de
721 4150 830 4235 officio
863 4151 1092 4236 procuratoris.
1119 4153 1197 4217 (ium
1228 4153 1342 4237 primis
1372 4151 1526 4218 mandato

343 4276 567 4359 procuratorio
590 4276 764 4340 nonnullae
788 4274 987 4341 conditiones
1009 4274 1104 4340 adiici
1121 4280 1255 4361 possunt
1278 4276 1318 4343 ab
1342 4276 1411 4361 ipso
1435 4296 1527 4341 man·

342 4396 449 4472 dante,
462 4400 578 4486 quippe
590 4399 774 4464 mandatum
791 4399 971 4465 concedere
988 4404 1092 4485 potest
1103 4402 1135 4463 in
1150 4405 1275 4466 certum
1288 4399 1382 4474 diem,
1394 4400 1448 4465 vel
1461 4397 1524 4466 sub
