3350 5117
533 342 577 389 ua
601 341 740 389 runicus
764 340 1027 391 sccnnsrnsrlcrs
1303 320 1364 387 601

190 483 267 530 num
291 464 487 530 iudicialium
509 462 764 530 distribuendum
784 484 855 530 esse
870 463 1029 550 iudicibus
1045 464 1149 551 gradu
1163 463 1369 530 hierarchice

189 585 338 660 diversis,
363 606 502 671 quorum
525 589 675 673 superior
701 587 866 653 inferioris
890 588 1082 652 sententiam
1105 590 1220 653 iterum
1253 589 1369 653 exarui·

191 717 257 787 net,
285 716 321 777 ut
348 712 438 777 hauc
463 710 642 786 confirmet,
673 711 846 795 rescindat,
870 719 925 777 aut
956 714 1110 799 corrigat.
1142 712 1250 788 Quare
1281 716 1370 777 certe

191 856 257 902 uon
281 842 436 923 peccaret
459 840 645 904 contraius
668 845 806 904 naturae
829 839 884 903 illa
910 840 1102 911 constitutio,
1127 838 1265 923 quaein
1288 837 1370 903 iudi-

193 962 284 1028 cibus
315 962 488 1048 seligendis
522 968 569 1030 tot
601 963 772 1029 adhiberet
803 964 966 1046 cautelas,
995 968 1029 1029 et
1059 965 1092 1030 in
1120 963 1245 1030 iudiciis
1272 963 1370 1029 colle-

192 1085 322 1171 gialiter
347 1085 542 1151 exercendis
565 1086 610 1151 ita
632 1084 790 1173 provvide
813 1087 1001 1152 consuleret
1023 1086 1146 1153 iuribus
1169 1087 1370 1173 litigantium,

192 1215 230 1277 ut
256 1231 352 1276 unam
376 1216 502 1277 tantum
533 1216 736 1297 permitteret
759 1213 799 1278 de
823 1232 1023 1297 quacumque
1053 1216 1277 1279 controversia
1303 1202 1371 1279 sen·

191 1337 338 1400 tentiam.

286 1460 405 1525 Plures
428 1461 477 1524 rei
500 1459 687 1525 iudiciariae
709 1459 859 1525 hodierni
883 1464 1076 1528 tractatores
1093 1461 1266 1546 opinantur
1288 1460 1373 1525 hauc

193 1584 346 1667 optimam
362 1584 507 1650 futuram
530 1585 603 1649 fore
622 1583 813 1650 iudiciorum
832 1584 1077 1657 ordinationem,
1095 1585 1210 1671 quippe
1227 1603 1308 1668 quae
1324 1604 1372 1649 ce·

193 1706 316 1774 leritati
343 1713 376 1773 et
400 1710 621 1793 quaestionum
645 1708 840 1795 diligentiori
866 1708 1009 1773 examini
1032 1709 1242 1795 prospiceret.
1268 1706 1373 1773 Nihilo

193 1829 309 1903 secius,
328 1831 476 1896 omnibus
490 1831 668 1917 perpensis,
685 1830 858 1916 appellatio
872 1830 913 1896 ad
929 1830 1041 1896 iudicis
1063 1830 1240 1916 superioris
1263 1848 1373 1895 secun-

194 1953 269 2019 dum
292 1955 345 2020 vel
371 1956 505 2021 tertium
522 1975 669 2029 examen,
686 1953 967 2021 nonobstantibus
987 1958 1055 2021 eius
1071 1954 1257 2036 defectibus,
1274 1973 1373 2038 usque

194 2080 259 2145 erit
281 2080 397 2145 melius
421 2080 607 2146 remedium.
631 2081 675 2147 Et
697 2080 762 2145 hoc
788 2080 847 2146 sub
878 2085 1011 2167 aspectu
1038 2082 1154 2145 mirum
1177 2086 1226 2145 est
1256 2086 1374 2164 quanta

195 2205 318 2290 ingenii
340 2208 572 2292 perspicuitate
595 2207 750 2291 Ulpianus
780 2207 813 2270 in
842 2206 976 2292 prologo
1003 2204 1090 2272 tituli
1113 2206 1140 2286 1,
1164 2204 1218 2271 De
1240 2205 1374 2289 Appell.

195 2327 357 2410 ffilaudes
372 2334 404 2395 et
415 2331 495 2394 vitia
510 2329 651 2396 eiusdem
667 2332 804 2397 instituti
817 2330 1034 2417 expresserit;
1050 2330 1095 2393 ait
1107 2330 1209 2394 enim:
1223 2350 1241 2391 ‹
1253 2330 1375 2413 Appel·
1460 2380 1464 2387 .

196 2452 293 2517 tundi
315 2472 400 2518 usur
422 2471 529 2538 quum
551 2454 594 2519 sit
614 2453 779 2539 frequens
801 2472 974 2539 quamque
990 2452 1199 2518 necessarius
1212 2470 1311 2517 mino
1328 2456 1376 2517 est

195 2573 256 2658 qui
279 2575 421 2649 nescim,
438 2576 566 2660 qnippe
587 2594 694 2660 quum
717 2574 931 2660 iniquitatem
953 2572 1178 2640 iudicantium
1201 2574 1251 2639 uel
1275 2572 1376 2655 impe·

195 2697 313 2763 titium
336 2699 538 2785 recorrigat,
564 2700 638 2765 licet
659 2715 913 2782 menumquam
936 2695 1018 2763 bene
1041 2698 1128 2762 latas
1143 2695 1325 2761 sementina
1338 2696 1376 2761 iu

191 2826 293 2909 peinis
316 2826 502 2909 refonnet3
523 2845 633 2911 neque
663 2825 755 2891 enim
784 2824 903 2909 utique
927 2822 1054 2890 ‘melius
1079 2824 1292 2907 pronuntiat,
1317 2826 1377 2910 qui

195 2947 401 3013 nouissimus
423 2949 623 3015 sententiam
646 2950 780 3015 tunnis
802 2953 851 3016 eet
874 2968 891 3012 ›
918 2947 974 3035 (l).

286 3280 326 3349 (l)
346 3279 424 3334 Hanc
449 3279 640 3351 quaestionem
666 3278 723 3334 late
749 3278 926 3349 prosequitur
952 3277 1097 3332 blattirolo
1123 3278 1171 3349 Op.
1191 3281 1235 3333 cit.
1256 3279 1375 3345 nativ,

197 3404 224 3439 n.
243 3388 307 3439 423
325 3404 381 3458 seq.
401 3416 436 3429 -
455 3388 486 3441 lu
505 3385 597 3441 Gallia
616 3392 741 3456 tempore
754 3388 906 3442 eversionis
919 3404 1011 3442 rerum
1031 3389 1204 3457 publicarum
1217 3388 1246 3442 in
1259 3389 1377 3459 publicis

197 3486 319 3547 comitiis
337 3492 407 3549 baec
425 3495 553 3565 quaestio
571 3500 647 3549 mota
665 3495 733 3549 fuit:
753 3513 768 3548 ‹
793 3496 820 3549 Y
836 3497 964 3550 auru-t'il
984 3496 1132 3566 plusieurs
1156 3494 1258 3565 depre's
1279 3497 1315 3551 de
1326 3500 1378 3567 ju·

197 3601 336 3668 ridiction
356 3618 392 3655 ou
419 3604 481 3657 Men
507 3602 615 3673 t'usaqe
632 3606 668 3657 de
688 3604 794 3674 l’appel
813 3603 934 3657 reru-til
952 3602 1047 3658 oboli?
1067 3604 1205 3659 »Tamen
1225 3604 1377 3675 appellatio

197 3708 310 3776 penitus
328 3713 468 3778 expuncta
486 3724 542 3763 non
559 3710 626 3763 ruit:
646 3712 680 3765 ct.
701 3709 806 3777 Ballou,
824 3710 939 3781 Repu-e.
958 3729 984 3764 u.
997 3712 1097 3783 Appel.
1112 3712 1185 3767 cinit.
1205 3732 1232 3766 n.
1250 3713 1270 3764 7
1276 3732 1284 3781 ,·
1303 3712 1375 3766 Bon·

198 3814 268 3881 nier,
288 3815 378 3870 Elem.
398 3819 433 3870 de
448 3817 589 3886 l’orpunis.
602 3821 694 3888 judic.
708 3800 768 3887 cup.
782 3818 845 3885 111,-
859 3818 1011 3882 Bordeaux‚
1026 3818 1203 3889 Philosophia
1221 3822 1257 3873 de
1272 3820 1300 3873 la
1311 3836 1377 3889 pro·

199 3921 311 3977 obdura.
330 3950 367 3964 -
391 3923 482 3978 Etiam
508 3923 580 3993 apud
599 3924 739 3979 Romanos
763 3930 828 3978 ante
855 3924 1022 3979 constitutos
1043 3924 1227 3994 Imperatores
1251 3925 1376 3994 appella·

199 4027 285 4081 tionis
303 4027 473 4094 institutum,
485 4032 625 4098 quatenus
643 4034 687 4083 est
699 4030 859 4098 provocatio
872 4028 906 4081 ad
924 4028 1043 4083 iudicem
1059 4031 1238 4098 superiorem,
1251 4030 1377 4099 ignotum

198 4133 268 4197 fuit3
289 4132 338 4187 sed
357 4134 486 4187 executio
504 4134 660 4189 sententiae
679 4133 800 4189 iniustae
818 4138 868 4188 aut
888 4134 999 4205 iniquae
1019 4134 1222 4204 impediebatur
1240 4150 1289 4203 per
1307 4134 1379 4188 ordi·

198 4240 279 4293 naria
303 4241 393 4294 media
419 4244 580 4310 comparata
605 4240 638 4294 ad
664 4241 880 4310 propulsandum
907 4258 1044 4308 euroram,
1062 4254 1176 4309 mamm,
1196 4242 1310 4310 dolum,·
1329 4248 1379 4297 aut

199 4361 249 4413 per
261 4344 385 4399 medium
398 4344 648 4400 extraordinarium
662 4347 846 4401 restitutionis
858 4349 888 4401 in
900 4350 1049 4417 integrum.
1062 4346 1102 4401 Cf.
1114 4346 1260 4415 Padeletti‚
1274 4346 1322 4417 Op.
1334 4348 1377 4401 cit·

198 4468 258 4522 cap.
279 4450 565 4523 27,nor.u1t.‚·cap.
588 4453 640 4516 50,
658 4462 713 4506 not.
731 4454 842 4522 prima3
862 4470 921 4523 cop.
942 4454 985 4506 61.
