3350 5117
385 324 450 388 ouo
911 343 994 390 umas
1019 343 1041 388 1.

383 475 470 534 tatae
493 469 739 554 appellationem
756 489 819 533 noa
836 469 1017 548 admittunt,
1034 467 1203 533 dummodo
1220 489 1284 534 non
1299 477 1396 555 agatur
1407 471 1437 535 de
1449 491 1497 556 poe

384 739 602 806 possessorem
627 739 803 784 sauream
829 717 931 782 relate
954 717 994 782 ad
1022 717 1183 786 iudicium.
1210 721 1298 783 cuius
1326 718 1500 803 praeiudicium

384 594 523 658 sessorio
546 592 678 658 decreto
706 593 815 678 magui
847 593 1008 661 momenti,
1033 591 1128 675 quale
1160 599 1209 656 est
1238 591 1311 656 illud
1338 593 1499 657 determinans

384 845 418 906 in
442 841 606 908 definitiva
629 844 789 906 sententia
811 843 920 907 sanari
951 847 1041 909 certe
1073 863 1137 908 non
1168 849 1281 929 potest.
1304 843 1400 918 Quoad
1425 863 1501 906 causus

384 989 465 1032 uero
495 968 709 1053 possessorias
735 968 958 1051 principales,
983 987 1040 1033 seu
1068 988 1133 1032 non
1163 967 1337 1032 incidentes
1364 967 1502 1053 prohibetur
1573 941 1575 950 i

383 1092 604 1158 tantummodo
627 1093 800 1178 appellatio
825 1113 867 1156 ex
891 1113 966 1159 cen.
990 1097 1043 1158 cit.
1065 1093 1092 1158 si
1116 1093 1288 1178 appellatio
1310 1095 1347 1158 sit
1374 1093 1504 1156 friuolaet

386 1219 604 1284 frustratoria.

473 1343 507 1428 2)
532 1343 730 1409 Prohibetur
752 1343 926 1428 appellatio
950 1345 981 1407 in
1007 1343 1112 1407 causis
1134 1344 1278 1411 notoriis,
1296 1363 1361 1407 cum
1377 1339 1504 1406 renediuu

384 1466 607 1551 appellationis
630 1467 662 1530 in
679 1467 748 1529 istie
763 1455 895 1530 cederet
911 1466 943 1529 in
959 1464 1187 1530 detrimentum
1205 1465 1356 1540 iustitiae;
1371 1463 1407 1528 cl.
1421 1483 1442 1527 c.
1455 1483 1474 1526 c.
1484 1460 1505 1528 5.
1576 1453 1577 1492 i

384 1587 512 1664 13,1e.
538 1589 588 1662 61,
613 1589 644 1652 b.
670 1594 690 1653 t.
715 1589 755 1652 X.
781 1588 908 1674 Duplex
931 1590 1106 1654 notorietas
1135 1588 1291 1668 habetur,
1322 1607 1421 1672 nempe
1443 1584 1505 1668 theti,

386 1903 456 1958 libet
475 1909 630 1972 praetextu,
650 1911 844 1975 praeterquam
865 1921 912 1973 per
931 1904 1005 1956 uiam
1025 1903 1167 1973 legitimae
1188 1903 1386 1994 appellationis,
1400 1901 1477 1954 luerint
1490 1898 1509 1948 ul

386 2013 473 2082 ipsius
492 2013 615 2067 tribuual
634 2013 763 2068 delataat

476 2121 546 2175 Vlll.
565 2126 610 2176 Au
628 2123 721 2176 valeat
739 2121 974 2191 apppellationem
994 2123 1117 2190 recipere
1138 2121 1190 2174 nisi
1206 2139 1256 2190 per
1276 2117 1508 2190 publicadocnmem

387 2231 469 2296 (quae
493 2227 608 2280 realiter
631 2227 827 2293 exhibeantur)
855 2227 1013 2297 priusquam
1037 2227 1196 2280 constiterit
1217 2193 1426 2296 'appellationem
1445 2235 1512 2272 eser·
1579 2230 1580 2284 t

387 2337 476 2388 tentia
494 2335 637 2389 definitiva
661 2335 707 2390 vel
731 2335 853 2389 habente
872 2336 927 2388 vim
952 2335 1119 2400 definitivae,
1138 2341 1188 2388 ant
1207 2353 1225 2388 a
1249 2332 1400 2403 gravamine
1416 2326 1470 2397 quet
1482 2341 1513 2392 re·

386 2442 553 2495 seutentiam
572 2441 743 2495 definitivam
764 2441 887 2509 reparari
908 2456 962 2494 riou
981 2441 1075 2510 possit,
1094 2441 1122 2492 in
1143 2441 1257 2493 casibus
1276 2457 1293 2493 a
1314 2441 1370 2492 iura
1393 2453 1436 2490 nou
1451 2429 1513 2501 proh.-

387 2550 453 2603 bias
472 2567 521 2618 per
540 2550 695 2618 legitimam
715 2566 859 2618 personam
879 2555 908 2604 et
927 2549 1001 2602 intra
1018 2548 1111 2603 dehita
1131 2552 1261 2616 tempore
1280 2547 1360 2600 tuisse
1373 2539 1512 2610 interpositio
1580 2548 1581 2612 p

387 2674 420 2710 ac
440 2656 631 2726 prosecutaml
1340 2631 1343 2640 ,

475 2764 911 2819 interannuntiantem
932 2764 1081 2818 concedere
1102 2771 1163 2832 post
1184 2769 1327 2833 receptam
1352 2757 1515 2831 appellationem

388 2871 492 2940 absque
511 2871 662 2925 insertione
679 2873 785 2926 tenoris
807 2871 962 2925 sententiae
985 2853 1037 2923 ¹eut
1062 2868 1168 2924 decreti
1195 2868 1336 2924 definitiri
1360 2871 1403 2921 eut
1421 2857 1515 2916 definitur

387 2979 443 3031 rim
461 2977 599 3042 habentis,
618 2977 727 3031 etiamsi
747 2975 891 3045 appellans
910 2979 1016 3030 asserat
1041 2974 1124 3045 culpd
1149 2975 1253 3028 iudicis
1272 2991 1290 3028 a
1313 2989 1365 3046 quo
1381 2974 1422 3025 aut
1436 2961 1517 3021 actuari

387 3081 544 3151 exemplum
563 3082 665 3135 habere
684 3097 738 3134 non
759 3097 848 3149 posse,
868 3097 922 3135 non
942 3081 1092 3133 iustificate
1116 3078 1330 3148 impedimento,
1347 3081 1374 3132 et
1395 3091 1423 3128 au
1439 3073 1460 3123 iu
1474 3081 1516 3119 casu

388 3189 494 3259 possint
513 3189 694 3243 inhibitiones
713 3189 825 3257 impone
845 3187 957 3257 sperni?

477 3296 504 3350 S.
524 3296 609 3365 Cong.
628 3295 770 3363 respoudit
788 3295 833 3349 dia
855 3295 888 3348 15
907 3295 975 3348 Maii
998 3295 1079 3348 1700:

477 3404 520 3456 nd
539 3403 558 3456 l.
577 3403 714 3471 Nepotioe
728 3403 819 3472 prroad
837 3407 965 3472 effectum
984 3403 1188 3470 suspensivum.

477 3510 520 3564 Ad
539 3509 570 3564 ll.
590 3509 737 3578 Nepotioe.

476 3614 519 3668 Ad
539 3613 582 3667 111.
602 3614 739 3682 Nepotiee
757 3613 847 3684 quoad
866 3613 1054 3681 cognitionem
1077 3629 1178 3667 musae
1206 3613 1238 3666 in
1267 3613 1352 3683 gradu
1375 3599 1521 3678 appellatum

388 3728 513 3786 tautum
533 3726 562 3777 et
579 3722 746 3793 affirmative
765 3720 855 3791 quoad
873 3722 985 3775 brevem
1005 3721 1252 3789 supersessoriam.

478 3829 521 3883 Ad
540 3829 586 3883 lV.
606 3830 754 3899 Nepotiuc.

477 3935 519 3987 Ad
540 3933 572 3988 V.
591 3935 689 3988 Itidem
707 3936 835 4003 aepactae
861 3937 1054 4002 praeterquam
1078 3931 1106 3984 in
1132 3948 1199 3985 casu
1228 3931 1405 3988 absolutionis
1420 3925 1448 3980 ad
1466 3924 1523 3975 baa

388 4049 496 4114 tempus
515 4049 544 4097 et
563 4049 629 4097 tnnc
648 4060 711 4096 cum
729 4042 903 4113 obligatione
922 4040 955 4094 de
975 4040 1073 4094 stando
1091 4039 1146 4093 iuri
1166 4047 1197 4095 et
1219 4042 1344 4112 parendo
1361 4033 1473 4092 unandatis
1486 4027 1523 4080 Er·

389 4149 499 4202 clasiae.

478 4259 519 4311 nd
534 4257 580 4312 Vl.
600 4257 657 4310 Vll.
672 4255 742 4310 Vlll.
756 4255 804 4310 lx.
824 4256 970 4324 Neputr'ue.
985 4284 1000 4296 ·
1012 4253 1091 4309 Alias
1110 4253 1306 4309 resolutiones
1324 4252 1410 4310 eadem
1429 4235 1523 4318 principa

389 4371 544 4420 statuentes
563 4367 597 4418 cf.
616 4366 650 4418 ad
672 4365 774 4419 Cenctl.
800 4363 876 4418 Trtd.
897 4367 958 4418 edit.
979 4363 1092 4417 Rimber
1112 4365 1158 4417 cit.
1176 4381 1246 4434 pop.
1272 4365 1308 4417 71
1331 4369 1359 4418 et
1376 4345 1523 4414 neuradh'tb

356 4469 361 4474 ’
391 4471 432 4523 De
452 4471 516 4538 Syn.
536 4471 630 4522 Du'ocr.
650 4468 709 4521 Lib.
731 4467 800 4533 xri,
820 4467 878 4518 8».
