3350 5117
350 331 418 398 652
876 353 959 402 pass
984 352 1006 399 1.

352 481 406 541 tur
429 474 621 541 iudicialiter
645 480 676 540 et
699 475 815 542 auditis
834 477 913 545 hinc
936 479 1010 546 inde
1033 483 1190 547 interesse
1213 477 1414 560 habentibus,
1431 497 1531 542 nemo

351 619 415 663 non
432 599 520 666 videt
534 604 611 684 quot
626 603 717 665 actus
734 600 900 667 iudiciales
915 608 947 669 et
963 623 1059 688 quam
1076 602 1245 690 diligentes
1260 602 1529 668 necessariisint.

350 722 462 799 Quoad
488 743 540 790 res
563 728 671 789 autem
695 723 883 792 immobiles
906 746 971 790 non
994 727 1136 792 minores
1151 733 1225 792 suut
1239 725 1390 812 ambages
1413 745 1531 790 execu-

349 852 454 917 tionis,
482 849 559 914 Cum
584 850 668 913 enirn
692 849 823 934 procedi
846 849 963 916 debeat
991 850 1032 915 ad
1062 852 1288 917 alienationem
1321 851 1531 916 immobilium

350 983 504 1056 coactam,
526 973 697 1059 aliquando
721 976 780 1039 iste
804 979 894 1041 actus
917 978 1084 1061 potestatis
1107 979 1297 1042 executivae
1320 978 1532 1062 gravissimus

350 1098 495 1186 pluribus
518 1097 755 1164 difficultatibus
779 1099 937 1166 obnoxius
960 1105 1018 1172 est,
1042 1101 1143 1166 veluti
1167 1100 1209 1166 ob
1235 1101 1437 1188 hypothecas
1464 1103 1532 1185 qui·

350 1225 409 1289 bus
431 1223 584 1308 suppositi
608 1223 740 1288 fuerunt
763 1222 854 1287 fundi
878 1224 911 1286 in
935 1224 1141 1291 securitatem
1162 1227 1303 1291 omnium
1319 1225 1529 1292 creditorum.

351 1349 390 1412 lo
413 1343 475 1410 hac
500 1344 670 1432 hypothesi
695 1363 759 1408 non
783 1343 886 1409 solum
909 1343 1110 1411 adhibendae
1141 1353 1216 1413 sunt
1246 1366 1359 1413 omnes
1383 1348 1532 1414 cautelae

349 1473 382 1536 in
403 1469 579 1536 vendendis
602 1469 816 1535 immobilibus
838 1469 898 1535 sub
920 1470 1023 1544 hasta,
1040 1478 1076 1536 ut
1097 1472 1286 1537 consulatur
1309 1472 1432 1539 iuribus
1456 1495 1531 1540 cre-

349 1597 489 1662 ditorum
515 1599 548 1660 et
571 1594 756 1672 venditoris,
774 1592 829 1661 sed
854 1595 940 1661 inter
955 1595 1062 1660 varios
1079 1595 1258 1664 creditores
1276 1598 1533 1685 hypothecarios

350 1722 498 1789 habenda
521 1726 571 1789 est
592 1721 675 1786 ratio
697 1719 859 1804 qualitatis
875 1727 908 1786 et
922 1722 1077 1807 temporis
1092 1722 1307 1811 hypothecae,
1321 1728 1396 1809 quia
1411 1727 1446 1790 in
1462 1728 1532 1793 istis

350 1849 422 1913 fere
444 1866 572 1931 semper
591 1846 694 1929 prior
710 1851 861 1927 tempore
872 1846 988 1929 potior
1003 1851 1053 1912 est
1074 1847 1159 1913 iure.
1176 1848 1339 1914 Nonnulla
1358 1869 1440 1914 vero
1455 1856 1532 1915 sunt

349 1969 473 2036 credita
498 1968 710 2054 privilegiata.
737 1968 855 2033 Postea
876 1967 1025 2033 facienda
1040 1973 1090 2036 est
1112 1971 1207 2054 pretii
1232 1975 1376 2058 percepti
1393 1976 1425 2039 in
1449 1995 1531 2040 ven·

350 2091 471 2157 ditione
497 2091 679 2178 gradualis
710 2089 889 2171 distributio
921 2093 1007 2156 inter
1037 2093 1226 2181 creditores.
1251 2096 1302 2162 Ita
1331 2099 1530 2163 Iustinianus

349 2218 387 2282 io
403 2218 423 2282 t.
442 2217 465 2282 8
484 2213 562 2282 eoa
579 2216 642 2288 Qui
659 2214 754 2284 bonis
770 2217 888 2283 cedere
902 2218 1045 2299 possint,
1063 2224 1187 2284 monet:
1203 2240 1222 2282 c
1239 2221 1282 2285 Ic
1296 2219 1406 2296 rebam,
1420 2221 1530 2307 officio

349 2343 472 2409 iudicis
503 2342 678 2427 partiendis
709 2362 798 2408 suam
826 2344 892 2406 vim
923 2343 1058 2429 singulis
1082 2344 1295 2412 creditoribus
1325 2346 1530 2429 habentibus,

350 2486 445 2552 quam
469 2467 515 2533 eis
531 2467 639 2554 legum
663 2469 839 2554 praestabit
863 2469 977 2554 regula
992 2491 1023 2533 a.
1049 2471 1161 2535 Deliis
1184 2471 1308 2556 regulis
1331 2473 1531 2556 potissimum

350 2598 486 2658 cavetur
501 2593 533 2658 in
551 2594 656 2659 titulo:
674 2594 724 2660 De
735 2593 941 2680 pigrioribus
958 2599 988 2660 et
1003 2595 1205 2680 hypothecis,
1224 2596 1259 2661 G.
1272 2601 1305 2660 et
1324 2596 1357 2659 in
1373 2595 1451 2660 alio:
1467 2595 1533 2667 Qui

344 2715 496 2799 potiores
512 2716 549 2781 in
560 2717 708 2804 pignore
731 2719 921 2786 habeantur
944 2719 978 2785 Ο.
995 2719 1178 2785 -Iudicia
1196 2739 1278 2804 quae
1295 2726 1474 2786 occurrunt
1487 2721 1531 2786 ad

350 2841 433 2906 haec
452 2843 646 2928 peragenda,
663 2841 759 2907 hodie
778 2842 839 2908 dici
857 2843 962 2909 solent
972 2843 1192 2930 purgationis
1215 2844 1475 2931 hypothecarum
1499 2848 1534 2908 et

350 2967 598 3052 productionis.

440 3091 515 3156 679.
542 3094 579 3157 ln
604 3093 677 3158 toro
701 3095 920 3160 ecclesiastico
944 3094 1047 3178 quoad
1071 3115 1184 3160 causas
1201 3095 1314 3160 civiles
1336 3094 1533 3182 adoptantur

352 3215 486 3301 regulae
510 3216 589 3280 iuris
614 3219 737 3281 romani
762 3219 795 3281 io
818 3217 870 3282 his
886 3236 968 3301 quae
984 3217 1162 3302 respiciunt
1183 3218 1256 3281 iura
1271 3226 1304 3282 et
1318 3217 1534 3303 obligationes

351 3342 562 3408 ecclesiastici
586 3343 705 3407 interni
729 3342 904 3426 regiminis,
922 3345 1033 3426 utputa
1056 3342 1128 3406 iura
1151 3345 1182 3405 et
1202 3339 1412 3426 obligationes
1432 3340 1532 3406 bene·

350 3464 465 3532 ficiarii
489 3467 592 3550 quoad
615 3465 706 3531 bona·
723 3467 771 3531 soi
795 3463 962 3540 beneficii3
987 3467 1020 3528 in
1046 3465 1118 3530 aliis
1141 3465 1240 3529 veluti
1263 3465 1297 3528 in
1321 3463 1534 3529 relationibus

350 3590 498 3656 civilibus
513 3590 625 3656 clerici
642 3611 715 3656 cum
730 3591 801 3655 aliis
817 3588 941 3655 civibus
956 3589 1061 3655 adhuc
1078 3611 1218 3657 contines
1233 3609 1298 3654 non
1315 3587 1534 3674 dedignantur

352 3715 498 3780 adiuvari
523 3714 670 3780 civilibus
693 3714 860 3780 hodiernis
883 3713 1177 3780 constitutionibus:
1202 3714 1244 3780 cl.
1268 3716 1427 3783 Prooetn.
1450 3717 1474 3798 S
1496 3714 1531 3781 3.

351 3839 475 3904 Verum
494 3839 597 3902 maior
613 3835 783 3903 difficultas
807 3841 857 3901 est
880 3837 912 3899 in
936 3837 1127 3902 executione
1151 3843 1265 3903 coacta
1287 3836 1463 3903 obtinenda
1477 3835 1532 3902 ubi

353 3963 521 4030 brachium
535 3963 703 4028 saeculare
715 3983 779 4027 non
792 3965 940 4048 suppetit,
949 3967 983 4027 et
994 3962 1118 4048 gladius
1130 3981 1344 4028 censurarum
1356 3961 1533 4048 spiritualis

355 4159 557 4214 controversias
586 4164 615 4214 et
641 4159 808 4213 redditiones
835 4158 974 4212 rationum
1001 4173 1074 4228 quae
1093 4175 1128 4212 ex
1147 4159 1208 4212 istis
1229 4163 1397 4229 sequacium
1420 4159 1450 4223 2)
1468 4162 1534 4211 acta

352 4269 479 4322 coactiva
496 4266 524 4321 vi
543 4268 744 4323 sententiarum
762 4283 833 4337 quae
853 4282 909 4320 non
928 4265 1081 4335 respiciunt
1096 4266 1221 4320 actiones
1239 4265 1428 4335 pecuniariam
1444 4263 1474 4336 a)
1486 4279 1532 4318 se·

353 4375 557 4445 questrationes
576 4373 751 4440 executivas3
765 4375 792 4442 4)
807 4367 1016 4444 pignorationes
1029 4377 1059 4428 et
1070 4373 1255 4429 alienationes
1273 4389 1366 4429 rerum
1385 4372 1532 4428 mobilium

352 4486 382 4534 el
400 4480 592 4545 immobilium,
611 4483 713 4535 lorium
733 4488 781 4535 aut
800 4481 941 4536 actionum
960 4481 1092 4546 realium3
1110 4481 1139 4550 5)
1153 4485 1290 4536 arrestum
1308 4479 1454 4551 personale
1468 4498 1493 4533 a.
