3350 5117
629 311 736 360 mnan
763 311 882 360 aaron
1278 293 1339 360 671

167 433 210 487 40.
229 433 430 488 iurisdictionis
448 433 526 486 notio
545 449 600 486 non
620 432 716 487 eadem
742 437 784 487 est
802 431 831 486 in
851 431 912 487 iure
930 447 990 486 can.
1010 437 1039 488 et
1058 448 1172 488 romano
1206 451 1272 506 paq.
1308 435 1345 488 65

167 539 210 595 41.
230 539 431 594 lurisdictionis
450 541 535 606 notio,
553 555 588 595 ex
606 540 667 595 iure
685 553 753 594 rom.
772 540 922 610 exponitur
946 579 1218 594 .......
1255 556 1274 596 a
1309 539 1345 595 65

168 647 262 702 42-43.
281 647 467 718 Explicantur
484 647 607 702 eiusdem
625 647 775 702 divisiones
812 686 1218 702 ..........
1255 663 1273 701 a
1308 648 1345 701 67

167 752 211 806 44.
231 752 358 824 Amplior
376 753 544 824 significatio
562 752 761 808 iurisdictionis
779 753 807 808 in
827 753 888 809 iur'e
907 769 958 808 can
960 793 1218 808 .......
1256 771 1274 811 a
1309 755 1345 809 69

169 859 211 912 45.
231 857 300 914 ltem
318 858 437 928 amplior
455 857 654 913 iurisdictionis
671 856 813 928 delegatio
837 874 873 912 ex
897 859 958 914 inre
981 875 1034 913 can
1035 897 1219 913 .....
1256 875 1274 913 a
1309 860 1345 913 70

168 963 211 1018 46.
232 964 386 1019 Divisiones
404 964 568 1019 indiciorum
587 965 696 1020 ratione
715 965 814 1020 iudicis
814 1003 1220 1019 ..........
1256 981 1276 1023 a
1309 967 1342 1020 71

169 1069 211 1120 47.
232 1068 352 1123 Ratione
369 1068 504 1124 materiae
506 1107 1221 1124 .................
1258 1088 1276 1127 a
1306 1071 1345 1125 ibi

168 1175 211 1228 48.
232 1176 352 1231 Ratione
370 1179 475 1232 formae
503 1216 1219 1232 .................
1257 1196 1275 1234 a
1310 1182 1346 1233 72

169 1281 211 1334 49.
232 1281 351 1338 Ratione
369 1283 432 1337 finis
457 1322 1219 1337 ..................
1258 1303 1276 1341 a
1310 1287 1347 1341 73

651 1523 811 1604 rrrnnus
833 1548 865 1602 11.

285 1721 322 1759 DE
342 1721 478 1761 PEBSONlS
498 1722 526 1761 ln
547 1723 653 1762 ulmeto
672 1723 892 1762 scelestesrroo
912 1723 1028 1762 Pentele
1049 1723 1233 1764 arceamus,

169 1921 213 1974 50.
234 1919 372 1974 Personae
391 1919 523 1976 iudicium
542 1921 744 1976 constituentes
762 1924 835 1986 sunt,
855 1921 947 1986 index,
966 1924 1044 1974 actor
1062 1925 1091 1976 et
1113 1939 1177 1977 reus
1212 1941 1275 1994 pap.
1312 1925 1348 1977 74

170 2027 213 2081 51.
235 2027 338 2081 Harum
358 2044 537 2097 personarum
555 2027 681 2082 formalis
699 2032 728 2083 et
746 2025 854 2098 phisica
872 2028 1013 2083 distinctio
1032 2029 1184 2100 requiritur
1214 2071 1221 2084 .
1258 2045 1276 2086 a
1309 2033 1347 2087 ibi

169 2133 213 2186 52.
234 2131 388 2200 Exponitnr
409 2131 546 2203 quomodo
570 2131 745 2187 resolvantur
766 2131 944 2204 quaestiones
965 2133 1074 2188 fiscales
1095 2133 1224 2206 aliaeque

277 2239 400 2308 Principi
414 2239 593 2310 pertinentes,
606 2239 635 2294 in
648 2239 749 2310 quibas
762 2237 808 2293 hic
820 2245 865 2294 est
877 2239 959 2295 iudex
972 2241 1001 2294 in
1014 2257 1100 2295 cansa
1112 2244 1225 2312 propria
1260 2259 1278 2300 »
1312 2245 1349 2298 75

169 2345 212 2400 53.
233 2347 347 2408 Quando
365 2347 461 2418 aliqua
479 2364 563 2401 cansa
581 2347 690 2402 dicatur
708 2346 794 2400 iudici
813 2347 927 2417 propria
952 2388 1222 2404 .......
1260 2368 1277 2406 a
1313 2353 1348 2405 77

171 2453 213 2507 54.
235 2453 273 2509 De
291 2453 520 2524 causis.propriis
538 2454 735 2525 Episcopotum
770 2493 1221 2509 ...........
1258 2474 1277 2516 a
1309 2458 1348 2513 ibi

170 2562 213 2616 55.
235 2562 273 2616 De
292 2561 416 2632 personis
434 2561 538 2616 iudicio
556 2562 717 2617 accessoriis
728 2602 1223 2619 ............
1260 2584 1279 2624 ›
1313 2569 1350 2622 78

691 2776 786 2832 Caetra
809 2775 828 2830 l.

627 2924 657 2956 n!
673 2923 772 2958 ACTOR!
789 2925 818 2957 ΕΤ
836 2923 893 2957 no.

171 3095 215 3148 56.
237 3092 276 3148 De
295 3097 389 3148 actore
408 3097 437 3146 et
455 3107 503 3146 reo
521 3091 550 3145 in
570 3092 666 3161 primis
685 3092 823 3162 egendum
843 3097 887 3148 est
903 3132 1177 3147 .......
1212 3111 1278 3165 pap.
1312 3093 1352 3161 79

172 3203 216 3258 57.
236 3203 275 3258 De
293 3201 384 3256 officio
402 3202 505 3255 actoris
547 3239 1223 3256 ................
1260 3217 1278 3259 a
1312 3203 1351 3256 ibi

170 3311 214 3366 5a
235 3310 274 3364 De
292 3308 383 3363 officio
402 3311 441 3364 rei
461 3347 1223 3364 ..................
1261 3325 1279 3366 a
1315 3310 1351 3364 80

172 3416 216 3470 59.
235 3418 323 3470 Actor
341 3418 371 3470 et
389 3430 451 3470 reus
471 3418 586 3485 possunt
604 3415 689 3470 etiam
708 3413 834 3484 allegare
853 3416 897 3470 ius
907 3455 1226 3469 ........
1262 3431 1281 3470 a
1316 3417 1347 3469 81

171 3521 214 3574 66.
235 3518 377 3588 Principia
394 3533 428 3572 ex
448 3519 550 3572 actoris
569 3523 598 3573 et
617 3519 656 3572 rei
676 3519 789 3574 notione
808 3519 1004 3574 descendentia
1041 3560 1225 3572 .....
1262 3535 1280 3575 a
1313 3521 1352 3574 ibi

261 3753 279 3813 δ
302 3747 323 3800 l.
344 3749 385 3804 Dc
403 3749 445 3802 tis
464 3752 512 3818 qui
531 3749 684 3819 lapicimcm
702 3749 801 3803 habent
819 3766 973 3820 perronam
991 3751 1085 3805 cundi
1102 3751 1133 3802 in
1151 3750 1262 3804 iudicio.

171 3945 216 3999 ol.
235 3945 354 4006 Quinam
372 3961 488 4015 capaces
506 3945 563 3999 sint
581 3945 682 4014 agendi
700 3949 730 4000 et
748 3945 931 4016 respondendi
949 3946 978 4001 in
997 3946 1099 4002 iudicio
1131 3989 1138 4000 .
1176 3988 1182 3998 .
1212 3965 1279 4018 pap
1317 3949 1353 4001 83

66 4079 69 4084 ι
172 4051 216 4104 62.
237 4049 297 4103 Non
314 4066 410 4104 omnes
429 4053 494 4104 sunt
512 4065 642 4120 capaces,
667 4051 774 4122 ipsique
798 4068 915 4121 capaces
936 4069 991 4106 non
1013 4069 1110 4107 omnes
1132 4051 1228 4108 eodem

280 4154 361 4209 modo
379 4171 463 4225 agere
481 4160 511 4209 et
529 4155 696 4226 respondere
714 4155 817 4212 debent
818 4197 1226 4213 ..........
1263 4175 1281 4216 »
1317 4158 1352 4211 84

171 4259 216 4314 63.
235 4261 278 4315 Ab
298 4261 414 4330 agendo,
428 4278 481 4316 non
494 4278 511 4315 a
524 4263 721 4333 respondendo,
735 4265 910 4335 repellantur
922 4265 1050 4322 absolute
1070 4282 1229 4322 excommn-

280 4368 366 4423 nicati
386 4368 491 4423 vitandi
507 4409 1226 4428 .................
1263 4389 1281 4429 a
1315 4375 1354 4430 ibi
