3350 5117
283 250 350 315 474
808 271 893 317 ruas
917 272 938 317 1.

375 391 406 477 1)
430 412 586 477 quaenam
612 392 738 459 dicatur
762 394 923 459 confessio
947 393 1219 468 extraiudicialis;

373 520 406 606 2)
430 520 587 603 quomodo
600 520 756 605 probatur
774 522 806 585 in
823 522 953 587 iudicio.
966 556 1009 569 —
1025 523 1212 587 Generatim
1228 506 1462 606 praemittimus

283 642 335 705 vel
352 642 385 704 in
402 641 465 705 hoo
486 643 682 727 propositum
707 642 877 707 admodum
893 642 1121 707 attendendam
1145 662 1216 707 esse
1240 644 1292 706 cit.
1315 641 1462 705 Doctoris

283 765 604 831 animadversionem.
618 769 663 832 At
673 768 763 831 iuvat
774 786 953 852 suggerere
965 769 1099 831 ariteria
1111 766 1326 851 generaliora.
1340 764 1461 830 Priaw

284 894 468 976 reponimus
502 892 737 957 confessionem
769 891 1046 958 extraiudicialem
1077 911 1147 956 esse
1178 892 1460 958 asseverationem

284 1020 384 1081 caira
407 1015 572 1082 iudicium
595 1016 724 1098 factam
749 1018 792 1082 de
815 1016 1000 1085 intentione
1022 1014 1224 1083 aduersarii.

373 1140 464 1203 Haec
493 1140 723 1226 aliquantisper
753 1147 845 1207 caret
875 1143 917 1223 vi,
942 1144 1017 1225 quia
1045 1142 1169 1221 leuiter,
1194 1140 1454 1239 inconsiderata)

283 1282 352 1327 aaa
367 1264 514 1329 veridica
529 1266 747 1349 praesumitur
762 1266 849 1330 iacta
866 1273 898 1330 et
913 1267 988 1350 quia
1012 1265 1260 1330 indeterminata
1276 1284 1348 1328 esse
1366 1264 1460 1329 solet.

283 1422 326 1433 ·-
343 1387 536 1452 Excluditur
559 1394 667 1453 autem
691 1390 871 1455 huiusmodi
888 1390 1044 1463 defectus,
1057 1392 1083 1455 si
1100 1390 1244 1474 prolatae
1260 1388 1459 1454 confessioni

236 1548 239 1555 ·
283 1511 396 1576 aderat
411 1513 626 1595 adversarius,
643 1518 699 1578 aut
715 1516 783 1578 eins
799 1520 992 1598 procurator
1009 1535 1066 1579 seu
1081 1514 1185 1578 altera
1200 1532 1349 1598 persona,
1368 1513 1459 1576 cuius

284 1636 442 1700 intererat
464 1637 541 1701 sacti
565 1637 713 1702 confessi.
739 1674 781 1687 -
807 1639 985 1702 Praeterea
1007 1639 1034 1701 si
1057 1638 1255 1702 asseveratio
1271 1636 1457 1720 proseratur

284 1780 357 1826 cum
373 1762 470 1825 certis
483 1762 693 1835 adminiculis,
707 1763 808 1828 veluti
822 1784 894 1828 cum
907 1763 1173 1828 determinatione
1185 1762 1282 1829 debiti
1295 1769 1328 1827 et
1340 1782 1458 1827 causae

284 1885 428 1957 debendi,
446 1888 570 1951 animus
586 1886 660 1951 inde
683 1892 819 1971 apparat
834 1888 939 1952 serius
955 1894 988 1952 et
1002 1886 1144 1973 prudens
1160 1886 1351 1953 confitentis.
1369 1885 1460 1952 Haec

283 2011 434 2077 adiuncta
456 2033 476 2076 a
499 2013 604 2078 iudice
626 2008 745 2079 attendi
772 2012 899 2085 debent,
923 2013 979 2078 sed
1003 2033 1068 2077 non
1091 2018 1166 2079 sunt
1192 2013 1378 2077 necessaria
1399 2032 1462 2077 nec

284 2135 430 2201 absoluta
452 2156 511 2220 pro
528 2136 672 2201 omnibus
696 2134 832 2201 casibus.
858 2172 901 2185 -
927 2136 1081 2202 Secunda
1113 2137 1299 2220 reponimus
1329 2134 1460 2220 probari

284 2280 376 2345 posse
400 2280 459 2344 per
482 2266 579 2325 testes
603 2282 645 2325 ex
668 2280 744 2343 cap.
767 2259 818 2325 23
842 2260 896 2325 De
924 2259 1058 2327 tosillas
1080 2259 1115 2323 X
1135 2258 1191 2344 (ll,
1208 2260 1281 2341 20),
1307 2262 1366 2325 nisi
1392 2261 1462 2344 ipse

283 2382 439 2451 confitens
462 2386 542 2451 velit
564 2406 635 2450 eam
659 2388 691 2449 in
717 2386 835 2451 iudicio
860 2384 1069 2452 confirmare.

374 2506 448 2571 453.
474 2508 617 2590 Denique
632 2509 822 2575 advertatur
838 2509 922 2593 quod
937 2510 1062 2593 species
1078 2508 1292 2573 confessionis
1308 2507 1460 2575 amiratu-

283 2632 415 2698 dicialis
439 2638 488 2698 est
511 2634 670 2699 confessio
700 2636 969 2700 sacramentalis.
995 2635 1087 2699 Haec
1110 2635 1143 2699 in
1166 2633 1283 2699 iudicio
1314 2634 1459 2697 invocari

285 2774 349 2817 non
372 2760 544 2838 potestne
567 2756 750 2839 poenitente
773 2757 900 2841 quidem
918 2758 1149 2838 consentiente,
1175 2764 1208 2821 ut
1233 2757 1374 2822 decisum
1399 2757 1462 2821 fuit

284 2879 316 2940 in
350 2876 470 2942 calabri
506 2898 603 2942 causa
637 2876 799 2944 filiationis
830 2880 927 2945 Ducis
959 2880 1240 2945 Siarza-Cesarini
1274 2880 1396 2964 agitata
1420 2882 1459 2968 ,iu

285 3002 316 3065 S.
334 3002 418 3067 Rota
434 3002 484 3081 R„
509 3022 600 3068 anno
615 3001 789 3085 1834-35,
814 3005 848 3067 in
872 3024 934 3088 qua
956 3024 1003 3069 aaa
1026 3004 1161 3070 licentia
1183 2974 1305 3070 matris
1329 3005 1461 3072 infantis

284 3126 323 3189 de
347 3126 437 3190 ouius
461 3126 585 3210 origine
609 3126 775 3211 agebatur,
801 3122 1018 3193 confessarius
1040 3132 1175 3192 testatus
1198 3134 1255 3199 est,
1273 3128 1373 3212 ipsam
1397 3150 1461 3193 ma·

284 3261 367 3317 trem
384 3255 416 3316 in
434 3253 635 3318 consessione
658 3253 885 3317 sacramentali
903 3274 937 3316 sc
953 3273 1121 3318 accusasse
1138 3255 1227 3317 circa
1242 3252 1320 3318 illud
1337 3259 1461 3339 tempus

285 3378 324 3441 de
347 3376 504 3444 adulterio
528 3379 706 3441 commisso.
732 3378 886 3442 Tribunal
915 3380 1030 3443 reiecit
1052 3379 1137 3443 hanc
1161 3381 1397 3444 attestationem
1422 3381 1462 3443 ob

286 3504 434 3567 naturam
458 3500 666 3566 consessionis
691 3502 945 3575 sacramentalis,
967 3521 1049 3585 quae
1076 3503 1261 3567 necessario
1284 3508 1333 3567 est
1356 3503 1463 3567 aliena
1513 3505 1519 3521 ⁸

283 3626 390 3690 aioro
410 3628 620 3699 contentioso,
639 3628 683 3693 ita
700 3633 742 3707 ut,
761 3628 857 3691 etiam
881 3626 1057 3691 accedente
1073 3628 1265 3711 poenitentis
1290 3646 1461 3708 consensu,

285 3754 353 3816 eius
375 3752 536 3815 invocatio
561 3752 599 3829 in,
617 3750 733 3816 iudicio
758 3771 822 3815 non
839 3749 894 3816 fiat
909 3751 1029 3851 absque
1052 3751 1214 3816 scandalo.
1237 3751 1284 3817 cf.
1310 3753 1350 3817 cl.
1373 3753 1461 3818 Santi

284 3874 315 3938 h.
341 3880 363 3938 t.
389 3894 420 3937 n.
446 3875 490 3940 25
514 3873 571 3959 (l).

356 4066 396 4136 (1)
415 4066 509 4127 Quoad
529 4067 637 4120 modum
658 4067 826 4136 provocandi
841 4076 869 4121 et
884 4062 1068 4136 perpendendi
1088 4072 1298 4138 confessionalis·
1317 4076 1345 4123 et
1364 4070 1393 4122 iu
1412 4086 1461 4138 ge·

284 4193 358 4241 nere,
368 4175 460 4245 'quoad
474 4175 545 4229 alias
558 4176 664 4245 species
678 4176 858 4244 probationis,
870 4177 1021 4245 practicam
1036 4176 1191 4245 exemplum
1206 4176 1325 4231 habetur
1338 4178 1367 4230 in
1380 4194 1463 4231 causa

285 4281 470 4336 Mediolanen.
491 4280 581 4334 relata
600 4281 670 4350 apud
690 4283 761 4335 Acta
784 4283 808 4334 S.
830 4282 912 4336 Sedis
937 4283 962 4332 V
981 4284 1025 4349 18,
1040 4300 1070 4353 p.
1092 4282 1150 4348 565
1169 4299 1240 4353 quae
1259 4282 1338 4337 docel
1357 4286 1461 4337 rectam

284 4384 421 4437 rationem
442 4384 584 4437 crolrendi
606 4385 747 4453 periodum
771 4387 961 4455 probatorium
982 4388 1145 4456 praesertim
1166 4391 1194 4442 in
1214 4389 1414 4442 criminalibus.
