3350 5117
544 358 587 403 nn
613 356 748 404 runicus
773 356 1037 403 accrasixsmcrs
1317 341 1381 405 183

203 501 289 565 pene
312 480 470 551 arbitrali,
495 480 671 545 succedunt
694 479 934 561 archidiaconi,
959 482 1022 564 qui,
1047 480 1087 543 ob
1110 502 1224 545 nruuus
1247 482 1306 547 sibi
1330 481 1381 546 ‹le-

205 604 392 669 maurlatum
408 603 651 669 administrandi
675 603 759 667 bona
782 602 952 668 Ecclesiae
967 605 1169 689 temporalia.
1186 626 1257 670 cum
1273 610 1380 671 esseut

197 732 233 794 in
261 731 400 815 negotiis
423 730 582 815 agitandis
599 748 677 814 prae
694 730 811 794 ceteris
826 730 1007 813 peritiores,
1020 730 1060 794 ab
1076 733 1234 817 Episcopo
1257 732 1381 817 delega-

198 857 319 921 bantur
335 856 374 920 acl
394 856 595 941 expedienda
611 856 737 936 iudicia,
758 860 814 921 aut
829 856 1080 921 consulebantur
1096 857 1127 920 iu
1145 858 1394 939 quaestionibus¹

200 981 293 1052 iuris,
311 988 344 1045 et
366 982 505 1045 maxime
521 978 560 1043 ab
576 981 652 1065 ipsis
669 978 900 1062 exquirebalur
915 980 1073 1044 sactorum
1094 983 1215 1046 notitia.
1234 983 1307 1064 quia
1322 981 1381 1065 ipsi

199 1106 237 1168 in
259 1104 427 1170 Ecclesiae
442 1105 666 1172 visitationem.
685 1106 814 1168 nomine
831 1105 981 1189 episcopi,
999 1106 1200 1172 cursitantes.
1219 1106 1294 1171 sacti
1310 1127 1383 1171 con-

197 1232 345 1293 troversi
362 1230 513 1295 adiuncta
536 1229 699 1293 ordinarie
723 1229 823 1313 probe
847 1230 1094 1313 cognoscebant.
1119 1266 1162 1279 —
1182 1234 1382 1316 Frequentes

198 1354 429 1439 delegationes
459 1354 699 1418 archidiacono
723 1354 838 1424 sactae.
866 1354 923 1437 ipsi
955 1352 1240 1419 Archidiaconalui
1263 1358 1381 1421 sensim

198 1476 426 1558 acquisierunt
450 1481 483 1539 et
505 1476 649 1539 stabilem
674 1478 954 1561 praescripserunt
976 1483 1165 1561 potestatem
1196 1484 1292 1561 alque
1316 1477 1383 1543 osli-

201 1600 289 1662 cium
307 1598 515 1671 ordinarium,
533 1602 697 1683 postquam
714 1596 918 1663 beneficiam
935 1600 1082 1665 Ecclesia
1106 1604 1278 1665 constituta
1298 1610 1381 1668 sunt.

200 1722 367 1797 Quocirca
381 1724 611 1789 Archidiaconi
633 1732 807 1788 evaserunt
823 1724 947 1788 Vicerii
971 1728 1037 1789 nati
1054 1728 1284 1811 Episcoporum
1309 1748 1382 1792 cum

196 1849 437 1916 iurisdictione
460 1850 614 1935 peuerell
644 1850 834 1923 culinaria,
860 1854 999 1917 maxime
1032 1854 1064 1917 in
1087 1855 1224 1937 negotiis
1254 1854 1381 1919 iudicia-

195 1970 294 2035 libus.

294 2095 442 2164 Effectus
465 2104 730 2183 praetergressus
753 2106 825 2163 erat
849 2101 1058 2165 intentionem
1075 2102 1315 2188 Episcoporum,
1330 2106 1381 2187 qui

199 2226 233 2287 in
256 2222 495 2287 archidiacono
512 2222 664 2287 nolebant
679 2210 815 2287 iudicem
832 2224 1031 2289 ordinarium
1055 2228 1159 2310 gradu
1182 2228 1379 2303 inferiorem,

197 2370 261 2435 pro
292 2350 446 2413 universa
470 2348 625 2417 Dioeoesi,
643 2348 698 2412 sed
715 2350 763 2411 sui
779 2348 949 2413 tribunalis
965 2352 1162 2433 quaerebant
1178 2372 1381 2419 assessorem

198 2497 245 2541 ex
269 2475 419 2540 mandato
444 2474 589 2559 generali
613 2474 664 2538 vel
689 2475 830 2559 speciali,
856 2496 970 2539 causas
1001 2478 1130 2542 nomina
1156 2480 1304 2563 Episcopi
1332 2481 1381 2542 iu-

197 2600 373 2665 dicantem.
400 2598 542 2663 Proinde
566 2600 815 2663 intumescentes
844 2604 875 2694 et
902 2600 1041 2665 rebelles
1065 2602 1319 2667 Archidiaconos
1347 2608 1382 2667 ut

197 2725 370 2810 paullatim
395 2744 413 2788 e
437 2724 542 2789 medio
565 2724 718 2789 tollerent
742 2724 901 2810 Episcopi,
919 2727 979 2789 alii
1002 2727 1135 2793 Vicario
1159 2748 1215 2791 seu
1241 2727 1382 2811 officiali

199 2852 385 2933 coeperunt
409 2846 627 2932 delegatioues
657 2848 784 2922 lacere,
811 2849 914 2933 quoad
942 2871 1054 2916 causas
1081 2856 1177 2915 antea
1200 2850 1239 2915 ab
1263 2852 1381 2915 Archi-

198 2976 349 3041 diaconis
372 2980 538 3054 tractatas,
564 2974 773 3059 impedientes
796 2976 859 3039 hoc
882 2976 976 3040 modo
999 2978 1132 3042 istorum
1159 2979 1383 3043 auctoritatem

198 3098 412 3171 ordinariam,
431 3116 513 3179 quae
529 3098 573 3160 ita
588 3095 628 3160 ob
645 3096 802 3161 desectum
821 3100 968 3163 exercitii
984 3101 1017 3162 in
1034 3099 1274 3165 desuetudinem
1294 3097 1379 3166 abiit.

199 3225 236 3285 et
260 3216 397 3283 effectus
419 3223 469 3282 est
492 3218 791 3285 Arcbidiaconatus,
815 3220 927 3283 titulus
949 3220 1090 3285 sinere.

299 3344 372 3410 149.
391 3344 444 3408 lus
465 3364 633 3408 commune
650 3345 729 3409 savit
745 3364 941 3430 magnopere
956 3347 1124 3410 intentioni
1141 3348 1381 3431 Episcoporum,

200 3472 356 3535 statuens
378 3468 531 3533 Vicarios
555 3468 725 3551 generales
752 3488 822 3532 esse
853 3467 1023 3534 tribunalis
1046 3470 1246 3554 Episcopalis
1276 3488 1383 3534 asses-

199 3612 302 3659 sores
324 3612 396 3655 cnm
421 3590 565 3674 generali
582 3590 741 3663 mandato,
759 3598 951 3655 exercentes
967 3592 1110 3656 eamdem
1127 3595 1276 3677 Episcopi
1293 3594 1383 3656 iuris-

199 3716 388 3796 dictionem,
406 3736 480 3780 cum
505 3736 542 3779 eo
567 3736 662 3779 unum
687 3716 834 3799 idemque
857 3717 997 3781 tribunal
1019 3720 1257 3784 constituentes,
1274 3723 1381 3783 tamen

199 3844 244 3908 ad
268 3848 382 3906 nutum
408 3843 546 3925 episcopi
571 3841 766 3907 amovibiles.
785 3842 989 3928 Quapropter
1012 3845 1082 3907 iure
1098 3845 1213 3909 merito
1230 3846 1382 3909 Vicarius

200 3968 378 4033 Generalis
401 3968 490 4029 venit
513 3966 570 4031 sub
594 3967 722 4031 nomine
738 3966 913 4032 ordinarii
928 3969 1095 4042 dioecesis,
1113 3970 1229 4053 quippe
1249 3975 1383 4033 exercet

199 4092 354 4158 eamdem
367 4091 517 4175 Episcopi
534 4089 784 4153 iurisdictionem
801 4093 834 4154 in
852 4093 920 4155 eius
931 4092 1082 4156 tribunali
1100 4098 1131 4155 et
1147 4112 1257 4156 omnes
1270 4114 1382 4157 causas

198 4216 317 4279 villere
336 4218 449 4297 potest,
469 4213 612 4295 exceptis
636 4212 850 4296 gramoribus,
868 4233 946 4296 quas
966 4234 1120 4297 expresse
1136 4215 1188 4278 vel
1203 4218 1300 4280 tacite
1324 4217 1381 4281 sibi

199 4344 355 4403 reservat
380 4336 567 4421 Episcopus
594 4337 652 4400 Est
674 4342 779 4401 autem
804 4337 978 4403 adnutum
1003 4338 1191 4409 amovibilis
1216 4341 1290 4422 quia
1317 4360 1381 4402 uon

199 4462 305 4527 habet
340 4457 529 4525 beneficium
554 4460 606 4524 vel
629 4462 754 4527 titulum
780 4464 811 4525 in
836 4464 1027 4547 Episcopale
1055 4463 1255 4536 beneficium,
1280 4469 1312 4527 et
1336 4469 1384 4527 est.
