3350 5117
521 308 565 354 na
589 307 729 355 runicus
753 306 1018 355 econasmsrrcrs
1289 289 1357 355 363

269 428 302 494 Si
325 449 406 494 vero
430 429 668 515 comprobetur,
686 429 793 497 dolum
816 435 873 495 aut
896 429 1044 495 fraudem
1067 428 1263 502 interfuisse,
1279 435 1358 496 tunc

178 554 320 620 clericus
334 575 400 620 non
417 557 536 624 amittit
551 557 738 623 clericalem
757 561 883 630 statum,
897 556 963 637 sed,
977 575 1036 642 pro
1051 555 1108 620 illo
1122 561 1214 622 certo
1228 556 1356 632 iudicio,

180 675 278 743 iudici
302 677 386 744 laico
403 677 581 745 subiicitur.
599 679 661 772 Qui
683 679 780 745 iudex
795 683 904 744 tamen
920 698 984 744 non
1003 683 1109 764 potest
1123 679 1160 744 in
1170 698 1357 764 personam

180 800 295 866 elerici
313 800 575 868 animadvertere
597 823 657 888 per
680 801 818 886 aliquam
835 821 982 887 poenam,
998 802 1073 886 quia
1087 801 1128 867 de
1142 802 1229 870 facto
1244 805 1357 871 clerici

178 941 320 1006 persona
343 927 392 988 est
415 927 578 1008 exempta.
610 921 772 997 Quocirca
794 923 830 996 si,
865 922 983 988 iudicio
1013 922 1165 996 discusso,
1196 926 1358 990 sententia

177 1051 423 1134 inperserunt
446 1049 560 1117 clerici
588 1049 779 1134 exequenda
801 1051 852 1122 sit
876 1049 1055 1133 requiritur
1069 1055 1105 1115 ut
1127 1050 1180 1114 vel
1202 1050 1290 1116 banc
1313 1051 1357 1115 iu·

179 1171 247 1238 dex
270 1173 509 1238 ecclesiasticus
531 1177 721 1258 exequatur,
748 1172 800 1238 vel
834 1171 975 1238 clericus
1009 1171 1214 1257 degradetur.
1250 1173 1324 1238 Dixi
1341 1207 1355 1220 ·

177 1298 214 1363 in
232 1315 421 1382 personam
445 1297 558 1364 clerici
582 1333 600 1346 -
626 1315 702 1362 nam
729 1300 939 1362 executiones
962 1297 995 1361 in
1024 1296 1117 1362 bonis
1151 1297 1263 1363 clerici
1290 1317 1356 1363 nou

180 1421 406 1508 probibentur,
427 1421 553 1505 quando
569 1423 764 1507 permittitur
786 1424 870 1488 laico
892 1421 988 1487 iudici
1004 1443 1191 1508 processum
1206 1426 1355 1508 prosequi

180 1543 364 1610 iudicialem
387 1543 420 1607 in
448 1543 613 1609 clericum.

267 1668 331 1735 Sed
355 1667 430 1754 quid
453 1671 533 1735 iuris
549 1671 576 1734 si
600 1670 662 1734 iam
687 1689 869 1756 processus,
885 1671 1000 1736 saltem
1016 1671 1177 1750 citatione,
1190 1671 1357 1753 incoeptus

178 1791 218 1855 sit
240 1811 353 1856 coram
375 1791 481 1857 iudice
504 1791 596 1866 laico,
621 1793 749 1877 quando
765 1813 847 1860 unus
863 1812 905 1858 ex
927 1793 1126 1879 litigantibus
1148 1791 1201 1856 vel
1220 1797 1357 1875 uterque

177 1917 298 2000 absque
320 1917 388 1982 ulla
405 1917 520 1983 fraude
544 1918 684 1984 clericus
700 1917 776 1984 [lati
800 1919 886 1984 Huic
902 1919 1079 2004 quaestioni
1104 1917 1275 2003 respondet
1290 1919 1357 1984 vul·

179 2043 378 2127 gatissimum
402 2043 481 2108 iuris
509 2044 710 2129 principium,
734 2063 850 2129 nempe
877 2043 1041 2110 iudicium
1063 2042 1123 2110 ubi
1150 2043 1218 2126 fuit
1242 2043 1355 2110 incoa-

175 2171 275 2248 plum
298 2165 346 2232 rbi
360 2166 456 2252 finiti
471 2166 576 2234 debet.
594 2167 662 2234 Nec
679 2167 770 2234 obest
786 2168 899 2234 iudicis
916 2168 1179 2254 incompetentia:
1195 2167 1356 2231 sententia

177 2293 262 2356 enim
279 2311 302 2358 a
317 2291 422 2358 iudice
438 2292 505 2357 lata
528 2291 568 2356 ad
592 2292 623 2356 id
647 2297 773 2377 tempus
788 2293 1022 2358 retrotrahitur
1037 2312 1099 2376 quo
1114 2293 1154 2357 lis
1176 2295 1263 2354 mota
1277 2289 1354 2366 fuit;

176 2421 209 2482 et
231 2426 312 2482 tunc
334 2414 432 2481 iudex
456 2419 641 2500 competens
665 2420 746 2480 erat.
772 2416 895 2481 Tamen
918 2417 951 2481 in
974 2416 1135 2480 sententia
1165 2413 1357 2497 exequenda

176 2540 393 2606 observentur
416 2559 515 2624 supra
530 2539 615 2604 dicta
630 2541 798 2625 principia,
817 2540 953 2615 scillcet,
974 2539 1071 2605 iudici
1093 2540 1177 2603 laico
1200 2537 1238 2603 in
1261 2537 1356 2605 bonis

174 2663 288 2728 clerici
304 2663 439 2728 liberam
461 2665 685 2729 executionem
709 2665 853 2737 concedi,
879 2683 944 2728 non
967 2683 1048 2728 vero
1072 2666 1213 2757 permitti
1235 2663 1268 2728 in
1293 2663 1357 2728 cle-

173 2789 233 2854 rici
246 2807 450 2873 personam
466 2790 543 2874 quin
554 2789 630 2856 inda
645 2790 873 2875 intercipiatur
888 2811 1058 2875 processus
1074 2790 1241 2870 iudicialis,
1258 2811 1355 2873 quum

173 2915 305 2998 integra
333 2917 463 2978 maneat
492 2917 632 2998 potestas
670 2913 849 2988 iudicandi,
875 2917 971 2980 etiam
1002 2913 1171 2980 deficiente
1201 2915 1357 2980 facultate

171 3037 359 3102 sententiae
382 3037 605 3122 exequendae:
631 3038 672 3102 el.
691 3039 711 3102 l.
737 3039 771 3120 4,
792 3035 826 3104 Ο.
844 3038 946 3104 Dein
967 3039 1022 3104 ius
1044 3039 1185 3106 vocanti.
1202 3045 1235 3104 et
1250 3060 1276 3105 c.
1301 3040 1354 3115 19,

172 3161 224 3228 De
247 3160 327 3243 foro
350 3180 470 3244 comp„
494 3163 529 3226 X
549 3158 606 3244 (ΙΙ,
631 3162 664 3248 2)
689 3163 796 3246 ibique
820 3163 944 3228 Glossa.
1163 3144 1168 3152 ⁹

264 3283 341 3349 331.
356 3284 410 3347 Ex
425 3303 500 3367 cop.
515 3284 568 3358 12,
585 3283 636 3350 De
651 3290 733 3350 sent.
747 3304 912 3352 emcomm.
929 3287 966 3352 in
982 3286 1006 3351 6
1021 3285 1076 3371 (V,
1095 3287 1149 3375 17)
1162 3287 1257 3353 iudici
1273 3288 1353 3353 eccl.

171 3409 329 3476 tribuitur
345 3409 514 3476 enodanda
529 3412 683 3493 quaestio,
698 3431 740 3476 an
755 3412 826 3494 quis
850 3412 988 3478 clericus
1010 3414 1052 3476 sit
1072 3411 1126 3476 vel
1149 3413 1263 3484 minus,
1281 3431 1355 3495 quo

172 3533 265 3598 circa
288 3531 385 3597 iudex
409 3533 512 3597 laicus
535 3551 600 3596 uon
622 3536 673 3596 est
689 3537 876 3618 competens
899 3531 939 3597 ad
962 3527 1176 3596 definiendam
1198 3533 1355 3616 quaestio

172 3676 249 3722 nem
267 3657 555 3740 praeiudicialem
574 3657 738 3742 qualitatis
761 3662 864 3722 status
880 3657 1051 3730 clericalis,
1065 3659 1140 3741 quia
1156 3654 1243 3744 tibet:
1262 3679 1280 3720 ‹
1296 3658 1355 3722 du·

173 3780 346 3848 titutionis
370 3781 565 3848 huiusmodi
580 3801 628 3847 an
650 3781 774 3847 seilicet
789 3781 841 3853 sil,
866 3781 925 3865 qui
947 3781 1122 3864 repetitur,
1139 3781 1290 3856 clericus,
1307 3782 1355 3848 ad

172 3907 322 3976 iudicem
346 3907 617 3982 ecclesiasticum,
642 3906 725 3991 quia
748 3906 791 3973 de
813 3925 853 3972 re
876 3907 1099 3973 ecclesiastica
1121 3913 1152 3972 et
1170 3907 1353 3990 spirituali,

172 4031 292 4100 vocato
317 4031 431 4102 tamen
454 4027 565 4094 indice
584 4027 741 4101 seculari,
766 4029 817 4094 oet
842 4027 909 4094 otio
926 4027 1023 4094 cuius
1045 4028 1190 4103 interest,
1207 4029 1353 4115 copositio

171 4152 402 4234 pertinebit».
426 4152 629 4220 Advertatur
651 4155 835 4240 praecipue,
853 4154 1088 4219 consultissime
1112 4151 1301 4219 Pontificem
1318 4156 1351 4218 in

173 4275 227 4342 eil.
252 4295 340 4362 cap,
365 4295 407 4342 ne
430 4274 509 4342 fiant
535 4276 677 4353 fraudes,
702 4296 821 4343 cavere
852 4277 929 4342 buic
950 4276 1068 4342 iudicio
1091 4277 1212 4342 infore
1235 4275 1352 4342 eccles.

173 4401 286 4468 adesse
317 4400 438 4469 debere
467 4402 615 4470 indicem
644 4403 832 4470 secularem
867 4408 897 4468 et
932 4403 1041 4470 olium
1075 4403 1172 4470 euius
1204 4401 1352 4475 interest,
