3350 5117
543 350 587 397 ns
611 348 750 398 runicus
774 315 1040 399 sccurslasrrcrs
1316 335 1375 403 101

199 466 336 534 iudicem
361 476 416 535 aut
438 470 534 535 aliam
559 476 683 557 partem
706 472 815 539 verbis
838 470 980 538 offendat
1000 475 1034 539 iu
1058 475 1242 560 peroranda
1269 496 1378 550 causa,

201 598 320 678 potest,
353 615 396 660 ex
427 594 558 661 decreto
590 596 720 671 iudicis,
752 599 903 685 suspendi
933 599 975 663 ab
1005 597 1130 677 officim
1162 602 1204 667 cf.
1237 604 1257 667 Ι.
1284 604 1307 669 9
1334 606 1373 689 ff.

199 712 253 782 De
270 736 372 799 poca.

289 845 342 909 79.
363 846 463 912 ludex
486 867 582 931 quum
606 848 734 935 publica
749 850 871 935 polleat
892 852 1085 917 auctoritate
1104 854 1137 917 iu
1153 857 1379 923 controversia

200 966 394 1034 iudicialiter
408 970 559 1057 agitanda
575 978 606 1037 et
623 971 813 1055 definienda,
830 973 909 1039 hinc
925 974 1084 1060 publicam
1109 982 1254 1043 meretur
1269 976 1378 1063 fldem,

197 1087 279 1153 adeo
301 1094 337 1154 ut
359 1097 433 1157 acta
456 1092 618 1161 iudicialia
648 1100 844 1160 censeantur
866 1102 1002 1161 exarata
1032 1099 1065 1161 in
1096 1099 1240 1185 legitima
1270 1101 1378 1169 forma

199 1220 231 1280 et
260 1218 391 1283 veritati
423 1219 613 1301 conformia,
638 1221 741 1287 donec
771 1224 969 1289 contrarium
993 1224 1084 1289 clare
1108 1224 1281 1310 probetur;
1304 1249 1377 1316 arg.

197 1360 225 1405 c.
250 1362 278 1406 c.
302 1342 339 1405 11
362 1340 415 1407 De
441 1342 540 1427 prob.
565 1342 600 1407 X
620 1341 675 1428 (ΙΙ,
705 1344 1029 1430 lo)et13‚161)e
1059 1354 1140 1415 sent.
1173 1357 1205 1416 et
1232 1372 1273 1419 re
1301 1353 1374 1419 iud.

195 1461 253 1547 (ΙΙ,
278 1463 345 1549 27).

416 1734 439 1814 5
465 1732 492 1796 Ι.
517 1730 571 1799 De
594 1734 732 1801 cautelis
755 1752 777 1797 a
799 1734 876 1800 iure
899 1755 974 1802 coa.
996 1736 1156 1804 adhibitis

368 1860 405 1920 ut
427 1854 556 1923 iudices
577 1856 646 1923 sint
667 1858 835 1924 immunes
858 1878 880 1924 α
899 1860 1055 1942 partiam
1078 1862 1203 1929 studio.

196 2060 412 2119 summarium.
426 2094 460 2107 -
472 2064 515 2119 80.
530 2064 635 2121 Iudicia
653 2066 843 2121 ecclesiastica
860 2069 983 2139 gratuita
998 2085 1059 2125 esse
1074 2070 1185 2126 debent
1199 2100 1233 2113 -
1242 2072 1290 2127 81.
1303 2072 1376 2128 Hinc

285 2171 443 2227 consultum
461 2172 516 2227 luit
535 2174 566 2227 ut
584 2172 688 2227 iudices
706 2191 724 2227 a
742 2174 768 2228 S.
782 2174 853 2229 Sede
870 2174 1002 2245 delegati,
1021 2176 1133 2231 aliunde
1151 2195 1303 2248 congruam
1321 2178 1376 2234 bu·

284 2280 384 2334 beraut
402 2279 567 2335 mercedem.
586 2308 620 2321 -
638 2278 680 2333 82
701 2282 745 2333 An
763 2279 816 2334 hoc
840 2281 1006 2337 servandum
1030 2284 1078 2337 sit·
1091 2284 1183 2354 quoad
1206 2284 1312 2340 iudices
1337 2288 1373 2341 ab

283 2386 432 2440 ordinariis
445 2386 595 2455 delegatos.
608 2413 643 2428 -
654 2384 698 2440 83.
712 2386 849 2440 iudicibus
862 2387 948 2443 otiam
960 2406 1080 2443 munera
1092 2394 1158 2444 silut
1170 2390 1328 2447 interdicta
1337 2420 1376 2435 -

284 2494 328 2546 84.
348 2492 496 2555 Quaeritur
514 2512 550 2547 au
570 2492 673 2548 iudices
692 2492 790 2548 eccles.
810 2494 867 2548 siut
884 2497 1086 2550 inamooibiles.

284 2706 338 2771 80.
351 2706 486 2776 Verum,
500 2708 644 2791 quamvis
656 2705 745 2792 leges
758 2708 968 2791 aequissimae
981 2710 1055 2789 sint,
1068 2729 1132 2774 non
1150 2728 1225 2774 raro
1237 2729 1373 2794 aequam

195 2827 307 2891 iudicis
332 2829 521 2892 sententiam
545 2827 756 2913 praepediunt
771 2830 936 2913 practicae
949 2829 1218 2895 hallucinationes
1234 2850 1254 2894 a
1269 2830 1375 2897 studio

195 2955 333 3037 partium
365 2955 602 3039 provenientes.
627 2952 785 3027 Proinde,
811 2956 951 3019 maxima
982 2955 1168 3040 prudentia,
1186 2955 1376 3065 legislator

189 3078 370 3165 Qus
393 3078 580 3173 pgospicere
598 3076 720 3165 debr-rit,
739 3082 772 3141 nt
783 3077 890 3175 QX
906 3076 1099 3171 redd-egetur
1122 3099 1375 3165 apersouarmn

192 3200 382 3293 aocepfippe
406 3202 564 3296 immo-uis,
589 3202 678 3265 iuxta
701 3200 849 3285 regulam
873 3202 952 3267 iuris
974 3203 1019 3266 12
1041 3202 1078 3267 in
1102 3203 1125 3265 6
1146 3223 1163 3263 ‹
1181 3203 1225 3267 In
1247 3202 1375 3269 iudicio

191 3347 263 3395 aon
286 3334 335 3393 est
358 3326 507 3410 acceptio
526 3345 758 3409 personarum
783 3326 940 3393 babendo
956 3351 986 3392 ».

283 3448 356 3513 Hoc
379 3447 517 3532 perfecit
540 3445 708 3513 statuendo
730 3447 950 3534 gratuitatem
973 3447 1173 3514 iudiciorum.

285 3574 417 3637 Revera
440 3592 512 3655 cop.
538 3574 582 3637 10
604 3571 658 3637 De
680 3573 750 3638 uita
774 3578 804 3637 et
827 3573 998 3639 honestate
1020 3575 1222 3640 clericorum
1246 3572 1321 3659 (ΙΙΙ,
1342 3572 1373 3657 Ι)

193 3696 356 3763 interdicit
368 3699 541 3781 sportulas
553 3698 649 3763 iudici
664 3698 830 3763 ordinario
847 3704 880 3763 et
894 3698 1052 3784 delegato.
1067 3702 1171 3765 Erant
1182 3702 1263 3765 istae
1280 3720 1377 3785 qnae-

191 3822 264 3887 dam
279 3828 379 3889 taxae
395 3822 589 3896 moderatae,
607 3842 686 3907 quas
701 3822 879 3907 apartibus
894 3823 1094 3908 litigantibus
1110 3824 1262 3909 exigebat
1277 3823 1376 3888 iudex

191 3948 282 4012 initio
297 3947 351 4011 vel
367 3946 431 4012 line
448 3946 554 4013 iudicii
571 3968 630 4034 pro
643 3946 755 4012 labore
771 3948 804 4011 in
822 3946 879 4012 lite
894 3946 1109 4012 examinanda
1124 3947 1176 4012 vel
1195 3945 1378 4013 delinienda

189 4072 347 4161 impenso.
367 4109 408 4121 -
434 4076 510 4140 lure
533 4092 668 4139 romano
692 4074 778 4145 civili
801 4074 979 4159 permissae
1003 4080 1113 4151 eraut;
1139 4096 1181 4139 ex
1203 4072 1290 4141 Nou.
1317 4072 1378 4149 82,

190 4218 218 4263 c.
237 4198 271 4263 9.
288 4233 330 4244 -
349 4198 405 4263 Ius
420 4197 611 4261 canonicum
634 4196 810 4283 prohibuit,
827 4199 996 4281 quominus
1019 4216 1078 4283 pro
1098 4197 1222 4262 reddito
1245 4197 1379 4281 iudicio,

188 4322 385 4408 stipendium
409 4320 505 4387 iudici
520 4321 699 4408 apartibus
719 4321 926 4387 tribueretur.
951 4322 1096 4387 Iudicum
1113 4342 1192 4387 vero
1209 4343 1379 4408 congruae

188 4444 416 4511 sustentationi
439 4445 607 4531 prospexit
622 4465 681 4530 per
697 4444 818 4509 reditus
835 4443 1049 4518 beneficiales,
1067 4465 1147 4528 quos
1169 4464 1299 4531 semper
1325 4444 1378 4509 ob·
