3350 5117
527 373 572 420 ne
595 373 734 420 morsus
757 369 1023 418 econnsmsrrms
1301 351 1364 414 199

184 495 331 561 dictatis.
348 493 441 568 Quod
463 493 534 559 fleri
557 495 660 580 potuit
675 492 715 557 ob
731 492 980 566 distinctionem,
995 511 1078 576 quae
1094 491 1266 556 intercedit
1280 492 1366 556 inter

185 623 287 706 ipsam
311 623 471 687 actionem
494 625 526 685 et
548 622 599 684 ius
621 623 867 685 controversum
894 616 950 704 (l).

279 744 352 810 168.
378 744 440 809 Sed
463 749 571 808 tamen
594 743 676 807 haec
698 742 864 808 distinctio
889 749 1097 828 praepostere
1118 741 1365 826 intelligeretur,

184 871 212 933 si
235 872 324 936 actio
347 891 368 933 a
396 870 473 934 inre
502 874 713 934 controverso
745 870 792 934 ita
822 868 1025 956 disiungatur
1056 874 1090 934 ut
1122 871 1182 933 ista
1208 867 1367 933 habeatur

184 995 277 1076 quasi
301 995 355 1058 ius
378 993 616 1076 independens,
642 998 684 1057 et'
697 1013 756 1078 per
779 1013 816 1057 se
838 992 1026 1058 consistens.
1044 992 1185 1056 -Dum
1210 1011 1228 1056 e
1251 995 1367 1055 contra

182 1119 270 1182 actio
294 1122 343 1181 est
364 1117 546 1182 inmenens
568 1118 631 1182 iuri
655 1121 883 1196 controversa
900 1115 940 1179 ab
956 1135 1059 1198 eoque
1075 1115 1248 1184 enascitur,
1262 1131 1367 1196 nequo

183 1241 323 1326 intelligi
346 1246 451 1326 potest
472 1240 559 1308 actio
582 1242 652 1304 sine
676 1240 747 1304 iure
770 1239 810 1304 de
835 1260 897 1323 quo
922 1245 1047 1324 agatur.
1067 1238 1208 1304 Proinde
1231 1238 1301 1322 quis
1317 1237 1366 1301 iu-

183 1363 304 1429 dicium
327 1385 520 1450 promovere
544 1364 638 1433 valet.
659 1364 786 1449 quando
820 1367 869 1429 ius
892 1364 989 1430 habet
1011 1366 1044 1428 in
1070 1363 1186 1428 iudicio
1210 1361 1367 1427 deducen-

183 1488 260 1554 dum
284 1487 339 1575 (2).
365 1489 399 1554 Si
423 1496 545 1554 certum
569 1492 618 1554 ius
640 1509 705 1553 non
734 1489 830 1561 adsit,
858 1494 964 1575 potest
991 1491 1061 1573 quis
1091 1491 1227 1574 gratiam
1258 1487 1367 1573 implo-

182 1633 264 1678 rare
288 1615 458 1698 Principis,
472 1614 523 1677 vel
547 1612 588 1676 ab
611 1633 650 1677 eo
673 1633 733 1698 per
756 1613 850 1678 viam
867 1632 961 1696 quum
985 1621 1104 1678 vocant
1120 1612 1366 1678 nelministroti-

182 1757 265 1802 earn
278 1743 443 1822 expetere,
458 1744 492 1802 ut
504 1738 655 1822 dignetur
670 1739 775 1824 legem
794 1743 886 1804 certa
902 1741 1028 1804 ratione
1045 1739 1161 1821 exequi
1177 1736 1230 1802 vel
1246 1735 1365 1821 aliquid

181 1861 271 1925 aliud
296 1860 476 1926 decernere
503 1883 545 1927 ex
568 1863 688 1927 iustitia
711 1862 926 1935 distributiva,
951 1863 1007 1927 sed
1031 1863 1214 1927 instantiam
1239 1860 1367 1925 iudicia-

181 1986 248 2050 lem
272 1986 457 2052 instaurare
479 2006 544 2051 nou
568 1987 664 2052 valet,

275 2109 367 2174 Unde
397 2111 481 2174 actio
507 2110 689 2174 immediate
720 2116 768 2176 est
799 2111 942 2176 obnoxia
970 2110 1144 2179 iudiciout
1168 2112 1216 2174 ius
1240 2115 1373 2199 contro-¹

180 2253 317 2298 versum
344 2232 552 2310 defendatur3
577 2237 693 2322 quippe
716 2237 836 2301 iudicia
869 2242 944 2302 sunt
966 2236 1103 2302 medium
1123 2237 1301 2321 legitimum
1325 2234 1366 2299 ad

181 2360 415 2444 experiendam
440 2363 556 2426 iurium
580 2362 810 2426 defensionem.
838 2362 1004 2427 Sententia
1020 2363 1103 2425 enim
1121 2361 1278 2425 iudicialis
1300 2381 1365 2425 non

182 2485 351 2548 constituit
380 2491 508 2550 natura
538 2505 602 2550 sata
629 2505 714 2549 nova
742 2486 822 2555 iura,
845 2484 900 2549 sed
932 2487 1004 2549 iura
1034 2487 1097 2549 iam
1129 2485 1301 2548 existentia
1331 2489 1366 2547 at

181 2614 397 2676 controversa
419 2629 476 2674 seu
499 2609 660 2697 prohibita
683 2631 704 2674 a
726 2631 783 2675 suo
807 2610 911 2674 libero
932 2611 1089 2674 exercitio
1106 2609 1174 2674 vult
1196 2613 1266 2674 tuta
1290 2607 1363 2672 red-

181 2735 261 2798 dere
292 2738 326 2800 et
357 2741 455 2800 sarta.
480 2769 523 2782 -
551 2735 614 2799 Hic
645 2738 828 2819 conceptus,
855 2734 894 2799 de
921 2735 950 2798 vi
982 2736 1176 2815 sententiae,
1201 2753 1364 2816 nunquam

180 2859 338 2924 excidere
362 2857 464 2928 debet,
482 2863 518 2922 ut
532 2864 622 2958 reete
638 2859 839 2944 intelligatur
861 2858 974 2924 iudicis
997 2859 1181 2929 auctoritas,
1200 2877 1281 2942 quae
1305 2877 1365 2942 per

180 2982 363 3047 sententias
384 2982 457 3046 iura
478 2981 632 3055 declarat,
657 2983 905 3068 interpretatur.

274 3107 348 3172 169.
373 3109 520 3172 Actionis
543 3109 705 3194 explicata
732 3114 850 3174 natura
874 3114 906 3174 et
936 3107 1178 3194 significatione,
1203 3108 1256 3171 iuv
1278 3111 1292 3170 t
1314 3125 1364 3171 re·

271 3320 314 3392 (l)
332 3320 442 3376 Revera
460 3322 724 3386 excommunicatus,
742 3323 838 3376 statim
859 3339 890 3376 ac
914 3322 1076 3388 absolvitur,
1095 3319 1194 3390 agendi
1221 3320 1263 3373 ius
1283 3337 1363 3374 recu·

180 3433 275 3496 perat;
296 3430 437 3482 sententia
454 3447 520 3484 vero
539 3447 611 3500 quae
629 3431 688 3484 lata
710 3435 755 3496 eit,
776 3431 927 3500 impeditur
946 3433 981 3484 ab
1007 3431 1179 3495 executione,
1196 3429 1281 3484 donec
1301 3446 1365 3484 cen-

179 3538 294 3586 suratus
313 3533 487 3618 abso-iratum·
505 3536 546 3588 ait
565 3537 639 3590 euim
657 3537 715 3588 lnn.
736 3535 772 3588 lV
795 3537 824 3589 iu
846 3537 892 3589 cit.
913 3549 1007 3604 ceps«
1024 3538 1078 3591 Sed
1096 3539 1121 3590 si
1135 3548 1198 3606 post
1217 3553 1278 3589 rem
1291 3539 1365 3590 iudi-

180 3651 272 3694 cotnm
292 3641 359 3692 tatis
378 3643 503 3711 exceptio
522 3642 844 3713 (excommunicationis)
861 3656 1046 3714 proponatur,
1066 3649 1255 3698 executionem
1274 3646 1363 3714 impe·

179 3746 251 3810 diet,·
269 3745 322 3797 sed
340 3747 477 3799 sententia
496 3763 567 3816 qnae
582 3750 738 3818 praecessit
756 3767 812 3802 non
833 3751 926 3803 minus
948 3752 1036 3803 robur
1055 3751 1176 3805 debitunt
1196 3751 1324 3805 obtinebit
1338 3769 1362 3802 a.

178 3848 271 3909 Quare
291 3853 323 3902 ut
342 3851 573 3905 exeommunicati
588 3870 603 3905 ι
617 3855 720 3908 rubore
739 3857 845 3925 suffusi
863 3857 900 3909 oct
912 3857 1076 3910 httntilt'tntis
1088 3858 1208 3925 pretinm
1225 3866 1249 3909 et
1264 3873 1363 3910 rocon·

178 3959 331 4011 relictionis
350 3961 480 4028 affectum
504 3963 619 4031 facilius
641 3963 841 4018 inclinentur»
862 3965 903 4018 ait
922 3966 964 4018 cit.
987 3983 1054 4035 cup,
1068 3965 1184 4030 ,actione
1210 3963 1363 4032 privantur,

178 4064 258 4120 selvo
277 4071 441 4121 remanente
459 4067 571 4122 vinculo
588 4069 768 4138 obligationis
788 4071 847 4126 eive
867 4072 945 4139 iuris,
965 4089 1043 4126 secus
1063 4073 1136 4127 enim
1156 4071 1188 4125 de
1208 4070 1260 4124 hoc
1279 4087 1363 4140 egere

177 4187 233 4224 non
253 4175 377 4241 possent,
396 4171 519 4226 resoluta
537 4189 626 4243 poena
645 4178 950 4231 excommunicationis.

268 4279 309 4349 (2)
329 4278 422 4332 Etiam
447 4279 476 4332 in
500 4279 562 4334 iure
585 4297 700 4337 romano
728 4291 881 4353 conceptus
900 4287 1016 4340 actionis
1041 4290 1083 4339 est
1104 4286 1158 4339 iuri
1184 4289 1361 4338 controverso

178 4383 339 4436 necessario
356 4385 503 4458 relations,
522 4401 577 4440 nou
596 4387 631 4439 ab
649 4387 746 4443 eodem
768 4391 970 4459 independens,
990 4393 1031 4445 uti
1051 4391 1178 4446 nonnulli
1200 4394 1361 4452 autumant,

178 4488 212 4539 cf.
231 4487 482 4558 mdis-Seretini,
500 4491 627 4546 Pandett.
646 4497 664 4558 ἓ
683 4493 726 4549 96.
