3350 5117
325 291 393 356 224
851 305 935 358 rins
960 314 981 358 1.
1069 301 1070 304 ’

417 434 490 499 191.
514 434 611 499 Modo
627 434 770 500 succedit
785 437 944 520 quaestio:
961 433 1090 521 publica
1104 436 1281 504 auctoritas
1297 454 1380 520 quae
1397 438 1504 500 omnia

325 557 413 625 lacta
434 560 522 623 inter
544 560 632 624 cives
655 561 839 625 evenientia
861 562 915 626 vel
938 563 1068 626 omnino
1091 563 1138 626 uti
1169 561 1331 646 prohibita
1358 562 1450 647 punit
1471 567 1506 628 et

326 703 496 749 removere
519 687 621 756 curat,
646 685 699 750 vel
721 687 768 750 uti
790 686 934 772 legitima
949 687 1002 751 vel
1025 687 1139 752 saltem
1162 687 1321 770 permissa
1345 685 1501 761 defendit

324 807 453 893 publica
475 812 649 876 auctoritas
672 810 829 895 quomodo
852 831 887 876 se
911 810 1009 877 habet
1031 830 1110 896 ergo
1134 811 1196 876 hoc
1220 809 1365 878 factumi
1390 811 1502 894 Loqui·

324 953 398 998 mur
421 933 460 998 de
481 934 618 1018 publico
641 934 848 1008 auctoritate,
865 955 939 1000 nam
963 933 1189 1028 inquirendum
1205 935 1296 1001 nobis
1312 941 1360 1002 est
1384 955 1430 1000 an
1449 956 1506 1022 pu·

325 1057 429 1125 blicae
451 1060 1143 1160 legefflQQt-lessmfflnit,
1160 1061 1414 1156 &questionem
1434 1062 1501 1126 vim

325 1183 492 1266 iuridicam
517 1185 712 1269 impertiant

416 1306 488 1371 192.
525 1307 617 1371 Haec
646 1307 789 1392 quaestio
818 1306 877 1372 sub
913 1305 1033 1392 duplici
1063 1312 1195 1392 aspectu
1226 1307 1345 1393 agitari
1377 1313 1502 1392 potest;

325 1449 461 1514 nempe:

413 1555 446 1640 l)
469 1555 526 1621 sub
549 1561 681 1654 aspectu
704 1557 1030 1654 Ehlellffllll'll
1053 1577 1109 1624 seu
1136 1557 1216 1621 iuris
1243 1555 1471 1632 constituendi;
1514 1633 1515 1636 Ἴ

414 1679 449 1761 2)
472 1680 530 1744 sub
553 1685 684 1766 aspectu
708 1681 787 1745 iuris
810 1681 936 1769 positivi
956 1682 1019 1766 iam
1035 1683 1208 1747 constituti.
1225 1718 1270 1730 -
1285 1680 1500 1756 Advertntur,

281 1837 285 1843 ·
324 1805 423 1870 hasce
446 1775 654 1890 quaestiones
671 1779 718 1870 tot
733 1779 779 1870 'ac
801 1767 907 1872 tantos
930 1773 1081 1871 tabuisse
1094 1810 1289 1872 tractatores
1313 1811 1348 1872 et
1370 1806 1505 1871 conclu-

325 2105 356 2155 ut
374 2101 512 2170 excludat,
531 2102 574 2156 ius
597 2119 614 2156 a
638 2104 713 2157 fecto
732 2104 913 2172 possessionis
931 2103 1042 2158 exoriri.
1063 2131 1097 2145 -
1116 2105 1154 2157 At
1173 2107 1216 2158 est
1235 2103 1416 2172 reprobanda,
1435 2105 1507 2174 quia

324 2206 468 2260 confundit
485 2209 575 2275 ipsum
593 2208 698 2261 factum
716 2206 897 2276 possessionis
922 2221 984 2260 cum
1009 2206 1153 2261 effectibus
1172 2205 1297 2260 iuridicis
1316 2205 1343 2260 ei
1362 2207 1504 2260 concessis

325 2329 343 2366 a
360 2312 421 2366 iure
442 2312 561 2380 positivo
584 2329 602 2366 s
624 2329 680 2382 quo
704 2317 813 2366 tentum
839 2315 1017 2382 promanant,
1037 2327 1092 2366 non
1117 2328 1134 2364 a
1158 2313 1233 2366 lacto
1260 2312 1448 2380 possessionis.
1469 2341 1505 2354 -

324 2418 441 2472 luristae
459 2434 494 2471 ex
512 2416 607 2470 schola
634 2416 750 2483 Gallica,
769 2415 936 2471 Hellendiea
962 2422 991 2471 et
1014 2416 1179 2472 Germanica
1202 2415 1250 2487 qui
1275 2415 1418 2484 superiore
1437 2432 1504 2470 sae·

325 2525 389 2580 culo
410 2531 459 2580 aut
483 2543 580 2596 perum
605 2526 762 2597 antiquiore
785 2529 879 2580 aetate
905 2526 1015 2580 enixius
1039 2525 1225 2578 incubuerunt
1245 2503 1343 2578 ¹studio
1368 2525 1438 2580 iuris
1456 2540 1504 2578 ro·

324 2635 409 2700 mani,
430 2634 561 2688 videlicet
586 2634 740 2700 Connanus,
761 2632 919 2697 Cuieccius,
934 2633 1086 2699 Duarenus,
1105 2631 1265 2701 Donnellus,
1282 2631 1363 2698 Voet‚
1384 2632 1504 2687 Vinnius

325 2757 359 2796 ex
378 2741 492 2796 Graecis
511 2741 629 2795 mutilati
653 2745 719 2795 sunt
742 2740 831 2795 ideam
859 2740 1040 2808 possessionis
1064 2757 1112 2794 seu
1137 2741 1301 2795 detentionis
1325 2757 1390 2794 enm
1408 2744 1503 2795 animo

324 2850 437 2915 domini,
456 2854 505 2902 aut
522 2849 632 2920 affectu,
651 2849 815 2917 capitatione
833 2862 883 2901 seu
906 2848 1035 2918 opinione
1059 2848 1182 2902 dominii.
1204 2875 1239 2888 -
1265 2847 1313 2899 lsti
1339 2845 1425 2900 etiam
1447 2861 1503 2900 non

324 2960 520 3027 expresserunt
539 2955 630 3009 ideam
655 2955 836 3026 possessionis
860 2957 1031 3025 quaeritant,
1050 2954 1098 3010 sed
1122 2959 1242 3024 speciem
1267 2955 1449 3024 possessionis
1467 2955 1502 3008 sd

323 3065 529 3132 usucapionem.
548 3061 664 3116 Ineunte
682 3060 734 3114 hoc
752 3059 865 3114 soeculo
883 3059 1095 3114 celeberrimum
1114 3059 1182 3114 exiit
1202 3075 1274 3130 opus
1294 3059 1429 3132 Savigny,
1443 3061 1499 3114 Dus

324 3169 410 3224 Recbt
434 3172 483 3222 des
509 3169 642 3232 nesozes,
661 3186 686 3222 a.
708 3167 784 3232 1803,
805 3167 878 3238 quod
907 3167 1007 3221 merito
1032 3184 1167 3221 summam
1191 3167 1313 3221 obtinuit
1338 3167 1447 3222 laudem
1474 3171 1504 3222 et

324 3275 443 3330 studium
471 3275 540 3329 iuris
567 3274 673 3328 romani
701 3274 822 3328 maxime
857 3274 991 3343 provexit.
1018 3276 1056 3327 At
1086 3273 1115 3328 in
1146 3273 1300 3328 delinienda
1328 3273 1501 3344 possessione

323 3382 438 3452 eiusque
456 3382 569 3436 notione
587 3381 751 3450 explicanda
770 3397 824 3436 non
843 3397 925 3435 omne
943 3381 1065 3435 obtinuit
1078 3384 1230 3450 punctum3
1250 3381 1407 3436 considerat
1428 3382 1502 3436 enim

324 3491 522 3562 possessionem
549 3490 589 3543 uti
610 3493 778 3559 positionem
802 3493 872 3558 sacti
897 3489 1107 3558 respondentem
1129 3491 1263 3559 positioni
1287 3491 1358 3542 iuris
1379 3490 1503 3558 proprie-

324 3593 408 3658 tatis3
428 3598 457 3648 et
480 3593 545 3646 hinc
569 3593 676 3646 inducit
699 3596 825 3647 animum
852 3595 959 3648 domini
984 3609 1032 3648 seu
1056 3595 1232 3659 dominantis,
1251 3593 1378 3663 quamvis
1405 3609 1501 3648 neces·

324 3700 398 3753 saris
416 3714 471 3753 non
490 3701 527 3752 sit
546 3701 637 3770 opinio
657 3715 705 3754 seu
725 3700 854 3768 copitatio
880 3698 1004 3752 dominii.
1024 3727 1057 3738 -
1077 3697 1128 3751 Sed
1153 3697 1308 3752 huiusmodi
1336 3698 1413 3752 notio
1439 3713 1501 3767 pos·

323 3805 453 3860 sessionis
471 3811 514 3860 est
533 3804 615 3858 nimis
633 3809 752 3873 angusta
770 3809 799 3858 et
818 3821 872 3858 non
893 3804 1041 3873 respondet
1058 3802 1102 3857 illi
1123 3803 1289 3873 possessioni
1314 3805 1357 3857 cui
1378 3803 1501 3858 Romani

324 3914 521 3963 concesserunt
538 3909 686 3962 interdicta
704 3913 734 3962 et
752 3912 808 3961 uim
826 3909 1016 3978 usucapicndi.
1031 3935 1064 3949 -
1077 3911 1116 3962 At
1129 3909 1283 3963 tentamina
1303 3913 1443 3962 tantorum
1457 3909 1501 3962 vi·

326 4031 417 4069 rorum
435 4015 499 4068 dum
518 4017 645 4084 probant,
663 4015 843 4071 uehementer
862 4015 1002 4070 difficilem
1022 4020 1052 4069 et
1076 4016 1208 4070 subtilem
1233 4033 1293 4070 esse
1319 4017 1502 4085 possessionis

324 4123 496 4189 conceptum,
510 4121 576 4174 item
594 4120 670 4175 viam
682 4124 842 4175 straverunt
861 4121 895 4174 ed
909 4121 999 4190 magis
1011 4120 1121 4175 felicem
1140 4122 1311 4192 quaestionis
1324 4121 1500 4176 solutionem.

323 4226 364 4281 Ol.
383 4227 537 4295 Alibrandi,
555 4245 678 4281 summus
697 4227 910 4281 iurisconsultus
925 4227 1066 4281 Romanus
1085 4228 1111 4281 in
1131 4244 1215 4298 opere
1240 4229 1340 4282 Tcoria
1368 4229 1416 4282 det
1431 4243 1501 4300 pos·

323 4349 407 4399 sesso,
431 4331 496 4386 huie
521 4332 596 4387 laudi
621 4349 706 4402 prope
730 4333 857 4398 accessit,
885 4333 932 4387 sed
955 4335 1047 4387 forsan
1068 4333 1179 4404 propius
1204 4332 1244 4388 Cl.
1268 4333 1401 4403 miggen,
1421 4333 1503 4387 eitius

323 4436 477 4491 sententies
494 4437 668 4507 potissimum
686 4437 908 4508 complectimur.
