3350 5117
834 297 919 346 PARS
943 295 965 344 l.

768 525 949 592 TITULUS
973 525 1033 590 IV.

690 723 734 768 DE
762 721 849 770 FORO
881 721 1107 770 COMPETENTI.

472 847 522 888 Huc
536 845 578 889 rei.
593 847 628 890 tit.
643 847 664 900 2,
679 847 718 892 lib.
733 848 765 901 11,
780 849 810 890 X.
823 871 834 881 ·
849 849 895 892 Tit.
908 848 923 890 2
936 849 960 890 in
973 849 995 900 6,
1010 848 1034 890 11
1048 847 1072 890 in
1086 847 1159 892 clera.
1174 869 1185 879 ·
1199 847 1244 890 Tit·
1259 847 1281 900 2,
1296 847 1327 890 Π.
1384 839 1388 850 ’

311 1061 526 1118 Summarium.
544 1092 582 1104 -
605 1061 665 1118 317.
686 1063 827 1124 Quomodo
854 1064 1042 1133 competentia
1066 1063 1177 1118 differat
1197 1080 1215 1117 a
1233 1061 1433 1120 iurisdictione
1453 1093 1489 1106 —

399 1165 459 1221 318.
479 1169 548 1221 Cum
571 1169 758 1238 competentia
785 1168 924 1237 exprimat
945 1167 1164 1222 iurisdictionem
1183 1167 1268 1222 certia
1292 1167 1431 1222 limitibus
1449 1171 1488 1222 at·

310 1315 315 1325 .
399 1272 509 1332 sectam,
535 1271 685 1342 inquiritur
708 1273 758 1326 sub
784 1289 905 1342 quanam
930 1273 1039 1327 ratione
1063 1272 1230 1326 inducantur
1254 1272 1301 1326 isti
1320 1271 1434 1326 limites
1452 1300 1488 1312 -

400 1377 461 1432 319.
479 1379 685 1432 Enumerantur
703 1396 850 1449 supremae
869 1381 992 1435 rationes
1010 1379 1197 1434 limitationis
1222 1361 1256 1422 ’-
1277 1377 1339 1432 320.
1358 1378 1488 1446 Explica·

399 1489 446 1538 tur
463 1485 600 1554 quomodo
624 1487 810 1555 competentia
836 1486 1038 1542 determinetur
1061 1487 1170 1540 ratione
1195 1485 1298 1539 obiecti
1316 1501 1366 1538 eeu
1385 1485 1487 1537 iurinm

399 1591 647 1656 controversorum‚
657 1607 728 1660 quae
741 1590 837 1644 iudicii
853 1595 918 1646 eunt
931 1591 1070 1646 obiectum
1083 1592 1284 1646 immediatum.
1294 1617 1329 1631 -
1341 1587 1403 1642 321.
1417 1589 1487 1643 Hinc

400 1693 435 1745 ob
459 1693 650 1762 exceptionem
670 1711 718 1748 eeu
738 1695 773 1747 ob
792 1698 852 1765 sori
866 1695 1052 1765 paeruptum
1069 1694 1165 1748 clerici
1181 1709 1236 1747 nou
1255 1693 1363 1746 ratione
1384 1691 1488 1745 iuriam

399 1803 446 1858 sed
466 1803 573 1858 ratione
590 1819 728 1874 personae
753 1805 911 1858 sortiuntur
935 1805 1033 1858 forum.
1058 1833 1095 1846 —
1118 1803 1180 1858 322
1208 1803 1364 1872 Exponitur
1391 1800 1489 1870 regula

400 1908 468 1962 iuris
487 1911 613 1980 positivi:
632 1920 712 1964 actor
729 1915 856 1980 sequitur
875 1914 972 1982 sorum
990 1914 1041 1966 rei.
1058 1939 1096 1952 -
1113 1909 1174 1964 323.
1194 1909 1236 1964 Ut
1252 1908 1434 1979 designentur
1454 1908 1489 1960 ii-

399 2017 481 2072 mites
499 2018 701 2086 competentiae
720 2018 771 2071 tori
800 2017 985 2073 ecclesiastici
1010 2021 1040 2071 et
1063 2015 1163 2080 civilis,
1178 2015 1363 2070 enucleantur
1387 2014 1487 2066 iurium

399 2138 527 2191 suprema
539 2137 649 2191 genera.
659 2152 696 2163 -
705 2122 766 2176 324.
783 2122 889 2176 Dantur
903 2121 1050 2192 generales
1063 2121 1177 2191 regulae
1188 2117 1407 2174 determinantes
1416 2133 1488 2170 com·

399 2228 552 2295 petentiam
571 2227 669 2281 iudicis
687 2228 754 2283 eccl.
775 2232 804 2282 et
823 2229 924 2283 civilis.
942 2257 979 2269 -
996 2228 1058 2282 325.
1077 2227 1240 2296 Explicatur
1260 2224 1398 2296 quomodo
1416 2240 1488 2278 com·

400 2333 524 2400 petentia
536 2332 736 2388 determinetur
749 2333 861 2387 ratione
875 2333 1018 2387 territorii.
1032 2362 1066 2375 -
1079 2332 1140 2386 326.
1154 2332 1224 2386 Item
1237 2331 1345 2385 ratione
1358 2329 1467 2399 gradus.

399 2528 473 2594 317.
507 2529 679 2612 Postquam
710 2530 833 2614 egimus
866 2527 906 2594 de
939 2534 1054 2594 natura
1085 2528 1275 2593 iudiciorum
1310 2546 1484 2610 eorumque

311 2651 434 2717 obiecto
457 2671 514 2718 seu
537 2651 577 2717 de
599 2653 786 2722 actionibus,
812 2652 908 2717 modo
932 2653 972 2718 de
996 2651 1135 2718 iudicum
1156 2653 1371 2738 competentia
1393 2671 1488 2736 agen·

311 2777 384 2842 dum
408 2784 465 2844 cst.
491 2777 711 2863 competentia
726 2782 776 2843 esi
802 2777 1025 2845 <iurisdictio
1049 2797 1119 2863 qua
1137 2779 1242 2862 pollet
1257 2777 1364 2844 iudea
1379 2777 1426 2842 od
1441 2777 1488 2841 in·

311 2903 538 2968 aianrondum
561 2903 725 2969 iudicium
748 2904 842 2970 circa
865 2904 1096 2989 quaestionem
1106 2910 1288 2988 promotae
1302 2903 1444 2970 actionis
1457 2926 1485 2967 ›.

311 3027 355 3094 Ar
366 3048 431 3092 non
443 3030 634 3112 quicumque
649 3029 746 3095 iudex
761 3034 866 3116 potest
881 3049 1115 3114 quamcumque
1128 3030 1281 3095 dirimere
1303 3035 1488 3095 controver-

311 3153 399 3233 siam,
413 3154 486 3236 quia
501 3173 566 3216 non
582 3172 692 3217 omnes
708 3151 830 3218 iudices
848 3159 981 3238 possunt
996 3152 1273 3218 indiscriminatim
1288 3172 1401 3217 omnes
1416 3153 1488 3217 lites

311 3274 455 3341 definire.
480 3276 606 3341 Exinde
629 3280 718 3362 patet
739 3273 926 3342 differentia
947 3275 1166 3342 substantiatis
1191 3277 1277 3341 inter
1298 3280 1488 3358 competen-

312 3401 395 3467 tiam
418 3407 450 3468 et
472 3395 747 3482 iurisdictionem,
762 3421 860 3484 quae,
877 3401 1094 3473 nibilominus,
1110 3401 1227 3486 passim
1243 3398 1365 3483 absque
1381 3399 1489 3464 discri-

311 3528 397 3592 mino
419 3531 616 3611 usurpantur
638 3547 658 3592 a
682 3526 883 3600 Ductoribus;
906 3526 962 3592 sed
986 3528 1188 3611 promiscuae
1210 3525 1410 3611 usurpationi
1424 3526 1489 3620 *nb

312 3653 374 3714 stat
397 3670 460 3714 non
485 3668 597 3734 parum
621 3649 801 3734 proprietas
826 3653 1049 3732 conceptuum.
1074 3647 1296 3732 Competentia
1317 3649 1403 3712 enim
1433 3647 1489 3711 dii-

311 3775 377 3842 fert
398 3796 463 3841 non
477 3777 578 3841 solum
595 3796 615 3838 a
637 3775 867 3854 iurisdictione,
885 3774 929 3839 uti
948 3775 1071 3858 species
1087 3793 1107 3838 a
1122 3793 1254 3860 genere,
1271 3772 1327 3837 sed
1347 3775 1489 3838 maxime

311 3902 357 3966 uti
380 3907 572 3967 connatam
603 3900 642 3965 ab
666 3904 823 3965 astructo.
849 3897 1046 3964 iurisdictio
1070 3898 1148 3963 dicit
1171 3899 1202 3961 in
1229 3915 1355 3984 ponere
1378 3903 1412 3962 et
1431 3896 1490 3962 ub-

311 4027 432 4088 stroctc
455 4026 642 4106 potestatem
666 4021 745 4084 iuris
764 4013 907 4091 dicendi,
932 4017 1055 4084 scilicet
1070 4017 1249 4092 iudicandi;
1265 4018 1490 4100 competentia

310 4151 343 4212 in
359 4149 465 4232 specie
489 4153 520 4211 et
537 4148 569 4210 in
586 4150 738 4211 concreto
755 4145 834 4209 dicit
852 4142 1098 4208 determinatam
1122 4149 1311 4228 potestatem
1326 4142 1487 4208 iudicandi

278 4263 280 4266 ’
311 4273 494 4339 attributam
526 4277 617 4346 certo¹
646 4271 741 4336 iudici
774 4269 880 4356 quoad
911 4275 1018 4335 certas
1049 4289 1162 4334 causas
1189 4237 1278 4334 etin
1301 4273 1393 4334 certo
1414 4273 1487 4333 ter-

311 4396 436 4462 ritorio.
