3350 5117
506 332 550 381 ua
574 332 713 381 runicus
737 332 1002 381 ncenssmsrrms
1297 314 1343 381 75

181 472 231 518 seu
253 452 401 521 iudicialis
424 456 588 521 cententio
611 456 688 540 quin
712 454 873 521 habeatur
894 456 1029 523 ediceret
1050 457 1105 523 ius
1135 457 1221 521 inter
1242 456 1340 523 illum

180 576 227 659 qui
248 575 362 661 aliquid
383 580 464 662 petit
487 582 517 643 el
539 578 637 645 illum
660 598 681 643 a
703 598 765 662 quo
788 580 919 665 petitur,
935 582 1043 644 tamen
1060 578 1196 662 phisica
1218 583 1252 646 et
1265 598 1342 645 ma-

179 701 296 767 terialis
317 702 410 768 debet
442 722 511 769 esse
542 703 678 771 istarum
701 723 915 789 personarum
938 702 1110 776 distinctio,
1130 722 1196 769 nou
1216 708 1341 768 tantum

175 822 332 907 formalis,
355 830 452 912 prout
474 826 592 893 accidit
614 828 642 891 si
664 824 748 891 idern
771 825 880 893 indere
902 828 944 891 sit
966 828 1023 893 ille
1049 828 1101 911 qui
1130 826 1198 910 agit
1223 824 1264 889 ad
1286 824 1342 889 ha·

176 947 303 1014 bendum
325 956 380 1017 aut
403 953 474 1017 isa
497 971 559 1037 quo
582 972 637 1018 res
666 952 859 1037 exquiritur,
884 972 1000 1039 nempe
1027 953 1053 1016 si
1077 952 1148 1035 quis
1171 953 1213 1017 sit
1234 950 1343 1017 tudae

175 1074 204 1140 in
225 1096 326 1143 causa
345 1078 511 1162 propriu:
540 1084 618 1145 tunc
649 1080 734 1143 enim
759 1078 872 1145 iudicis
895 1080 1054 1145 sententia
1077 1084 1127 1144 est
1156 1079 1343 1144 necessario

173 1206 322 1287 suspecta.

253 1328 306 1395 52.
333 1329 395 1395 Sed
418 1329 473 1395 hic
496 1332 639 1414 quaestio
662 1332 820 1411 exeritur,
846 1329 1003 1414 quomodo
1025 1329 1232 1396 iudicialiter
1255 1320 1515 1446 com-,lpum
1531 1294 1645 1379 Μὰ

174 1450 241 1531 poni
263 1450 387 1535 possint
409 1451 652 1515 controversiae
676 1452 816 1537 agitatae
832 1452 919 1517 iuter
934 1451 1111 1537 principem
1129 1472 1186 1516 seu
1204 1450 1341 1517 iudicem
1358 1490 1413 1523 w
1425 1467 1496 1526 cet,
1517 1470 1567 1503 we
1585 1428 1645 1483 ⁸⁴4⁵

172 1596 360 1661 supremum,
378 1578 576 1662 superiorem
601 1598 667 1642 non
690 1576 874 1659 habentem,
891 1582 924 1643 et
944 1598 1019 1643 suos
1033 1576 1185 1643 subditos,
1201 1614 1245 1627 -
1262 1579 1342 1643 Nam
1361 1548 1453 1635 tud*
1467 1583 1496 1622 Ν
1509 1564 1645 1645 ΜΓ

172 1718 210 1766 ex
240 1721 302 1767 una
326 1708 430 1788 parte,
454 1702 613 1769 dedecere
640 1703 778 1776 videtur,
807 1702 943 1769 iudicem
974 1705 1175 1790 superiorem
1206 1702 1341 1769 iudicari
1365 1721 1427 1813 qa·-
1447 1714 1491 1761 m
1505 1665 1645 1745 awti

172 1825 209 1891 ab
230 1827 399 1908 interiere,
423 1847 466 1892 en
488 1828 552 1892 alia
575 1848 664 1902 vero,
689 1828 794 1893 obstat
824 1829 1031 1915 principium:
1054 1828 1226 1894 nentiuern
1251 1828 1341 1892 turti-
1434 1774 1645 1891 (4014*ιῷ

173 1970 238 2017 cau
261 1971 334 2019 esse
356 1952 478 2019 dehere
499 1954 536 2018 in
563 1972 668 2019 causa
687 1953 845 2037 propria.
870 1987 910 2002 -
938 1953 1027 2027 Quae
1057 1954 1201 2036 quaestio
1230 1954 1342 2038 gravis
1362 1964 1411 2035 „t
1424 1931 1545 2061 'usurp
1560 1928 1645 2066 W

171 2080 215 2140 est
236 2082 269 2141 ct
289 2078 447 2163 practica,
471 2078 588 2164 quippe
612 2076 803 2164 respublica,
820 2097 886 2142 neu
905 2078 1010 2142 minus
1034 2096 1128 2159 quam
1159 2076 1242 2141 aliae
1264 2096 1343 2162 per·
1362 2056 1645 2211 „quet-pst*

171 2218 262 2264 sonae
278 2200 425 2285 phisicae
447 2206 481 2265 et
496 2200 651 2286 privatae,
665 2219 755 2265 suum
772 2200 869 2265 habet
885 2199 1130 2285 patrimonium;
1147 2199 1271 2264 seilicet
1286 2220 1341 2265 res
1388 2230 1396 2241 ·

171 2340 238 2386 suas
261 2326 294 2388 et
319 2340 378 2385 sua
400 2322 482 2397 iura,
499 2340 581 2406 quae
601 2320 736 2408 proinde
758 2322 911 2407 princeps
929 2322 1013 2385 tueri
1030 2319 1125 2385 debet
1148 2328 1262 2385 centra
1277 2322 1340 2407 pri·

172 2452 317 2513 veterum
342 2448 565 2533 impetitiones,
581 2450 677 2514 etiam
696 2450 728 2512 in
749 2448 884 2523 iudicie;
907 2448 964 2513 sed
979 2453 1057 2513 tunc
1072 2449 1201 2531 quinam
1217 2447 1342 2513 sedebit

169 2569 261 2636 iudex
285 2573 374 2636 inter
397 2572 576 2657 principem
599 2574 672 2636 iura
695 2571 892 2657 reipublicae
913 2577 1069 2638 tutantem
1095 2577 1126 2635 et
1157 2572 1261 2636 civem
1285 2592 1342 2637 sua

169 2692 413 2761 tetenderunt
437 2692 625 2760 Huiusmodi
649 2696 851 2778 quaestiones
874 2694 1025 2761 dicuntur
1047 2694 1178 2779 fiscales
1200 2713 1257 2758 seu
1273 2714 1346 2779 per-

170 2818 307 2885 tinentes
332 2818 372 2883 ad
396 2820 543 2893 Florum,
568 2820 718 2883 nimirum
742 2819 782 2883 ad
806 2812 1031 2903 patrimonium
1063 2818 1261 2903 reipublicae
1285 2818 1344 2905 (l).

253 3067 296 3138 (l)
324 3066 478 3121 Leurcnius
503 3064 622 3131 (Forum
647 3067 745 3120 eccles.
773 3042 836 3119 terra.
856 3067 885 3131 3,
910 3076 1015 3136 quaest.
1041 3066 1113 3131 460,
1133 3084 1161 3118 n.
1181 3067 1206 3131 1)
1224 3065 1345 3120 advertit

169 3170 238 3239 quod
257 3171 396 3225 Fiscus«
415 3171 533 3225 sumitur
552 3187 602 3241 pre
622 3176 681 3227 teto
700 3170 796 3243 aliquo
815 3171 965 3225 collective
977 3188 1025 3225 seu
1044 3187 1136 3225 rerum
1153 3170 1346 3237 universitate,

168 3276 360 3343 pecuniarium
380 3280 408 3330 et
426 3277 537 3343 iurium,
556 3277 591 3330 ad
609 3277 809 3347 rempublicam
828 3277 1023 3346 spectantium,
1044 3276 1084 3330 ita
1103 3282 1135 3330 ut
1153 3275 1225 3347 qued
1245 3276 1273 3329 in
1286 3274 1344 3345 pri-

168 3390 231 3439 uato
250 3390 294 3441 est
315 3384 522 3455 patrimonium,
540 3384 610 3438 illud
629 3386 658 3439 in
683 3384 827 3453 republica
852 3385 890 3438 sit
915 3384 1019 3438 Fiscus
1046 3384 1126 3439 Unde
1151 3384 1269 3439 describi
1297 3398 1347 3452 po-

168 3496 222 3547 test
241 3494 319 3563 (cum
339 3492 480 3549 Lauterbo
499 3491 533 3546 ad
550 3494 580 3563 ff.
598 3494 635 3547 de
653 3492 721 3545 Iure
739 3493 800 3562 fisci
818 3496 836 3557 ἓ
861 3493 893 3561 4)
912 3490 985 3563 qued
1009 3492 1046 3544 sit
1066 3492 1268 3561 patrimonium
1289 3492 1346 3544 rei·

164 3600 305 3667 publicae.
326 3614 375 3653 res
393 3614 487 3651 omncs
507 3608 533 3652 et
546 3600 611 3652 iura
623 3598 661 3651 ad
669 3597 818 3669 peculiare
832 3598 891 3651 eius
905 3600 1079 3651 com-modum
1090 3596 1260 3666 pertinentia
1273 3612 1348 3650 com-

165 3709 355 3775 prehendens,
373 3708 539 3761 utilitatibus
565 3716 591 3761 et
609 3708 817 3761 necessitutibus
832 3708 956 3777 publicis
974 3708 1146 3760 irrsereiens:
1164 3706 1347 3777 fungiturquo

168 3812 287 3883 mystice
307 3828 356 3887 ssu
375 3811 497 3867 civiliter
516 3812 576 3867 vice
595 3827 743 3881 persenae3
762 3811 826 3864 dum
846 3811 880 3865 de
899 3828 932 3864 eo
954 3811 1032 3881 quasi
1057 3810 1091 3864 de
1116 3827 1233 3879 persona
1252 3810 1346 3880 aliqua

167 3918 309 3991 loquimur
327 3919 457 3974 dicendo:
477 3918 574 3972 Fiscus
592 3919 722 3987 succedit,
742 3916 891 3984 contrahit,
911 3917 1023 3982 alienat,
1039 3917 1133 3987 litigat
1152 3916 1263 3986 aliaque
1278 3915 1347 3967 facit

168 4040 218 4093 per
235 4026 387 4079 advocates
405 4028 435 4079 et
454 4026 649 4092 procuratores
666 4038 731 4076 sues
750 4038 774 4073 r.
792 4048 829 4063 ·-
848 4021 909 4091 lpse
927 4020 1056 4075 vocabuli
1082 4019 1255 4090 etymologia
1273 4018 1347 4072 hunc

168 4134 334 4199 conceptum
353 4128 490 4198 designat.
503 4129 569 4199 quia
584 4127 671 4181 latine
690 4128 772 4195 fiscus
792 4126 901 4196 proprie
914 4126 1055 4195 significat
1067 4143 1116 4178 eas
1135 4142 1169 4179 ex
1186 4124 1346 4191 viminibus,

167 4250 202 4289 ex
221 4236 312 4290 iuncis
329 4238 380 4289 aut
398 4249 433 4289 cx
451 4233 509 4287 alia
526 4233 611 4287 simili
630 4232 748 4287 materia
766 4234 936 4297 confectum;
955 4237 985 4288 et
1003 4248 1103 4301 graece
1122 4231 1215 4299 φύσκος
1233 4232 1346 4286 ineolu-

167 4360 250 4397 crum
269 4342 415 4413 exprimit;
434 4358 519 4413 quere
539 4344 687 4411 utrumque
712 4340 878 4394 vocabulum
897 4340 988 4394 ideam
1008 4338 1127 4395 retrahit
1151 4339 1346 4408 primigeniam

168 4449 304 4516 pecuniae
323 4450 353 4503 in
371 4464 436 4503 vase
454 4448 622 4503 reconditae.
