3350 5117
533 301 576 347 oa
599 300 739 348 iuorcus
762 299 1028 348 sccunsresmcrs
1305 278 1371 346 263

192 442 268 486 nem
300 425 495 490 restitueret.
526 427 576 491 lta
604 425 668 490 hac
698 425 901 491 condictione
932 425 1161 508 depositarius
1194 423 1371 509 urgebatur

191 549 233 613 ad
258 569 329 615 rem
353 570 529 636 possessam
558 550 800 631 restituendam,
824 569 870 618 ecc
894 553 914 616 l.
939 549 982 616 13
1005 551 1026 632 ἓ
1049 550 1068 612 1
1089 551 1124 634 ff.
1149 549 1305 632 deposit.;
1326 549 1372 614 ita

188 671 465 756 pipamatorius5
488 692 533 738 ear
557 675 578 738 l.
601 673 634 748 4,
658 673 730 754 51,
754 673 790 756 ff.
812 671 863 738 De
886 691 1005 738 rerum
1030 669 1157 737 condic.
1183 671 1288 736 Etiam
1312 687 1371 752 per

190 794 438 861 restitutionem
461 796 499 860 ia
521 796 693 882 inteprum
714 800 820 882 potest
845 793 983 860 obtineri
1000 794 1145 860 defensio
1163 793 1371 880 possessionis

191 918 350 986 adversus
373 924 525 994 eumeni
549 923 607 988 nos'
631 927 718 986 metu
738 923 845 987 coacti
863 922 1018 986 cessimus
1035 921 1276 1006 possessionem.
1291 920 1371 984 Nam

190 1065 251 1130 per
280 1047 528 1113 restitutionem
551 1048 588 1110 in
613 1047 784 1130 iaieprum
807 1045 1007 1110 rescinditur
1029 1050 1120 1110 actus
1144 1044 1313 1116 cessionis,
1339 1047 1372 1109 et

192 1159 285 1236 uobis
308 1172 358 1235 rei
381 1171 538 1255 possessio
561 1171 754 1234 restituitur.
780 1206 824 1219 -
848 1169 910 1236 Sed
934 1170 1090 1235 facilioris
1120 1167 1315 1254 probationis
1340 1171 1372 1230 et

189 1294 422 1379 expeditissimi
453 1314 622 1379 processus
652 1301 728 1362 sunt
756 1297 904 1360 actiones
934 1295 1158 1381 possessoriae‚
1184 1301 1216 1358 et
1238 1293 1314 1357 hinc
1337 1293 1370 1356 in

189 1414 316 1500 legibus
339 1421 372 1478 et
396 1416 427 1480 in
451 1415 524 1480 soro
546 1419 686 1482 maxime
710 1417 848 1484 interest
872 1417 932 1482 has
956 1415 1065 1482 sedulo
1088 1415 1251 1500 applicare
1272 1421 1305 1480 et
1320 1413 1372 1478 ob·

189 1561 337 1606 serrare.
355 1542 507 1606 -Haec
529 1542 728 1606 advertenda
751 1549 855 1614 erant,
881 1546 950 1608 tum
974 1545 1047 1626 quia
1071 1543 1165 1628 plura
1188 1541 1371 1606 remediaa

189 1665 367 1727 canonistis
390 1663 527 1728 adducta
542 1663 601 1729 suh
617 1667 746 1730 nomine
763 1665 988 1731 condictionis
1010 1683 1125 1750 reapse
1141 1671 1215 1730 sunt
1231 1663 1373 1729 remedia

190 1789 363 1873 petitoria3
385 1793 451 1852 ium
475 1789 549 1872 quia
565 1789 638 1854 iude
655 1789 858 1875 intelligitur,
877 1791 978 1874 ipsam
994 1793 1225 1874 possessionem
1243 1789 1372 1855 delendi

190 1931 285 1996 posse
308 1913 405 1976 etiam
429 1912 545 1978 iudicio
564 1913 733 1995 petitorio,
752 1914 858 1998 prouti
881 1913 1048 1998 peragitur
1064 1911 1190 1996 quando
1214 1931 1277 1976 non
1302 1933 1373 1996 sup·

189 2038 271 2120 petit
305 2035 390 2100 bene
419 2037 600 2102 ordinatum
631 2038 810 2102 institutum
846 2037 1094 2122 possessorium,
1119 2039 1224 2122 prouti
1255 2035 1373 2102 accidit

188 2160 309 2243 passim
343 2160 376 2222 in
407 2158 572 2224 hodiernis
603 2159 883 2244 Legislationibus.
917 2195 960 2209 -
991 2159 1038 2224 Cf.
1064 2161 1208 2245 ltuggeri
1238 2180 1292 2243 op.
1318 2159 1370 2226 cit.

191 2280 212 2361 ὃ
234 2278 310 2346 369
327 2300 398 2366 seq.

277 2405 355 2471 228.
383 2408 974 2499 Qfflfirfll-ffllmfflm
1000 2410 1092 2473 saluti
1116 2409 1305 2496 prospicere
1320 2428 1372 2475 vo·

184 2527 725 2628 lfflffliliandoquamcumque
739 2531 893 2597 iniustam
907 2537 939 2600 ct
953 2533 1128 2606 violentam,
1139 2531 1372 2615 spoliationem

187 2654 231 2740 et·
247 2651 325 2748 hinc
349 2652 451 2717 noluit
474 2655 554 2722 anni
572 2654 676 2739 spatio
702 2653 902 2721 concludere
917 2653 1098 2720 huiusmodi
1121 2654 1257 2720 actionis
1280 2672 1372 2716 exer·

189 2776 315 2847 citium,
339 2778 447 2860 prouti
470 2775 616 2844 decrevit
639 2778 688 2845 ius
711 2798 792 2842 rom.
817 2777 857 2843 de
882 2780 938 2842 int.
964 2814 982 2826 -
1008 2779 1098 2844 unde
1116 2779 1147 2844 ci
1172 2814 1188 2827 ·
1214 2778 1270 2868 sed
1294 2797 1372 2842 con-

185 2899 295 2970 cessit,
321 2900 411 2964 nullo
434 2901 589 2984 temporis
613 2898 752 2964 decursu
775 2901 901 2984 perimi.
928 2900 976 2966 Cf.
1003 2898 1096 2965 Reiff.
1122 2903 1142 2966 l.
1167 2923 1194 2968 c.
1219 2921 1252 2966 a.
1279 2901 1310 2966 9.
