3350 5117
546 367 590 414 ou
615 366 753 414 1uurons
777 342 1043 414 nocuusmsmcrs
1318 347 1382 412 617

204 492 356 576 expensis
371 511 417 556 cm
439 491 514 556 iure
534 490 706 558 coramum'
728 492 920 558 senteutiam
940 491 1031 556 ferre
1055 489 1157 563 debet,
1175 492 1251 576 quia
1278 492 1383 557 huius·

204 615 289 680 modi
312 615 535 680 condemnatio
558 636 623 680 nou
646 617 830 681 necessario
848 619 993 700 sequitur
1017 618 1138 684 exitum
1155 619 1311 682 victoriae
1335 620 1383 697 iu7

204 741 338 822 dicialis,
363 740 418 805 sed
443 742 582 806 maxime
605 741 749 826 sequitur
776 741 889 808 iudicis
918 740 1088 806 arbitrium
1119 741 1223 825 quoad
1247 762 1382 826 poenam

204 869 327 928 temere
351 862 515 948 litigantis.

295 989 370 1055 671.
398 989 540 1073 Denique
572 989 857 1063 determinandum,
887 1010 1040 1074 quasnam
1071 993 1104 1056 iu
1139 1011 1301 1077 expensas
1327 989 1384 1060 liat

204 1115 438 1184 condemnatio.
456 1117 709 1202 Distingrrantur,
727 1116 812 1180 hanc
827 1119 861 1180 in
876 1136 946 1182 rem
967 1116 1134 1200 propriae
1151 1137 1323 1201 empensae
1339 1121 1383 1184 iu·

204 1238 276 1304 dicii
301 1260 321 1302 a
344 1239 481 1304 (loannis
500 1239 583 1324 parti
609 1238 714 1304 inlatis
738 1224 872 1305 alterius
894 1241 1076 1305 temeritate
1093 1241 1145 1305 vel
1170 1240 1294 1306 fraude.
1320 1243 1383 1306 Ex·

203 1380 323 1446 pensae
339 1362 448 1426 iudicii
473 1365 548 1427 sunt
570 1361 644 1426 illae
667 1381 749 1446 quae
772 1363 962 1429 necessario
981 1360 1048 1426 lieri
1075 1361 1255 1427 debuerunt
1278 1365 1309 1426 iu
1326 1364 1381 1428 lite

202 1487 370 1572 agitanda:
403 1488 520 1552 dicitur
545 1507 562 1549 c
584 1488 774 1554 necessario
796 1510 813 1550 »
838 1507 914 1550 nam
943 1488 1160 1553 excluduntur
1185 1509 1242 1553 eae
1274 1489 1381 1553 factae

202 1614 374 1696 voluptate
404 1631 467 1676 nou
499 1612 709 1680 necessitate.
734 1611 832 1676 veluti
857 1613 978 1695 siquis
1010 1613 1042 1675 in
1073 1613 1191 1676 itinere
1214 1612 1266 1676 vel
1293 1614 1380 1676 victu

201 1755 362 1821 expensas
398 1737 514 1802 fecerit
549 1739 606 1801 suet
640 1736 822 1800 conditione
844 1736 898 1801 vel
921 1737 1003 1800 iusto
1028 1737 1176 1800 maiores.
1209 1735 1381 1821 Expensae

202 1859 352 1926 derivant
375 1863 514 1926 maxime
538 1881 581 1926 ex
604 1861 722 1945 triplici
752 1862 875 1944 capite:

291 1987 325 2071 a)
351 2007 392 2051 ex
415 1987 598 2050 honorariis
621 1985 799 2050 tribuendis
822 1985 994 2058 advocatis,
1020 1985 1294 2068 procuratoribus,
1319 2006 1381 2053 uec

203 2131 268 2175 uon
285 2131 328 2175 ex
344 2109 517 2174 moderatis
535 2111 619 2174 taxis
643 2109 804 2175 solvendis
827 2110 1031 2175 cancellariis
1055 2130 1114 2195 pro
1138 2110 1378 2195 exemplaribus

205 2239 335 2298 actuum
359 2231 552 2297 iudicialium
570 2238 603 2297 et
625 2233 784 2314 similium,
801 2239 834 2298 et
852 2233 1087 2319 apparitoribus
1110 2235 1162 2298 vel
1186 2235 1257 2299 aliis
1280 2235 1380 2300 tribu·

203 2356 286 2420 nalis
310 2355 554 2432 executoribus;

291 2479 322 2565 b)
348 2500 390 2546 ex
420 2479 595 2565 'sumptibus
629 2480 725 2545 factis
748 2482 779 2546 iu
809 2500 907 2546 causa
936 2482 1125 2548 instruenda
1153 2502 1212 2567 pro
1244 2481 1378 2548 testibus

201 2605 424 2690 producendis.
450 2607 561 2690 peritis
585 2611 617 2670 et
639 2605 814 2682 similibus;

290 2733 319 2818 c)
344 2751 386 2797 ex
409 2733 496 2796 victu
527 2737 559 2796 et
592 2732 751 2812 vecturis,
775 2749 889 2815 nempe
921 2731 961 2796 ob
994 2751 1154 2816 expensas
1176 2735 1376 2800 necessarias

200 2875 262 2942 pro
286 2857 402 2921 itinere
425 2861 458 2919 et
480 2857 568 2920 victu
594 2855 797 2939 litigantium.

292 2978 367 3044 672.
392 2979 486 3062 Apud
510 2980 618 3044 curias
640 2978 744 3042 solent
766 2977 878 3044 adesse
910 2978 1142 3045 determinatae
1164 2986 1263 3046 tanae
1285 3002 1378 3066 prae-

200 3103 311 3167 sertim
336 3123 395 3187 pro
418 3101 590 3174 advocatis,
615 3101 891 3187 procuratoribus,
908 3103 1050 3182 notariis,
1076 3102 1324 3186 apparitoribus,
1345 3109 1378 3168 et

199 3233 277 3294 tunc
301 3229 430 3294 facilior
454 3234 502 3293 est
525 3247 740 3314 expensarum
764 3228 952 3300 aestimatio.
979 3227 1044 3291 Pro
1067 3227 1274 3293 aestimandis
1298 3249 1376 3294 vero

198 3353 271 3418 aliis
295 3354 447 3438 expensis
474 3351 694 3417 derivantibus
723 3369 765 3416 ex
788 3353 918 3417 testium
945 3351 1167 3436 productione,
1193 3372 1234 3416 ex
1258 3353 1375 3419 itinere

199 3481 232 3542 et
255 3475 395 3561 partium
418 3476 505 3540 victu
530 3471 627 3538 iudex
650 3473 805 3538 decernet
828 3493 888 3558 pro
903 3492 1005 3556 aequo
1029 3472 1174 3539 arbitrio.
1200 3475 1282 3540 ltem
1305 3496 1376 3561 pro

198 3599 324 3664 ceditur
339 3598 443 3683 quoad
455 3599 595 3682 reliquas
609 3617 777 3684 expensas,
792 3599 818 3662 si
831 3617 896 3662 uon
908 3597 1012 3662 adsint
1024 3604 1121 3662 taxae
1134 3597 1374 3664 determinatae.

7 3897 9 3904 ,
102 3907 105 3918 Ι
199 3847 292 3902 versio
306 3849 397 3902 forsan
412 3852 454 3902 est
467 3847 550 3900 nimis
561 3851 719 3914 abstracta5
730 3865 794 3902 nam
813 3848 842 3900 in
862 3848 939 3917 praxi
959 3847 1047 3901 satius
1065 3853 1108 3902 est
1127 3846 1161 3900 ad
1179 3847 1323 3901 evitandas
1335 3848 1377 3902 in·

201 3969 329 4007 numeras
343 3952 407 4008 lites
417 3957 446 4008 et
459 3953 600 4022 ambages,
612 3952 739 4022 accipere
751 3956 822 4006 iuris
834 3962 861 4006 et
874 3953 910 4006 da
922 3953 984 4007 iure
995 3957 1263 4023 praesumptionen,
1275 3969 1375 4023 nempe

200 4061 305 4116 victum
331 4062 486 4132 legitimam
512 4061 640 4131 litigandi
664 4078 775 4116 causam
798 4078 854 4116 non
873 4061 1011 4116 habuisse.
1037 4063 1112 4118 ldem
1130 4064 1297 4133 principium
1315 4068 1374 4119 sta-

199 4167 289 4222 tuitur
307 4167 336 4223 in
355 4173 414 4224 cod.
435 4173 478 4225 eit.
501 4171 585 4240 (ἶνες.
607 4171 722 4225 xiva.
738 4173 809 4225 605.
836 4170 867 4224 ln
887 4171 997 4226 iudiciis
1022 4171 1094 4240 apud
1114 4171 1199 4241 Cong.
1221 4171 1299 4226 Rom.
1320 4189 1374 4227 non

199 4275 232 4328 fit
252 4277 381 4346 repetitio
400 4294 593 4346 expensarum,
607 4278 672 4349 quia
685 4279 713 4332 in
727 4277 803 4332 hisce
821 4277 917 4345 egitur
929 4277 963 4331 de
981 4279 1074 4332 ‹lubiis
1088 4280 1157 4330 turis
1176 4282 1205 4331 et
1223 4277 1256 4332 de
1274 4278 1374 4347 exqui-

198 4382 286 4438 renda
299 4385 455 4438 authentica
474 4384 704 4454 interpretatione
724 4385 900 4455 potiusquam
918 4384 952 4438 de
971 4384 1062 4438 dubiis
1079 4385 1146 4439 iacti
1165 4391 1195 4439 et
1214 4385 1283 4438 iuris
1302 4384 1373 4438 iudi-

200 4481 312 4562 cialiter
330 4487 517 4558 expediendis.
538 4489 596 4544 Hoc
615 4489 714 4545 saltem
733 4493 843 4545 attenta
863 4490 1028 4560 primigenia
1046 4489 1092 4544 SS.
1106 4489 1192 4558 Cong.
1212 4494 1319 4544 natura.
