3350 5117
548 336 591 383 ua
615 336 754 383 runicus
778 334 1043 391 accursusrrcrs
1321 312 1384 379 501

208 464 286 530 facti
309 464 446 548 qualitas
469 463 563 530 valde
578 461 682 529 influit
696 462 737 527 ad
753 462 924 528 veritatem
940 461 1016 527 facti
1032 460 1253 548 detegendam.
1272 461 1384 536 Quare

208 589 315 673 magni
340 586 488 652 facienda
512 591 561 653 est
583 586 665 652 haec
690 588 847 672 exceptio,
860 588 934 671 quia
950 586 1083 673 regulae
1100 587 1246 673 generali
1271 606 1385 651 neces-

206 711 326 775 sariam
348 710 428 776 facit
449 709 687 783 limitationem
716 708 924 791 quamobrem
955 708 1161 774 enunciatum
1188 709 1381 793 principium

208 832 325 897 vetitae
336 831 555 918 productionis
568 829 752 897 eorumdem
769 830 821 895 vel
837 850 995 896 novorum
1010 830 1139 897 testimo
1156 850 1255 917 super
1268 830 1382 896 iisdem

204 954 352 1019 articulis
375 956 438 1019 iam
461 952 639 1039 publicatis,
657 955 701 1018 ita
724 952 967 1041 intelligendum
982 960 1041 1019 est:
1059 958 1092 1017 ut
1116 952 1259 1019 iudexin
1277 955 1383 1019 causis

204 1076 410 1163 gravioribus
433 1076 472 1141 ob
496 1078 718 1141 necessitatem
735 1076 897 1162 legitimae
914 1075 1109 1141 defensionis
1124 1078 1224 1163 possit
1246 1080 1382 1164 permit·

204 1212 285 1285 tere,
310 1204 432 1269 fraudis
456 1209 489 1269 et
510 1202 746 1269 subornationis
770 1209 923 1287 quantum
947 1200 1017 1269 fleri
1045 1209 1149 1289 potest
1177 1210 1301 1271 remoto
1324 1225 1379 1290 pe·

206 1328 318 1409 riculo,
343 1327 471 1393 eosdem
502 1326 554 1393 vel
577 1348 676 1393 novos
700 1328 832 1414 produci
855 1334 955 1393 testes
976 1347 1074 1412 super
1098 1327 1209 1393 iisdem
1232 1329 1385 1411 articulis

204 1457 267 1518 iam
292 1454 470 1539 publicatis.

294 1576 369 1642 486.
394 1577 518 1641 Verum
535 1584 610 1643 ante
625 1576 883 1663 publicationem,
896 1597 993 1663 super
1009 1577 1120 1643 iisdem
1136 1578 1281 1643 articulis
1298 1578 1381 1642 aliae

202 1702 331 1766 testium
356 1698 539 1766 eorumdem
564 1700 616 1763 vel
645 1699 848 1765 diversorum
878 1700 1104 1786 productiones
1136 1698 1207 1765 lieri
1233 1708 1378 1787 possunt,

203 1845 265 1891 nec
287 1844 352 1891 non
376 1844 473 1911 super
495 1825 567 1889 aliis
590 1824 837 1909 quaestionibus,
855 1826 915 1890 etsi
930 1824 1099 1911 publicatis
1115 1846 1213 1910 super·
1236 1826 1308 1891 aliis
1324 1848 1377 1891 ca·

203 1952 311 2037 pitulis
334 1951 598 2031 attestationibus,
615 1957 683 2016 tum
706 1952 739 2014 in
757 1951 869 2017 eadem
884 1953 1045 2025 instantia,
1058 1959 1126 2018 tum
1150 1953 1183 2016 in
1207 1952 1310 2037 gradu
1326 1972 1379 2038 ap·

203 2077 395 2161 pellationis

293 2198 504 2263 Nihilominus
521 2201 591 2264 iure
614 2201 729 2265 merito
754 2202 802 2265 ius
827 2220 897 2265 can.
914 2201 1062 2264 limitavit
1071 2220 1247 2265 numerum
1263 2200 1383 2285 produ-

203 2324 345 2388 cticnum
361 2324 498 2398 testium,
515 2344 556 2388 ne
579 2323 651 2388 lites
676 2328 783 2389 essent
805 2344 888 2409 pene
912 2320 1063 2404 infinitae,
1089 2332 1121 2388 et
1145 2343 1186 2388 ne
1211 2323 1377 2389 fraudibus

202 2449 307 2513 facilis
331 2454 459 2533 pateret
482 2450 594 2515 aditus.
621 2451 658 2513 ln
683 2469 709 2515 c.
734 2472 760 2515 c.
777 2450 829 2523 15,
847 2448 904 2522 35,
922 2450 980 2523 55,
998 2450 1029 2515 b.
1044 2457 1064 2515 t.
1082 2451 1122 2521 Χ,
1140 2452 1292 2516 statuitur
1307 2458 1378 2516 tres

201 2579 325 2642 tantum
341 2574 412 2640 fieri
428 2596 521 2660 posse
537 2578 663 2641 testium
688 2576 929 2660 productiones;
946 2581 978 2642 et
995 2582 1140 2660 quartam
1157 2597 1222 2642 non
1242 2576 1376 2649 admitti,

201 2702 262 2765 uisi
278 2700 514 2765 interveniente
530 2701 609 2764 iuris
631 2699 843 2771 solemnitate,
868 2698 908 2764 de
932 2719 995 2783 qua
1018 2701 1050 2763 in
1074 2720 1148 2785 cap.
1169 2700 1227 2772 33,
1247 2702 1276 2765 b.
1295 2706 1316 2766 t.
1334 2702 1376 2766 X.

201 2822 392 2887 Solemnitas
406 2826 463 2897 est,
481 2826 514 2887 ut
530 2841 605 2906 pars
629 2822 714 2885 iuret
738 2840 797 2886 nec
814 2822 847 2885 in
864 2817 1023 2905 prioribus
1039 2841 1100 2886 nec
1116 2823 1147 2885 in
1166 2821 1228 2887 hac
1242 2824 1373 2889 testium

200 2940 410 3025 productione
432 2940 579 3007 fraudem
600 2943 805 3009 commisisse.
824 2977 869 2990 -
885 2944 1009 3008 Verum
1026 2963 1084 3008 sua
1099 2946 1261 3027 aequitate
1276 2944 1375 3009 iudex

199 3064 285 3129 hanc
309 3064 453 3151 regulam
478 3066 522 3129 ita
544 3063 820 3147 interpretabitur,
839 3071 874 3130 ut
897 3066 999 3130 eidem
1023 3066 1183 3153 derogare
1204 3066 1320 3139 valeat.
1345 3071 1373 3134 si

198 3188 342 3271 gravitas
366 3207 459 3252 casus
482 3187 576 3261 ferat,
601 3184 765 3253 afferendo
789 3190 822 3252 in
847 3188 978 3253 decreto
1003 3195 1138 3272 quartae
1159 3193 1216 3253 aut
1239 3191 1372 3272 quintae

199 3304 417 3387 productionis
440 3308 591 3380 rationes,
616 3307 730 3393 quibus
755 3308 836 3373 idem
862 3308 1073 3395 comprobare
1097 3308 1242 3374 intendit.

289 3430 364 3494 487.
388 3431 426 3492 ln
449 3428 580 3495 decreto
604 3450 666 3515 quo
690 3430 787 3497 iudex
818 3433 1064 3519 publicationem
1097 3433 1225 3498 ordinat
1248 3439 1378 3499 attesta-

198 3554 331 3635 tionum,
355 3553 511 3619 ccncedet
533 3556 629 3620 etiam
652 3556 797 3642 partibus
821 3563 947 3623 certum
969 3560 1142 3623 terminum
1159 3578 1221 3643 quo
1237 3557 1377 3625 afferant

199 3680 405 3763 exceptiones
428 3679 468 3743 ad
491 3679 710 3765 reprobandos
733 3686 841 3749 testes.
859 3684 1076 3768 Exceptiones
1098 3692 1229 3750 movent
1253 3706 1295 3750 ex
1311 3688 1375 3752 tri-

197 3805 281 3888 plice
309 3806 430 3889 capite,
457 3824 584 3891 nempe:

288 3929 320 4012 l)
344 3931 468 3993 ratione
487 3948 658 4011 pesonae
682 3934 791 4007 testis;

285 4055 319 4140 2)
343 4056 468 4121 ratione
491 4057 585 4123 modi
608 4078 671 4143 quo
694 4079 832 4123 examen
856 4068 1023 4145 peractum
1048 4061 1127 4137 fuit;

285 4181 318 4265 3)
341 4182 467 4246 ratione
490 4183 632 4266 ipsarum
656 4184 918 4251 attestationum.

286 4304 353 4371 lam
377 4304 515 4371 diximus
538 4306 621 4390 quod
645 4308 852 4393 exceptiones
877 4309 1002 4374 ratione
1025 4328 1183 4394 personae
1205 4313 1295 4377 testis
1319 4313 1371 4378 rel

194 4426 336 4492 inidonei
360 4428 412 4493 vel
436 4432 575 4515 suspecti
599 4430 715 4497 debent
738 4434 861 4498 moveri
885 4433 1010 4517 quando
1033 4441 1143 4521 partes
1167 4438 1308 4503 citantur
1331 4438 1373 4503 ad
