3350 5117
521 292 565 338 DE
588 288 727 338 lonicus
750 288 1017 349 necansmsplcls
1167 314 1170 319 ¹
1289 273 1355 339 607

173 420 234 489 est,
252 416 327 499 quia
346 415 525 500 Episcopus
547 412 701 499 delegans
716 413 813 479 alteri
836 418 960 479 certam
976 434 1115 491 causam,
1129 414 1258 481 videtur
1274 435 1355 480 eam-

175 542 249 607 dam
272 541 413 608 volulsse
436 540 616 607 subducere
638 560 659 605 a
681 547 838 626 potestate
861 542 910 607 sui
931 541 1066 607 Vicarii.
1083 576 1126 591 -·
1144 542 1356 609 Nihilominus

176 666 224 731 uti
247 664 362 752 probat
385 664 543 730 Schmalz.
568 663 600 728 h.
624 668 645 729 l.
669 683 704 738 a,
728 664 786 746 54,
810 662 951 751 Plrhing
975 664 1006 729 h.
1031 670 1051 730 l.
1076 687 1110 733 a.
1137 666 1183 731 95
1207 666 1355 753 Episcopi

176 791 337 877 delegatio
360 794 485 857 tantum
508 787 606 856 efficit
627 794 664 857 ut
686 789 760 856 Vic.
783 791 866 857 Gen.
890 792 923 855 in
943 788 1062 873 prima
1094 793 1245 857 instantia
1268 790 1356 856 illam

137 939 141 946 ⁴
177 933 308 978 causam
331 912 443 979 videre
466 932 532 977 non
555 911 687 987 debeat;
710 917 746 976 at
768 912 832 977 hoc
855 926 920 977 non
951 914 1102 998 prohibet
1131 914 1300 998 quominus
1323 915 1355 978 in

177 1040 328 1106 secanda
351 1039 504 1106 instantia
519 1038 559 1103 de
575 1059 615 1104 ea
626 1058 728 1109 ‚causa
750 1038 880 1104 iudicet.
896 1074 940 1087 -
957 1039 1067 1115 Quare
1089 1042 1161 1106 iure
1177 1042 1355 1125 meritoque

177 1183 199 1226 a
217 1162 363 1249 delegato
380 1164 530 1250 Episcopi
552 1162 594 1227 ad
616 1162 713 1229 huius
727 1164 802 1229 Vic.
819 1164 899 1231 Gen.
917 1165 1107 1251 appellatur,
1124 1166 1186 1231 nisi
1202 1184 1355 1251 expresse

177 1288 241 1352 hoc
263 1286 466 1371 prohibuerit
489 1288 684 1373 Episcopns;
708 1287 864 1371 siquidem
888 1307 986 1353 unum
1010 1293 1043 1354 et
1064 1288 1148 1354 idem
1176 1294 1224 1355 est
1248 1291 1354 1376 Episc.

178 1415 212 1473 et
235 1409 307 1475 Vic.
335 1412 415 1475 Gen.
440 1409 582 1497 tribunal
606 1409 662 1496 (1).

268 1532 344 1598 624.
369 1533 540 1620 Singulare
566 1532 616 1599 est
646 1534 679 1597 in
709 1534 926 1619 appellatione
949 1533 1214 1608 ccclraiudiciali‚
1239 1541 1274 1600 ut
1300 1534 1356 1599 ille

179 1661 278 1727 iudex
300 1662 342 1726 sit
364 1670 557 1747 competens,
582 1662 637 1743 qui
660 1665 710 1725 est
732 1659 913 1725 immediate
937 1662 1086 1756 superior
1112 1660 1166 1725 alii
1198 1681 1356 1747 personae

179 1787 259 1852 eccl.
277 1807 359 1871 quae
383 1792 490 1852 actum
513 1786 619 1872 posuit
641 1785 919 1852 extraiudicialem
935 1788 1151 1873 appellatione
1167 1788 1355 1873 impetitum

181 1914 265 1979 unde
289 1913 415 1998 quando
430 1932 451 1977 a
469 1913 640 1979 collatione
656 1911 803 1978 beneficii
818 1912 860 1979 ab
876 1914 1042 2001 Episcopo
1051 1920 1084 1980 et
1100 1916 1240 2001 capitulo
1260 1916 1356 1982 simul

179 2044 215 2103 et
236 2039 450 2103 communiter
471 2036 560 2102 iacta
574 2036 771 2122 appellatur,
797 2038 969 2123 appellatio
989 2035 1026 2103 lit
1048 2036 1089 2103 ad
1109 2038 1312 2127 Episcopum,
1330 2044 1356 2105 si

180 2163 208 2224 is
231 2160 370 2245 capitulo
393 2164 518 2225 tanttnn
541 2157 697 2232 interfuit,
722 2179 785 2244 qua
808 2162 999 2236 canonicus;
1024 2158 1060 2226 fil
1075 2160 1116 2226 ad
1137 2161 1286 2247 Episcopi
1309 2182 1356 2227 su·

268 2386 308 2456 (l)
327 2386 357 2440 ln
379 2386 548 2457 propositum
567 2386 646 2441 iuvat
664 2386 736 2441 hanc
754 2389 858 2441 referre
878 2386 1044 2442 decisionem
1064 2386 1090 2441 S.
1111 2386 1196 2456 (long.
1209 2386 1313 2442 Concil.
1328 2388 1356 2441 in

184 2493 314 2547 osunen.
336 2494 370 2545 12
389 2492 460 2546 Iulii
474 2468 559 2545 1823'.
580 2494 625 2546 Ea
643 2495 714 2564 folio
734 2492 803 2547 haec
820 2494 888 2547 facti
909 2492 1023 2562 species.
1043 2493 1234 2548 Brundusinae
1254 2493 1362 2547 Metro

180 2596 321 2666 politanae
340 2595 416 2649 Eccl.
427 2597 604 2666 suffraganea
622 2600 666 2651 est
681 2596 845 2651 Ostunensis
857 2595 932 2650 Eccl.
945 2597 1117 2667 episcopalis.
1132 2596 1250 2666 Nuperia
1263 2602 1355 2652 autern

180 2703 351 2772 temporibus
362 2701 491 2772 Archiep.
501 2703 636 2757 Brundus.
647 2702 811 2758 Ostunensis
823 2703 897 2757 Eccl.
912 2708 955 2758 cst
968 2704 1136 2757 constitutus
1149 2704 1356 2759 administrator

181 2811 277 2878 Apost.
297 2815 455 2879 perpetuus.
474 2809 600 2879 Contigit
618 2827 643 2864 a.
667 2810 742 2877 1822,
761 2813 792 2863 ut
811 2810 961 2863 canonicus
980 2809 1088 2864 cathed.
1108 2811 1203 2869 Ostun.
1223 2812 1289 2881 quia
1307 2828 1356 2882 per

180 2917 356 2984 septennium
376 2916 453 2970 nullo
473 2917 598 2971 munitus
610 2917 706 2986 Apost
720 2914 869 2985 privilegio
882 2917 981 2981 abfuit,
998 2934 1049 2970 sua
1061 2916 1218 2985 praebenda
1232 2917 1357 2985 privatus

130 3092 134 3101 Ι
179 3026 265 3079 fuerit
282 3026 422 3080 sententia
440 3024 501 3079 Vic.
520 3024 587 3080 Gen.
606 3025 714 3091 Ostuni,
733 3042 750 3077 a
768 3041 824 3096 qua
842 3024 902 3094 ipse
921 3024 998 3079 illico
1017 3025 1050 3079 ad
1070 3025 1205 3080 Brundus.
1225 3024 1355 3096 Archiep.

183 3132 352 3199 provocavit.
367 3130 473 3187 Silente
490 3131 624 3185 canonico
642 3130 668 3185 S.
688 3132 775 3201 Cong.
788 3130 871 3187 Cone.
891 3130 960 3186 adiit
979 3132 1122 3201 praefatus
1141 3132 1271 3187 Vicarins
1289 3134 1355 3190 Gan.

181 3236 294 3290 nomine
318 3235 447 3305 Archiep.
467 3240 609 3307 tamquam
627 3237 861 3291 administratoris
879 3237 1021 3301 Ostunen.‚
1041 3240 1224 3310 exposuitque
1249 3258 1279 3295 se
1301 3256 1355 3294 non

183 3343 263 3398 modo
278 3361 359 3398 unam
378 3360 438 3399 esse
450 3346 479 3399 in
498 3345 559 3399 iure
572 3345 751 3415 eamdemque
769 3361 916 3415 personam
936 3362 998 3400 cum
1018 3346 1147 3417 Archiep.
1162 3347 1296 3415 Brundus,
1310 3348 1355 3403 sed

182 3450 267 3503 etiam
286 3468 302 3501 a
316 3450 609 3505 coll'autmtazazionc
628 3467 643 3503 e
660 3452 745 3520 pieac
764 3451 949 3521 intellipenaa
967 3468 984 3507 a
1003 3448 1113 3522 (nempe
1132 3461 1200 3505 nata
1219 3461 1245 3507 et
1263 3462 1357 3507 aucto·

181 3556 274 3620 atate)
288 3550 418 3622 Archiep.
432 3551 565 3606 Brundus.
579 3552 784 3621 pronunciasse,
798 3552 1015 3623 appellationem
1034 3553 1148 3623 proinde
1161 3556 1196 3607 ab
1209 3554 1306 3608 codem
1320 3559 1356 3608 acl

139 3715 141 3718 ,
181 3660 311 3713 cumdem
329 3657 522 3726 interpositam
533 3657 629 3722 fuisse,
641 3673 725 3727 quum
739 3674 836 3727 reapse
855 3657 928 3712 idem
941 3658 978 3710 eit
990 3657 1072 3713 iudex
1088 3676 1105 3711 a
1118 3674 1171 3728 qao
1185 3674 1247 3712 cum
1267 3658 1356 3711 iudice

180 3769 327 3835 adquam.
350 3764 421 3820 Hinc
439 3764 522 3835 petiit
546 3783 564 3819 a
588 3765 614 3818 S.
640 3760 732 3836 cong?
752 3765 858 3820 concil.
884 3771 978 3820 utrum
1003 3765 1255 3836 Archiepiscopalis
1280 3768 1356 3821 curia

181 3872 316 3926 Brundus.
333 3888 500 3941 cognoscere
518 3873 548 3926 in
567 3873 655 3942 gradu
673 3872 871 3943 appellationis
890 3871 983 3927 valeat
1002 3890 1100 3928 causas
1119 3875 1154 3926 ab
1168 3873 1263 3927 Ostun.
1279 3874 1356 3927 curia

181 3978 325 4043 definitam
339 3994 373 4032 an
388 3979 479 4047 potius
497 3960 600 4033 omisso
618 3979 709 4033 medio
721 3979 756 4032 ad
769 3980 939 4048 superiorem
959 3980 1077 4033 iudicem
1094 3980 1131 4033 sit
1144 3980 1354 4049 provocandum.

169 4061 217 4133 *at
232 4078 258 4132 S.
269 4079 353 4151 Cong.
368 4080 402 4134 ad
414 4078 542 4135 dubium:
554 4099 569 4134 ‹
583 4084 629 4135 An
641 4090 668 4135 ct
680 4082 717 4134 ad
730 4097 811 4151 quem
824 4083 981 4154 deserenda
993 4085 1028 4135 stt
1041 4082 1195 4153 appellatio
1208 4084 1237 4134 in
1251 4099 1316 4136 casa
1331 4100 1354 4147 ›>‚

181 4183 338 4254 respondit:
352 4202 367 4237 ‹
380 4185 553 4256 affirmative
571 4187 610 4240 ad
627 4187 875 4257 Arclstepisccpum
888 4188 917 4239 in
930 4204 996 4240 cosa
1015 4188 1050 4241 de
1070 4187 1238 4257 quaepiam,
1251 4196 1355 4241 attenta

182 4292 373 4361 appellatione
392 4296 447 4347 iam
460 4294 631 4363 interposita,
643 4295 723 4346 iuxta
736 4302 830 4346 cotum
852 4294 1002 4349 Sacrator-ii
1020 4312 1043 4343 ».
1055 4292 1094 4345 Cf.
1110 4292 1161 4347 hoc
1175 4298 1269 4347 sotum
1282 4292 1354 4363 quod

181 4398 209 4451 in
230 4396 307 4454 calce
325 4400 456 4454 sessionis
475 4401 600 4455 refertur.
