3350 5117
341 272 409 337 622
869 288 951 335 rans
975 289 995 335 1.

450 540 473 623 S
496 540 527 607 2.
552 540 602 606 De
624 540 726 607 modo
745 538 958 624 procedendi
981 539 1017 605 ia
1041 558 1147 606 caasa
1170 537 1419 623 appellationis.

344 749 560 807 Summarium.
571 781 609 793 -
620 751 681 806 638.
703 753 815 806 Feralia
834 752 963 805 dicuntur
976 768 1011 807 ea
1022 756 1150 822 tempora
1163 752 1237 806 intra
1249 768 1321 822 qnae
1341 750 1404 819 poni
1423 750 1527 805 debent

431 856 540 925 potiora
553 860 616 909 acta
633 854 838 925 appellationis
853 854 940 909 -De
960 854 1092 909 tatalibus
1104 853 1139 907 ad
1158 853 1374 923 appellationem
1392 850 1527 905 inchoan·

430 961 552 1015 6661-
563 960 624 1015 639.
639 961 714 1016 Haec
733 962 897 1031 proponitur
916 977 1009 1015 coram
1030 960 1120 1016 iudice
1138 980 1155 1013 a
1175 977 1236 1031 qao.
1248 988 1285 1001 -
1297 960 1358 1013 640.
1378 959 1417 1013 lle
1435 960 1526 1012 forma

431 1069 635 1139 propositionis.
654 1098 691 1111 -
708 1070 769 1123 641.
792 1070 925 1125 Rationes
943 1069 1141 1141 appellationis
1159 1068 1317 1123 necessario
1338 1067 1455 1137 exprimi
1475 1067 1525 1123 de·

429 1178 496 1231 bant
515 1182 626 1230 tantum
645 1177 674 1231 in
694 1176 792 1231 libello
811 1177 1010 1247 appellationis
1034 1179 1069 1231 ab
1089 1179 1302 1233 interlocutoria
1326 1179 1469 1233 sementia.
1489 1206 1523 1218 -

429 1284 491 1337 642.
505 1284 630 1353 Apostoli
648 1290 714 1338 sunt
726 1285 840 1339 litterae
859 1286 959 1355 quibus
973 1284 1055 1339 iudex
1074 1304 1091 1339 a
1110 1303 1164 1356 qua
1184 1286 1267 1339 indici
1280 1288 1318 1340 ad
1336 1304 1418 1357 quesn
1432 1286 1524 1356 aperit

430 1402 508 1440 666111
528 1392 649 1441 61661661
675 1387 750 1441 61166
768 1404 881 1441 causam
900 1386 1104 1457 appellationis
1123 1417 1161 1431 -
1178 1388 1239 1443 643.
1258 1389 1387 1457 Apostoli
1407 1406 1525 1443 coaven-

430 1494 550 1549 ttoaataa
562 1500 627 1548 sunt
643 1496 720 1563 ipsae
732 1494 913 1548 deductiones
925 1498 975 1547 661
988 1494 1240 1549 animadversiones
1256 1495 1344 1564 partis
1356 1494 1524 1565 appellatae,

430 1618 501 1673 quae
529 1603 669 1657 consentit
696 1603 725 1658 in
753 1602 970 1671 appellationem
1001 1620 1118 1673 eamque
1150 1602 1224 1657 61116
1252 1604 1365 1673 excipit.
1394 1634 1429 1646 -
1458 1606 1522 1659 644.

431 1707 541 1761 Fatalis
560 1708 593 1760 ad
611 1709 753 1779 apostolas
777 1706 950 1762 obtinendos.
971 1736 1005 1749 -
1024 1708 1085 1761 aas
1110 1708 1148 1763 De
1167 1708 1239 1762 actis
1257 1724 1357 1763 causae
1381 1709 1524 1763 transmit·

430 1817 521 1871 tendis
539 1817 573 1870 ad
592 1818 710 1872 indicem
730 1816 936 1887 appellationis.
956 1846 991 1858 -
1009 1818 1070 1872 646.
1091 1816 1131 1872 116
1149 1816 1283 1871 fatalibus
1301 1817 1335 1871 ad
1358 1834 1525 1890 prosequen-

430 1919 493 1972 dam
520 1919 747 1989 appellationem.
778 1950 815 1963 -
841 1920 902 1973 647.
931 1919 1074 1981 Quomodo
1103 1922 1154 1991 fiat
1183 1921 1238 1973 liris
1267 1922 1430 1991 appellatae
1460 1939 1524 1976 con-

430 2026 545 2078 testatio.
566 2052 599 2063 -
623 2024 684 2077 648.
705 2024 744 2077 De
768 2023 903 2077 tatalibus
922 2023 956 2077 ad
980 2024 1130 2079 finiendam
1155 2023 1381 2093 appellationem.
1401 2052 1436 2065 -
1460 2024 1522 2079 649.

431 2132 474 2183 An
504 2135 533 2185 et
559 2129 697 2201 quomodo
728 2130 812 2201 lapsis
839 2130 973 2185 tatalibus
1004 2130 1082 2185 locus
1112 2132 1150 2184 sit
1180 2130 1371 2201 appellationi,
1393 2136 1443 2185 aut
1473 2131 1522 2185 alii

431 2239 554 2293 remedio
578 2238 806 2292 extraordinario.
831 2267 870 2280 -
893 2238 956 2293 650.
976 2238 1005 2292 16
1031 2237 1221 2308 appellatione
1246 2256 1263 2291 a
1287 2242 1357 2293 6661.
1380 2238 1523 2292 definitiva

430 2363 520 2402 novae
537 2346 717 2402 deductiones
734 2346 827 2400 afferri
848 2353 977 2416 possunt;
996 2347 1110 2401 minime
1129 2348 1157 2400 in
1177 2346 1367 2416 appellatione
1381 2348 1418 2401 ab
1437 2347 1523 2401 inter-

431 2456 576 2512 locutoria.
594 2484 631 2497 -
648 2456 709 2510 651.
731 2454 769 2509 116
788 2454 950 2511 definitione
969 2456 1121 2509 instantiae
1140 2454 1345 2524 appellationis.

432 2650 506 2716 638.
532 2652 580 2717 Ne
603 2650 827 2736 appellationis
852 2655 1033 2737 praetextu,
1059 2670 1176 2715 causae
1199 2648 1341 2715 definitio
1366 2652 1398 2715 in
1422 2650 1523 2717 inlini·

342 2781 410 2842 tum
434 2777 693 2861 protraheretur,
714 2775 837 2849 sedulo⁴
849 2774 1059 2841 determinari
1075 2774 1256 2852 debuerunt
1271 2776 1425 2860 temporis
1443 2774 1523 2840 limi·

344 2906 394 2969 166
417 2903 503 2966 intra
525 2920 605 2985 quos
626 2901 850 2986 appellationis
874 2901 1025 2965 instantia
1049 2899 1271 2985 expediretur:
1296 2900 1379 2964 haec
1403 2904 1523 2967 statuta

342 3032 504 3111 tempora.
519 3025 672 3090 dicuntur
693 3024 828 3106 fatalia.

340 3237 503 3292 facultatem
521 3237 655 3291 maiorem
674 3254 729 3291 non
748 3237 893 3305 habentes,
906 3254 1004 3292 causas
1016 3238 1045 3291 in
1058 3239 1143 3293 curiis
1160 3238 1435 3304 01616611616111,161
1453 3240 1523 3294 alio-

341 3358 403 3395 rum
423 3341 584 3396 inferiorum
603 3341 724 3395 16616661
743 3343 903 3411 66116611166,
916 3342 950 3395 66
963 3360 992 3397 66
1006 3342 1148 3407 advocent,
1163 3343 1215 3397 nisi
1230 3360 1278 3412 per
1290 3344 1364 3397 viem
1378 3343 1522 3413 legitimae

341 3446 538 3515 appellationis
561 3446 595 3500 ad
619 3448 741 3518 ipsorum
767 3446 920 3515 tribunalia
945 3446 1120 3514 deferantur,
1139 3452 1260 3518 tuncque
1285 3446 1461 3517 appellantes
1486 3450 1521 3503 ab

341 3552 519 3607 inferioribus
547 3553 797 3619 iurisdictionibus,
822 3552 913 3625 quoad
941 3553 1012 3607 alias
1040 3570 1136 3606 causas
1164 3554 1286 3609 eximere
1314 3568 1368 3607 non
1398 3560 1521 3623 possunt.

343 3658 386 3712 111.
406 3659 617 3729 11666116116666
634 3678 785 3731 numquam
803 3660 983 3729 recipiantur,
997 3660 1050 3715 6161
1070 3677 1118 3729 661
1131 3658 1244 3729 publica
1260 3659 1436 3726 documenta,
1450 3678 1522 3731 quae

340 3763 455 3818 realiter
474 3763 667 3829 exhibeantur,
681 3764 757 3833 prins
772 3763 931 3817 constiterit
949 3762 1165 3832 appellationem
1185 3780 1201 3815 a
1220 3763 1360 3817 sententia
1377 3762 1522 3818 definitiva

341 3870 386 3925 161
406 3869 527 3925 habente
545 3871 601 3924 vim
619 3872 787 3938 definitivae,
807 3876 857 3927 aut
875 3890 893 3924 6
910 3872 1087 3941 gravamine,
1105 3870 1177 3941 quod
1196 3888 1246 3939 per
1264 3870 1436 3925 definitivam
1458 3888 1521 3926 san-

341 3978 459 4031 tentiam
484 3979 607 4047 reparari
625 3994 681 4032 non
701 3979 796 4047 possit,
816 3979 845 4032 in
863 3979 973 4032 casibus
991 3996 1008 4032 a
1027 3978 1087 4031 iure
1107 3993 1161 4031 non
1181 3977 1336 4047 prohibitis,
1355 3996 1405 4048 661·
1424 3980 1521 4049 legiti-

340 4102 414 4139 mam
431 4102 576 4154 personam
589 4092 618 4141 et
631 4087 706 4141 intra
717 4087 812 4140 debita
825 4091 951 4156 tempora
963 4085 1048 4140 fuisse
1063 4084 1254 4154 interpositam
1268 4076 1301 4138 a'c
1314 4091 1522 4156 prosequutam.

339 4188 386 4241 IV.
405 4189 471 4257 Nec,
490 4190 556 4245 dum
575 4208 659 4245 causa
677 4207 768 4245 coram
789 4190 967 4245 inferioribus
985 4188 1123 4242 indicibus
1142 4188 1251 4258 pendet,
1264 4193 1330 4243 ante
1348 4189 1520 4243 definitivam

340 4298 516 4364 sententiam,
535 4298 581 4354 161
599 4298 655 4354 1116
674 4298 833 4353 definitivae
853 4296 1011 4362 habentem,
1031 4295 1064 4350 66
1083 4296 1246 4364 gravamine
1264 4294 1345 4349 illato
1358 4293 1520 4364 Superiores

338 4418 507 4471 cognoscere
525 4402 647 4471 valeant,
666 4403 733 4459 licet
751 4404 823 4458 citra
843 4402 1042 4474 praeiudicium
1061 4418 1159 4456 661666
1178 4416 1332 4467 6666111661,
1344 4416 1374 4454 se
1388 4400 1414 4453 id
1427 4402 1519 4457 lacere
