3350 5117
311 280 379 347 548
792 222 797 235 Ι
836 296 921 343 rens
946 294 969 343 1.

314 426 509 488 testamento
534 420 671 485 rescisso
695 420 776 485 nihil
799 419 938 505 amplius
959 420 1152 507 percipiunt,
1175 423 1351 487 maximum
1373 420 1502 488 liabent

316 548 542 629 interessent
563 548 596 610 in
620 566 749 612 causam
773 548 1000 618 interveniant,
1018 567 1054 611 se
1076 544 1288 632 adiungentes
1306 546 1421 613 heredi
1444 554 1502 613 te-

313 675 524 738 stamentan'o
555 672 717 739 adserenti
748 674 893 738 valorem
915 674 1110 740 testamenti.
1136 673 1183 739 Cf.
1212 693 1239 740 c.
1263 674 1299 747 2,
1323 672 1378 740 De
1394 693 1498 759 proc.

311 798 350 864 in
374 798 398 863 6
420 796 459 883 (l,
488 799 550 881 19).

403 923 613 991 Interventus
644 927 751 989 autem
783 944 849 987 non
873 924 1087 991 voluntarius
1117 929 1174 1003 est.
1199 923 1255 988 sed
1282 923 1502 989 necessarias

313 1068 409 1133 quum
434 1068 517 1115 unus
532 1048 637 1135 litigat
659 1048 817 1115 adversus
832 1050 972 1116 alterum
996 1049 1088 1113 cuins
1110 1050 1274 1133 negotium
1290 1054 1340 1114 est
1353 1048 1426 1115 aliis
1439 1050 1498 1114 vel

313 1174 370 1238 alii
394 1192 578 1245 commune:
611 1194 711 1259 quare
734 1179 879 1259 praestat
901 1174 942 1239 ad
965 1175 1093 1259 plenam
1117 1176 1236 1280 negotii
1264 1170 1497 1247 definitionem,

314 1304 371 1364 aut
393 1298 433 1365 ab
457 1298 660 1365 obtinendam
686 1320 754 1365 rem
786 1319 881 1385 quam
904 1298 1043 1365 reddere
1066 1320 1130 1365 non
1154 1304 1259 1385 potest
1281 1319 1358 1385 pars
1387 1300 1421 1363 in
1444 1301 1499 1365 iu·

313 1422 431 1489 dicium
456 1428 624 1497 conventa,
642 1430 677 1489 ut
699 1427 760 1490 istc
783 1425 919 1491 advocet
942 1426 974 1490 in
991 1445 1121 1490 causam
1137 1425 1233 1491 etiam
1257 1423 1403 1490 tertium.
1421 1424 1502 1491 Hoc

313 1543 514 1629 frequentius
537 1545 654 1609 accidit
676 1545 832 1611 adversus
848 1544 1061 1623 fideiussores,
1079 1548 1132 1631 qui
1155 1566 1175 1610 a
1191 1545 1354 1611 creditore
1373 1566 1498 1613 vocau-

314 1672 368 1733 tur
393 1670 424 1732 in
449 1688 589 1751 causam,
613 1668 739 1754 quando
763 1668 889 1736 debitor
910 1669 1099 1755 principalis
1122 1688 1187 1734 non
1211 1677 1260 1735 est
1283 1668 1448 1734 solvendo.

409 1794 587 1861 Praeterea
609 1814 673 1859 non
698 1796 800 1861 solum
824 1794 996 1880 aliquando
1018 1800 1114 1881 urget
1135 1800 1249 1880 petere
1276 1794 1500 1861 interventum

314 1920 348 1983 in
373 1938 514 2002 causam,
539 1919 594 1985 sed
619 1922 714 1986 etiam
731 1924 874 2005 praestat
896 1920 950 1985 vel
967 1940 1102 1985 necesse
1124 1925 1173 1986 est
1196 1920 1294 1987 alium
1315 1920 1500 2006 litigantem

316 2044 478 2111 aiudicio
503 2046 669 2130 expellere
699 2046 732 2109 in
756 2066 791 2109 se
814 2045 904 2109 litem
927 2043 1171 2120 transferendo;
1196 2047 1303 2129 prouti
1330 2046 1439 2130 agitur
1461 2047 1499 2110 in

314 2173 334 2238 l.
367 2172 465 2238 Titio.
489 2172 694 2239 Dioortinm.
718 2170 766 2238 34
788 2173 835 2256 ff,
859 2170 976 2239 Soluto
998 2172 1230 2253 matrimonia,
1253 2170 1307 2237 ubi
1331 2170 1363 2235 id
1385 2173 1502 2257 agitur

313 2295 398 2380 quod
421 2296 449 2361 si
471 2300 574 2381 pater,
598 2294 683 2361 filiae
706 2294 865 2381 dirempto
895 2296 1108 2367 matrimonio,
1132 2294 1172 2359 ad
1196 2293 1303 2361 dotem
1326 2314 1347 2359 a
1376 2297 1500 2359 marito

319 2420 527 2505 repetendam
548 2419 698 2485 indicium
715 2422 880 2493 instauret,
898 2419 1035 2485 liberum
1051 2417 1137 2483 tiliae
1160 2420 1201 2483 sit
1223 2418 1429 2484 intercedere
1451 2440 1503 2485 ne

298 2547 403 2631 patri
428 2545 484 2611 sed
508 2545 567 2611 sibi
591 2552 751 2630 tamquam
768 2548 894 2633 patriae
917 2546 1082 2631 potestatis
1104 2544 1233 2609 vinculo
1256 2545 1380 2609 solutae
1396 2549 1430 2608 et
1444 2548 1500 2610 sui

314 2671 394 2737 iuris
418 2670 533 2745 factae,
551 2672 649 2737 liceat
671 2672 758 2737 litem
783 2671 939 2735 inchoare
962 2670 1014 2735 vel
1038 2670 1198 2755 prosequi,
1216 2674 1251 2733 ut
1270 2667 1327 2733 dos
1342 2666 1402 2733 sibi
1420 2669 1498 2733 red·

312 2795 416 2861 datur.

403 2922 575 3003 Quocirca,
592 2923 625 2986 in
648 2921 845 2993 universum,
862 2918 1101 2991 concludemus,
1117 2919 1342 2983 necessitatem
1365 2917 1419 2981 rel
1439 2936 1499 2983 oc-

315 3030 477 3114 casionem
502 3048 684 3113 huiusmodi
699 3048 902 3114 interventus
924 3042 997 3109 fieri
1019 3046 1052 3108 in
1076 3045 1181 3109 causis
1204 3044 1250 3107 ita
1272 3042 1445 3113 connexis,
1460 3047 1502 3108 ut

318 3173 437 3240 decisio
457 3174 551 3238 unius
566 3172 704 3257 pendeat
720 3170 759 3237 ab
775 3170 838 3235 alia
855 3169 945 3253 quasi
968 3168 1183 3233 accessorium
1199 3186 1219 3230 a
1234 3164 1415 3251 principali,
1432 3185 1500 3231 neo

320 3318 385 3363 non
410 3300 442 3363 in
467 3320 504 3364 re
528 3300 579 3365 vel
603 3301 741 3384 negotio,
765 3297 922 3381 pluribus
945 3294 1127 3363 comnvnni.
1152 3293 1345 3377 Exemplum
1375 3312 1503 3358 causae

317 3422 427 3488 taliter
450 3440 626 3489 connectere
649 3422 681 3484 in
705 3442 742 3485 re
765 3420 882 3485 eccles,
905 3418 1043 3483 habetur
1066 3418 1099 3482 in
1123 3436 1193 3481 can.
1225 3415 1342 3481 Tantis
1357 3414 1497 3489 Daniel,

318 3549 394 3613 ctist.
420 3549 471 3622 81,
496 3547 548 3613 ubi
573 3546 754 3611 advertitur
777 3546 968 3610 sententiam
992 3545 1090 3608 latam
1117 3546 1232 3608 contra
1255 3540 1385 3625 indigne
1406 3538 1501 3605 ordi-

312 3678 421 3737 natum
446 3671 669 3757 praeiudicare
692 3670 881 3734 ordinatori.

406 3796 572 3862 Sententia
589 3816 670 3860 vero
693 3795 873 3859 decernens
896 3794 936 3858 de
955 3813 993 3857 re
1012 3791 1157 3877 pluribus
1180 3790 1339 3855 communi
1364 3793 1396 3853 et
1411 3790 1501 3873 ipsa,

318 3923 351 3986 in
376 3940 433 3986 sua
464 3922 506 4001 vi,
532 3921 708 3986 communis
732 3925 781 3984 est
802 3916 957 4004 pluribus,
982 3937 1035 3982 ex.
1060 3937 1110 4001 gr.
1135 3917 1168 3980 iu
1191 3926 1291 3979 causa
1312 3914 1502 3989 servitutis,

315 4050 342 4112 si
363 4067 445 4113 unus
469 4067 512 4112 ex
535 4047 629 4112 sociis
653 4044 692 4109 ob
717 4063 885 4109 commuue
908 4042 1084 4128 praedium,
1109 4039 1282 4105 contendat
1304 4038 1497 4104 servitutem

319 4170 451 4257 praedio
475 4170 584 4235 deberi
610 4175 642 4235 et
665 4168 815 4242 obtineat,
841 4170 910 4233 eius
933 4168 1068 4232 victoria
1094 4165 1240 4230 omnibus
1269 4162 1415 4247 prodest;
1446 4164 1496 4227 uti

320 4297 466 4363 omnibus
481 4300 617 4362 noceret
632 4294 790 4359 sententia
807 4293 981 4367 contraria,
1004 4294 1025 4356 l.
1043 4291 1124 4357 Loci
1147 4290 1218 4371 45
1243 4288 1281 4354 Si
1301 4286 1434 4370 fundus
1457 4286 1496 4367 3,

311 4424 348 4506 ff.
370 4420 408 4486 ot·
427 4420 538 4486 servii.
564 4418 686 4485 vindic.
