3350 5117
286 299 328 365 12
771 318 973 367 raooauruu

282 463 347 509 non
377 445 461 530 ipsos
486 443 606 509 iudices
630 442 662 508 in
686 449 776 509 certo
800 442 905 529 gradu
935 447 967 507 et
991 440 1104 507 ordine
1121 441 1296 533 ¹distribuit
1322 442 1357 507 in
1390 442 1465 508 hie-

284 568 418 633 rarchia
440 566 664 654 gubernationi
689 567 853 633 societatis
874 566 1071 653 propositae.

372 690 569 756 Hierarchia
594 689 824 757 iurisdictionis
855 689 1053 774 explicatur,
1078 688 1153 754 data
1183 710 1300 778 opera,
1325 692 1359 755 in
1391 697 1465 756 tra-

281 822 370 882 ctatu
393 816 443 883 De
458 816 621 884 Perennis
628 836 643 899 ;
665 834 776 901 quare,
801 816 834 879 in
864 834 996 900 genere,
1021 814 1244 880 conclusiones
1271 815 1367 881 buius
1395 821 1464 881 tra-

284 945 432 1009 ctationis
455 945 671 1030 supponimus
688 941 743 1007 sed
764 941 937 1006 nonnullas
952 945 1097 1028 praestat
1118 942 1152 1005 in
1175 960 1214 1006 ra
1237 947 1349 1008 nostra
1370 962 1465 1009 reco-

282 1070 362 1142 lere,
386 1068 558 1133 nonnullas
581 1068 679 1132 etiam
703 1066 845 1152 pressius
869 1067 917 1131 rei
941 1072 1072 1132 nostrae
1104 1066 1326 1135 accomodare:
1350 1074 1464 1155 utputa

280 1211 425 1276 eaquae
449 1192 482 1256 in
505 1191 693 1257 hierarchia
716 1191 946 1257 iurisdictionis
971 1213 1007 1257 se
1033 1192 1184 1258 referunt
1212 1192 1252 1257 ad
1280 1194 1462 1261 institutum

280 1315 511 1403 appellationis,
536 1316 687 1381 nimirum
712 1316 751 1380 ad
775 1316 1038 1401 provocationem
1065 1336 1085 1380 a
1111 1315 1216 1383 iudice
1237 1316 1396 1383 inferiore
1419 1318 1461 1384 ad

214 1520 215 1525 ἵ
280 1441 490 1526 superiorem.
508 1442 588 1505 Item
613 1438 851 1513 iurisdictionis,
868 1440 992 1505 scilicet
1014 1441 1179 1525 potestatis
1194 1439 1354 1518 iudicandi
1370 1442 1461 1508 notio

280 1564 489 1651 peculiariter
523 1565 758 1633 consideranda
785 1571 843 1639 est,
868 1567 1041 1652 praecipue
1071 1566 1129 1632 sub
1158 1573 1293 1653 aspectu
1323 1586 1460 1653 compe·

282 1692 415 1759 tentiae.

369 1813 447 1879 Cum
470 1815 542 1879 iure
563 1818 671 1879 autem
698 1815 833 1899 positivo
857 1816 983 1900 privato
1006 1815 1148 1881 intimius
1175 1814 1379 1880 eonnectitur
1408 1815 1459 1880 iu·

278 1936 395 2003 diciale
419 1938 483 2011 ius;
507 1938 582 2021 quia
604 1936 667 2001 hoc
689 1936 774 2002 illius
798 1942 848 2002 est
869 1937 969 2002 veluti
993 1937 1262 2023 complementum
1285 1941 1319 2003 et
1333 1938 1388 2003 via
1414 1936 1457 2001 ad

281 2061 358 2128 illud
381 2064 415 2127 in
438 2060 565 2129 casibus
588 2060 690 2127 dubiis
713 2067 770 2128 aut
793 2064 1013 2129 controversis
1038 2062 1317 2149 interpretandum
1340 2068 1374 2129 et
1395 2082 1454 2149 ap-

280 2184 471 2272 plicandum.
489 2184 650 2259 Quocirca
672 2184 817 2249 instituta
832 2185 912 2249 iuris
927 2184 1064 2269 positivi,
1081 2188 1149 2249 tum
1168 2184 1282 2263 civilis,
1300 2189 1366 2250 tum
1389 2186 1455 2250 cri·

279 2309 416 2389 miualis,
440 2327 534 2392 quam
557 2306 698 2372 maxime
728 2304 867 2371 influunt
889 2307 921 2369 in
944 2306 1103 2372 rationem
1133 2305 1344 2372 ordinationis
1374 2306 1457 2372 iudi-

277 2436 403 2499 ciorum
427 2433 567 2498 civilium
592 2444 624 2497 et
648 2432 875 2497 criminalium.
914 2452 918 2460 ·

368 2559 439 2624 Hac
463 2558 503 2623 de
526 2578 625 2623 causa
643 2558 676 2622 in
691 2558 831 2642 antiquis
846 2558 954 2643 legum
977 2562 1011 2624 et
1032 2576 1192 2623 canonum
1211 2556 1455 2623 collectionibus

277 2685 381 2749 amico
405 2682 538 2748 foedere
561 2683 593 2747 in
618 2702 715 2747 unum
739 2702 858 2768 corpus
880 2682 1115 2768 copulabantur
1137 2684 1187 2748 ius
1209 2682 1381 2769 publicum,
1406 2682 1455 2747 ius

278 2810 439 2895 privatum
470 2806 566 2873 civile
595 2809 628 2871 et
659 2806 841 2882 criminale;
865 2807 1006 2891 itemque
1033 2807 1082 2873 ius
1112 2806 1279 2881 iudiciale,
1302 2806 1399 2871 civile
1422 2812 1455 2871 et

276 2933 455 2998 criminale.
473 2932 568 2998 Certe
592 2932 673 2999 istae
689 2938 799 3018 partes
822 2934 867 2998 uti
891 2933 1060 2999 distinctae
1074 2932 1243 3000 habendae
1258 2938 1343 3016 suut,
1359 2938 1457 3017 atque

277 3054 463 3139 progressui
486 3052 695 3138 legislationis
717 3052 924 3121 tribuendum
947 3053 1103 3137 estquod
1126 3054 1222 3119 hodie
1236 3056 1343 3120 solent
1363 3074 1385 3118 a
1407 3054 1454 3118 ci-

277 3175 333 3239 vili
345 3176 536 3240 auctoritate
547 3174 716 3241 distinctae
727 3177 760 3241 in
777 3175 914 3241 diversis
926 3174 1088 3241 codicibus
1103 3175 1236 3252 referri3
1253 3174 1310 3242 sed
1322 3176 1454 3241 omnino

277 3302 553 3384 perverterentur,
579 3298 605 3363 si
632 3299 723 3381 quasi
753 3298 931 3363 disiunctae
961 3302 995 3363 et
1023 3299 1110 3365 inter
1139 3316 1175 3363 se
1200 3297 1327 3363 alienae
1350 3297 1452 3363 habe·

277 3426 393 3488 rentur
416 3420 472 3507 (1).

365 3686 405 3759 (l)
425 3687 454 3743 lu
474 3688 554 3742 Statu
574 3688 720 3743 Pontificio
735 3688 885 3743 Pontifices
900 3686 966 3741 Pius
979 3686 1029 3741 Vll
1047 3693 1076 3743 et
1088 3687 1240 3758 Gregorius
1252 3687 1318 3743 xv1
1336 3690 1451 3743 fuerunt

276 3794 396 3850 maxime
420 3794 535 3849 solliciti
553 3795 587 3850 de
606 3794 788 3851 reformandis
813 3793 924 3864 legibus
948 3794 1077 3849 civilibus
1094 3801 1124 3850 et
1142 3797 1284 3865 appositos
1306 3796 1453 3853 ediderunt

274 3900 391 3955 codices.
411 3902 478 3955 Pius
496 3900 555 3969 Vll,
579 3906 641 3971 post
667 3900 777 3957 celebra
801 3901 929 3955 Edictum
953 3902 1009 3956 diei
1029 3902 1050 3955 6
1067 3902 1138 3957 Iulii
1157 3902 1241 3970 1816,
1259 3919 1315 3975 quo
1340 3920 1389 3973 per
1400 3887 1457 3957 au·

277 4026 373 4079 prema
390 4010 560 4065 lineamenta
578 4008 777 4080 designabatur
800 4010 972 4079 propositum
992 4008 1208 4065 Reformationis
1228 4010 1326 4065 Statua
1346 4009 1455 4077 Civilis,

274 4116 362 4171 edidit
382 4116 509 4171 Codicem
528 4116 708 4172 Procedurce
729 4116 833 4180 Civilis,
853 4114 899 4170 die
917 4117 952 4169 22
970 4115 1038 4169 Nor.
1061 4116 1136 4169 1817.
1157 4114 1187 4170 ln
1205 4116 1352 4171 Prooemio
1375 4116 1450 4171 inter

274 4221 332 4275 alia
349 4223 552 4291 sapientissime
569 4223 653 4289 dicta,
672 4227 843 4277 memoratur
860 4236 933 4275 t...
948 4224 976 4276 Ia
993 4240 1067 4292 pron
1091 4228 1223 4279 massima
1245 4226 1295 4279 che
1320 4226 1449 4278 dichiara

273 4330 368 4383 otrime
385 4330 481 4400 puelle
501 4330 577 4401 legyi
595 4330 644 4384 che
663 4330 859 4382 attribuiscono
877 4328 902 4381 u
919 4328 1032 4381 minimo
1046 4330 1182 4400 possibile
1200 4332 1318 4386 arbitrio
1337 4334 1367 4385 aa·
1380 4331 1453 4386 Giu-

274 4434 338 4501 dici,
358 4436 393 4490 ed
411 4436 498 4489 citimi
516 4436 581 4507 quet
602 4434 712 4488 (liuttici
729 4436 778 4488 che
796 4436 994 4489 attribuascono
1012 4434 1036 4488 il
1053 4437 1168 4489 minimo
1182 4438 1319 4507 possibile
1332 4440 1452 4495 arbitrio
