3350 5117
127 312 154 345 Ν

276 308 342 374 442
800 326 884 375 rans
907 327 930 373 1.

272 455 378 516 sentes
391 472 464 516 cum
476 452 598 517 suerint
609 452 673 517 litis
685 450 913 517 introductioni
931 456 964 518 et
978 450 1173 517 ordinationi
1196 452 1234 516 in
1248 451 1326 517 iure
1340 470 1450 516 coram

273 576 471 661 magistratu,
485 577 524 641 de
534 577 678 663 legitime
693 578 776 642 actis
790 582 824 641 et
839 578 967 641 statutis
977 581 1078 641 testes
1092 582 1196 642 erant
1211 576 1321 651 Quare
1335 575 1451 641 Festus

271 703 321 767 De
333 702 423 769 verb.
435 704 497 789 sip.
511 703 636 769 scribit:
652 722 670 767 c
687 703 871 771 contestari
885 703 977 770 litem
993 704 1156 769 dicantm
1171 703 1239 768 dno
1255 707 1316 768 aut
1328 702 1450 784 piures

272 828 472 901 adversarii
498 830 590 914 pand
612 828 771 897 ordinato
795 829 922 896 indicio
945 834 1092 913 atraque
1103 813 1193 911 pars
1213 827 1328 893 dicere
1349 828 1451 893 solet:

279 951 388 1017 Testes
409 958 544 1019 estote»
564 949 620 1039 (l).
645 952 864 1018 Diocletianus
877 952 1018 1018 abolevit
1033 952 1120 1016 illam
1144 948 1452 1015 divisionemdisce·

272 1079 422 1161 piationis
445 1078 610 1150 iudicialis,
634 1079 816 1163 incoeptam
833 1098 942 1142 coram
958 1080 1173 1164 mapistratn.
1197 1075 1377 1141 absolutam
1392 1095 1449 1139 co·

274 1218 342 1261 ram
366 1199 485 1269 indice,
510 1204 618 1265 tamen
634 1201 788 1265 remansit
810 1200 877 1265 litis
900 1201 1090 1264 contestatio
1105 1200 1202 1265 etiam
1219 1200 1252 1262 in
1269 1199 1340 1262 iure
1358 1198 1452 1262 Iusti·

273 1325 446 1390 nianeo‘et
468 1345 601 1408 eamque
625 1326 767 1411 explicat
790 1326 857 1391 tem.
878 1325 929 1406 14,
953 1324 1024 1393 cod.
1048 1325 1104 1391 tio.
1121 1324 1187 1397 111,
1205 1325 1251 1389 tit.
1267 1324 1295 1397 1,
1312 1344 1450 1408 nempe:

275 1450 456 1519 «Patroni
478 1458 591 1519 antem
615 1472 874 1519 camaram...
899 1471 977 1517 cum
995 1451 1035 1516 tis
1049 1450 1158 1535 faerit
1179 1455 1363 1517 contestata
1375 1455 1452 1532 post

272 1576 508 1643 narrationem
519 1577 734 1660 propositam
758 1582 789 1643 et
804 1576 1107 1645 contradictionem
1121 1576 1286 1643 obiectam
1362 1575 1452 1639 inra-

273 1706 423 1767 mentnm
443 1707 666 1785 praestant».
683 1700 749 1767 Sub
771 1701 885 1767 eodem
914 1706 1062 1786 respectu
1086 1702 1118 1765 in
1142 1702 1191 1766 ius
1214 1720 1285 1765 can.
1302 1704 1452 1785 pertran-

273 1828 334 1907 siit,
358 1829 464 1911 prouti
488 1826 655 1895 docuimus
678 1825 734 1909 (2).

361 1922 457 2039 Apud
484 1954 757 2039 Congregationes
784 1954 946 2019 Romanas
970 1954 1066 2017 etiam
1093 1952 1198 2023 hodie,
1211 1952 1359 2037 quamvis
1381 1970 1451 2015 non

272 2083 410 2161 ponatur
425 2083 520 2143 actas
533 2078 693 2149 solemnis
712 2079 777 2143 litis
801 2084 1013 2151 contestatae,
1030 2078 1238 2144 nihilominus
1261 2078 1396 2150 obtinet,
1415 2083 1453 2143 ut

273 2198 354 2264 solet
376 2199 448 2271 dici,
473 2198 689 2267 concordatio
713 2199 908 2274 anctorum,
934 2206 966 2265 et
986 2200 1049 2265 hoc
1071 2196 1108 2264 fit
1130 2200 1272 2263 maxima
1295 2219 1370 2264 cum
1392 2200 1452 2263 uti·

222 2306 228 2318 '
273 2322 362 2385 litate
378 2322 416 2385 ad
433 2320 634 2386 statuendam
650 2341 693 2385 ex
715 2342 876 2387 consensu
900 2323 1039 2408 partium
1063 2324 1280 2405 quaestionem
1297 2324 1349 2386 cui
1367 2322 1446 2387 Eriii

275 2448 398 2512 ludices
422 2447 645 2533 respondeant.
664 2449 743 2513 Nam
769 2448 864 2513 dubia
887 2449 1138 2521 concordantur,
1151 2447 1278 2532 quando
1295 2452 1358 2513 iarn
1373 2468 1451 2534 par·

361 2643 384 2707 (l
390 2652 399 2707 l
413 2642 453 2696 Cf.
465 2642 611 2709 Paestani,
625 2644 716 2697 Storia
725 2645 774 2697 dcl
784 2644 880 2697 diritto
892 2644 1026 2707 Romano,
1037 2642 1084 2695 Ed.
1097 2660 1136 2711 pr.
1149 2640 1451 2712 p.195,201‚393,485.

362 2749 401 2813 (2)
420 2747 450 2800 ln
469 2746 527 2799 cod.
547 2744 687 2801 hodiernis
700 2746 930 2833 processualibup,
944 2751 975 2799 ut
988 2744 1096 2799 Gallico
1107 2751 1135 2800 et
1149 2745 1256 2811 ltalico,
1268 2749 1297 2800 et
1315 2745 1401 2816 etiam
1420 2745 1449 2797 in

273 2853 319 2905 cit.
330 2853 530 2923 Repolamento
540 2853 711 2923 piadisiario
722 2852 804 2921 Greg.
817 2852 892 2919 XVI,
904 2856 922 2916 ἓ
932 2854 985 2906 564
995 2869 1034 2922 sq.
1048 2868 1103 2905 non
1116 2851 1236 2920 amplius
1254 2850 1450 2920 praescribitur

273 2958 331 3013 litis
349 2960 524 3022 contestatiO,
543 2976 576 3013 ea
597 2958 758 3028 praesertim
778 2959 812 3013 de
831 2959 1000 3029 causaquie
1020 2974 1075 3012 non
1094 2957 1204 3011 videtur
1223 2972 1302 3027 posse
1318 2956 1451 3011 determi-

272 3068 331 3121 nari
348 3067 491 3123 definitive
509 3068 636 3137 quaestio
649 3066 795 3133 iudicialis,
807 3066 872 3121 dein
885 3066 1041 3121 definienda
1059 3083 1078 3121 a
1101 3066 1191 3120 indice
1210 3082 1258 3135 per
1272 3065 1449 3131 sententiam,

273 3176 359 3229 donec
377 3180 455 3229 actor
473 3180 622 3243 cognoscat
641 3175 763 3229 rationes
781 3190 877 3228 omnes
891 3191 908 3226 a
921 3190 969 3228 reo
986 3174 1164 3244 opponendas
1186 3191 1253 3230 suae
1276 3174 1403 3245 petitioni
1422 3177 1453 3228 et

272 3280 392 3333 vicissim
413 3297 476 3335 reus
494 3284 644 3348 cognoscat
663 3280 856 3349 responsiones
869 3281 981 3346 actoris,
992 3280 1033 3333 ita
1050 3285 1082 3333 ut
1095 3280 1196 3335 sensim
1208 3280 1237 3334 in
1251 3297 1380 3349 processu
1394 3279 1453 3333 litis

271 3386 457 3455 amplificetur
476 3385 520 3440 vel
540 3387 726 3456 restringatur
744 3387 885 3441 obiectum
908 3386 1080 3456 quaestionis
1101 3386 1247 3440 iudicialis.
1265 3415 1302 3428 -
1320 3386 1451 3447 Quamvis

272 3492 324 3546 hoc
342 3510 436 3547 verum
456 3494 500 3557 sit,
515 3497 607 3547 tamen
628 3502 773 3548 revocetur
793 3496 914 3549 maxime
934 3511 982 3563 per
996 3496 1148 3565 positiones
1167 3494 1210 3546 ins
1228 3510 1289 3547 can.
1307 3492 1452 3547 intendere

272 3604 307 3654 ab
321 3600 402 3653 initio
415 3601 441 3652 in
457 3600 660 3655 contestatione
679 3600 739 3654 litis
758 3600 882 3655 limitare
905 3600 1122 3655 controversiam
1134 3603 1164 3671 et
1179 3600 1304 3665 definire,
1316 3604 1452 3670 quantum

272 3706 332 3759 fieri
347 3710 445 3775 potest,
459 3722 493 3759 ne
505 3710 597 3774 partes
610 3710 827 3773 extravagantur
840 3709 869 3759 et
882 3705 1053 3760 contendant
1064 3706 1097 3760 de
1111 3721 1144 3760 eo
1154 3703 1227 3775 quod
1237 3720 1334 3758 revera
1343 3707 1454 3757 contro·

271 3831 381 3868 versum
395 3830 449 3867 non
463 3818 520 3879 est;
540 3814 611 3867 unde
625 3814 792 3869 contestatio
806 3815 874 3881 litis,
883 3814 978 3869 debito
990 3814 1070 3868 modo
1083 3818 1112 3869 et
1125 3830 1179 3867 uon
1193 3813 1294 3868 leviter
1306 3814 1391 3878 facta,
1409 3816 1453 3867 est

272 3935 380 3989 semper
401 3918 495 3985 magni
518 3918 649 3971 momenti
673 3918 707 3971 ad
729 3918 886 3987 expeditam
911 3918 1004 3972 litium
1025 3918 1201 3973 solutionem.
1221 3916 1375 3987 Pallegrini
1396 3918 1415 3970 i.
1430 3934 1452 3971 c.

270 4026 351 4080 docet
371 4042 424 4079 non
444 4024 589 4078 admodum
608 4026 780 4096 frequentari
799 4026 827 4079 in
848 4026 936 4079 curiis
954 4026 1006 4078 civ.
1024 4026 1176 4079 solemnem
1196 4024 1254 4079 litis
1274 4025 1454 4079 contestatio-

271 4148 344 4197 nem,
357 4132 403 4186 sed
418 4131 488 4185 hanc
502 4131 624 4184 obtineri
637 4128 862 4201 aequipollenter
876 4146 927 4199 per
938 4147 1017 4182 usum
1032 4128 1199 4200 positionum
1215 4134 1244 4183 et
1261 4128 1453 4183 articulorum.

272 4240 360 4293 Hodie
379 4256 413 4293 ex
426 4240 483 4292 cod.
498 4238 638 4293 hodiernis
657 4242 685 4292 et
704 4255 739 4292 ex
759 4238 837 4307 praxi
858 4238 889 4291 in
906 4253 981 4291 more
1000 4240 1066 4291 sunt
1083 4237 1312 4307 interrogatoria,
1321 4253 1392 4307 quae
1411 4235 1455 4289 in·

271 4346 397 4401 serviunt
414 4346 448 4398 ad
467 4345 703 4400 determinandam
724 4362 781 4399 rem
802 4348 1020 4408 controversam,
1034 4344 1126 4413 pronti
1145 4341 1306 4413 expostulat
1325 4346 1386 4413 pisa
1404 4361 1455 4396 na·

273 4462 337 4505 tara
355 4452 458 4504 iudicii.
480 4450 559 4503 Hunc
577 4466 681 4503 morem
702 4450 789 4505 refert
809 4450 866 4504 cod.
888 4450 970 4519 Greg.
989 4451 1037 4504 cit.
1056 4456 1123 4504 sect.
1144 4450 1176 4502 V.
