3350 5117
326 304 392 369 412
850 324 936 372 rens
960 326 983 371 1.

326 447 529 531 praevenire.
544 483 589 495 -
612 448 721 523 Quare
740 448 965 534 explicandum
981 453 1031 515 est
1044 468 1184 533 quonam
1206 453 1301 535 pacto
1316 446 1500 514 huiusmodi

327 570 376 633 vis
400 568 634 635 confirmationi
658 572 734 637 insit
756 577 813 639 aut
834 573 918 638 desit
940 572 999 657 (1).

417 692 492 757 380.
518 694 596 759 Cum
621 696 734 780 primis
755 695 964 762 advertatur:

420 817 450 899 l)
471 815 754 885 Confirmationem
768 817 901 886 differre
916 819 956 885 ab
972 819 1212 906 approbatione,
1228 822 1303 904 qnia
1317 819 1503 907 approbare

328 950 376 1008 est
400 943 497 1011 fateri
511 945 650 1030 aliquem
665 952 772 1012 actum
788 966 860 1013 esse
875 947 972 1013 alicui
987 947 1052 1033 legi
1069 946 1120 1011 vel
1138 948 1271 1033 regulae
1285 946 1501 1021 conformem

287 1112 291 1119 -
327 1064 522 1133 confirmare
545 1088 563 1134 e
587 1074 701 1135 contra
724 1075 773 1135 est
801 1071 941 1156 aliquem
964 1075 1072 1135 actum
1095 1090 1154 1136 sua
1175 1071 1368 1137 auctoritate
1399 1071 1503 1155 magis

327 1186 455 1255 firmum
480 1190 628 1259 reddere,

416 1315 450 1400 2)
474 1316 579 1382 Etiam
604 1320 748 1402 privatus
772 1323 875 1404 potest
899 1315 1103 1401 confirmare,
1119 1324 1197 1403 puta
1218 1323 1430 1389 contractum,
1446 1316 1506 1382 sed

327 1459 386 1504 nos
408 1443 532 1525 agimus
556 1442 596 1509 de
619 1443 864 1509 confirmatione
886 1443 1014 1530 publica
1036 1443 1229 1509 auctoritate
1251 1444 1348 1509 facta.

417 1564 451 1650 3)
479 1565 685 1633 Confirmatio
719 1569 869 1653 supponit
901 1574 1009 1633 actum
1038 1587 1096 1632 seu
1125 1568 1176 1633 ius
1207 1569 1269 1632 iam
1298 1566 1438 1632 validum
1470 1570 1504 1633 et

328 1687 472 1766 firmum;
489 1698 521 1758 et
544 1692 621 1758 binc
637 1693 801 1758 ordinarie
816 1690 1018 1759 confirmatio
1033 1698 1083 1759 est
1104 1692 1206 1764 utitis,
1224 1694 1250 1756 si
1265 1699 1357 1758 actus
1380 1698 1436 1758 ant
1451 1694 1503 1758 ius

329 1814 362 1877 in
386 1817 497 1879 suavi
522 1818 692 1891 consistat;
717 1836 810 1882 secus
834 1822 883 1881 est
906 1816 1047 1881 inutilis.

417 1939 450 2023 4)
474 1940 596 2005 Tamen
623 1940 794 2025 aliquando
824 1943 973 2027 superior
995 1946 1119 2006 certam
1144 1942 1282 2005 remita
1307 1939 1505 2006 confirmare

328 2064 473 2139 intendit,
490 2071 526 2129 ut
548 2066 573 2130 si
597 2064 711 2148 aliquis
733 2063 815 2129 adsit
830 2065 1024 2129 intrinsecus
1043 2064 1189 2128 delectus
1211 2064 1357 2128 eamdem
1372 2064 1501 2144 vitians,

327 2196 459 2255 sanatus
482 2189 597 2255 eradat
611 2208 669 2255 sua
691 2189 892 2259 auctoritate,
910 2208 973 2273 qua
995 2195 1102 2256 actum
1121 2188 1309 2265 confirmat;
1332 2189 1417 2255 haec
1432 2208 1511 2255 con·

328 2312 467 2393 firmatio
490 2313 608 2379 dicitur
630 2315 663 2377 in
685 2313 801 2396 formu
824 2313 980 2399 specifico
1003 2320 1036 2379 et
1058 2334 1118 2399 per
1141 2315 1227 2379 banc
1249 2334 1305 2379 res
1327 2314 1506 2378 assumitur

328 2438 360 2501 in
385 2438 608 2502 auctoritatem
632 2434 862 2508 confirmantis,
880 2438 924 2501 ita
946 2444 982 2501 ut
1003 2438 1071 2503 eius
1095 2437 1187 2501 valor
1210 2435 1365 2502 iuridicus
1388 2456 1409 2501 a
1432 2456 1509 2501 con·

328 2558 477 2625 firmante
500 2558 649 2625 videatur
672 2558 874 2644 repetendus.
892 2595 936 2609 -
953 2560 1059 2626 Veluti
1084 2559 1231 2627 Summus
1247 2558 1405 2625 Pontifex
1427 2580 1508 2624 con·

327 2683 461 2749 firmans
490 2684 710 2769 privilegium,
740 2682 821 2748 idem
849 2686 895 2747 ita
924 2680 1119 2748 confirmare
1154 2689 1258 2767 potest
1292 2688 1328 2749 ut
1359 2683 1508 2749 intendat

330 2806 413 2872 istud
437 2806 625 2881 concedere,
642 2808 668 2871 si
693 2806 778 2871 forte
793 2806 916 2871 viribus
939 2806 1071 2871 carebat
1094 2813 1149 2872 aut
1173 2807 1236 2871 iam
1257 2806 1436 2887 exciderat,
1453 2805 1508 2871 rel

329 2930 372 2993 ita
389 2926 557 2993 confirmat
572 2932 607 2994 ut
630 2928 797 2994 subaudiat
819 2929 887 2993 eius
904 2928 1056 2992 valorem.
1080 2926 1270 2994 ‹Nolentes
1285 2926 1343 3012 (ait
1360 2927 1506 2992 ⁴blenau·

328 3052 388 3117 der
412 3053 461 3118 lll
483 3054 518 3117 in
541 3072 615 3136 cop.
640 3054 664 3117 4
687 3053 718 3117 b.
737 3058 757 3116 t.
781 3053 827 3138 X)
851 3052 935 3136 quod
958 3073 1001 3117 er
1024 3054 1229 3118 innovatione
1252 3053 1434 3119 huiusmodi
1449 3072 1509 3119 ue

328 3198 411 3245 oum
433 3181 486 3245 ius
509 3180 714 3245 monasterio
737 3180 948 3263 acquiratur,
966 3180 1021 3243 sed
1045 3182 1210 3264 antiquum
1226 3177 1270 3265 (ai
1284 3181 1378 3265 quod
1394 3178 1509 3264 babet)

329 3323 388 3388 per
411 3304 651 3369 innovationem
674 3305 837 3389 privilegii
860 3311 1075 3369 conservetur
1099 3325 1129 3368 ›.

401 3478 440 3549 (l)
459 3478 571 3540 Quando
591 3478 624 3532 ad
644 3478 769 3548 superius
789 3479 920 3544 tribunal,
934 3480 1022 3535 veluti
1041 3479 1075 3533 ad
1093 3481 1201 3535 curiam
1219 3497 1363 3535 romanam
1381 3481 1512 3537 deferun-

330 3589 375 3639 tur
395 3589 458 3637 acta
477 3601 627 3653 processus,
646 3590 675 3638 et
699 3586 856 3640 vel‘omnia
875 3590 938 3640 acta
957 3587 1001 3640 rel
1021 3584 1134 3656 aliquod
1156 3602 1190 3641 er
1210 3586 1254 3639 his
1279 3584 1422 3640 nullitatis
1441 3587 1511 3639 vitio

329 3688 457 3743 laborare
477 3688 620 3757 reperitur,
640 3687 711 3743 solet
735 3689 876 3744 decretum
894 3690 967 3754 dari3
987 3700 1080 3743 aarum
1097 3691 1146 3745 ccl
1163 3700 1230 3745 acto
1244 3690 1440 3745 circumscribi
1461 3692 1511 3741 aut

329 3795 510 3861 cira-umduci,
528 3810 577 3847 seu
602 3793 679 3848 nulla
705 3794 785 3867 reddi
804 3800 854 3849 aut
878 3794 1022 3849 declarari.
1043 3794 1112 3849 Vide
1137 3796 1210 3865 apud
1228 3794 1379 3849 Pallottini
1397 3811 1444 3866 op.
1465 3796 1510 3848 cit.

329 3900 355 3965 2,
375 3899 399 3963 Ι;
418 3886 487 3954 ricta
505 3900 597 3969 quoad
615 3903 908 3971 circurrascriptionem.
929 3902 973 3955 lta
991 3902 1021 3955 in
1040 3903 1206 3955 Posnanien.
1226 3903 1274 3955 dic
1293 3900 1337 3994 19·
1349 3903 1405 3955 iaia
1427 3901 1510 3954 1754

329 4007 470 4076 proposito
488 4006 584 4060 dubio:
604 4023 620 4058 c
642 4011 684 4060 Ao
703 4012 811 4063 constet
829 4008 864 4063 de
882 4010 1018 4064 facultate
1038 4006 1138 4063 Revffii
1157 4008 1290 4077 Episcopi
1313 4005 1512 4061 posnaniensis

330 4130 359 4167 se
379 4112 582 4166 intromittendi
602 4114 629 4165 in
650 4114 837 4181 cognitionem
860 4115 919 4167 litis
938 4115 1113 4170 introductae
1132 4119 1231 4168 contra
1249 4112 1509 4168 Commendatorem

330 4232 347 4269 a
366 4216 430 4285 Cap.
444 4215 523 4267 Ceth.
537 4215 717 4269 Posuanieosi
737 4225 766 4271 et
783 4216 909 4269 Parocho
928 4216 1023 4269 Sancti
1042 4215 1162 4282 loannis
1176 4216 1217 4270 ita
1236 4222 1267 4269 nt
1282 4215 1360 4270 illius
1378 4219 1443 4269 acta
1454 4215 1510 4269 sint

291 4388 292 4393 Ἰ
330 4322 587 4387 circumscribendis,
602 4323 630 4375 in
647 4340 711 4376 casu
725 4322 750 4375 S.
764 4324 864 4393 Cougr.
880 4324 1036 4394 respondit:
1050 4324 1093 4377 Ad
1104 4324 1240 4393 primum:
1254 4324 1321 4378 Non
1340 4341 1401 4379 esse
1417 4324 1509 4378 locum

330 4432 581 4501 circumscriptioni
597 4440 759 4485 actorum».
775 4432 880 4486 Exinde
894 4432 1012 4487 babetur
1024 4437 1152 4487 actorum
1164 4433 1353 4499 confirmatio,
1366 4433 1408 4486 uti
1423 4435 1509 4502 patet.
