3350 5117
520 321 563 369 DE
586 321 724 369 malcus
749 317 1013 370 mecumtnsrlcls
1286 297 1351 368 309

176 445 259 508 baec
283 451 332 510 est
357 445 478 530 regula.
505 445 587 520 Quia
609 467 689 510 vero
712 447 775 510 boc
798 453 925 532 tempus
947 444 1090 531 legitime
1113 445 1264 529 impedito
1287 463 1352 510 nou

176 571 290 642 currit.
316 569 413 636 iudex
444 570 599 636 decernet
621 570 683 636 hoc
713 575 837 655 tompus
861 589 926 634 non
953 568 1085 636 fluxisse
1110 569 1277 636 Ecclesiae
1300 568 1352 632 vel

177 698 293 760 minori
318 697 460 782 legitime
488 697 647 783 impedito.
681 699 746 760 Pro
779 696 927 762 Ecclesia
957 697 1111 762 facillime
1138 695 1201 760 hoc
1230 693 1353 759 admitti

179 827 291 906 potest,
306 825 380 906 quia
396 828 546 890 versatur
561 823 619 888 sub
644 823 744 888 tutela
768 825 924 896 rectoris;
948 821 1134 888 difficillime
1158 842 1216 908 pro
1240 841 1278 886 eo
1301 823 1353 906 qui

179 952 334 1016 maiorem
357 955 494 1016 aetatem
519 953 580 1015 iam
605 971 624 1014 a
648 949 859 1034 quadriennio
882 955 1047 1016 assecutus
1071 957 1134 1024 est;
1159 951 1274 1035 quippe
1298 951 1353 1034 qui

178 1075 344 1140 ordinarie
364 1077 404 1142 ob
428 1078 541 1142 aetatis
570 1074 697 1141 firmum
715 1075 881 1141 consilium
898 1094 962 1139 non
980 1079 1028 1139 est
1045 1094 1159 1160 reapse
1175 1073 1353 1158 impeditus,

269 1200 315 1264 De
339 1201 450 1284 rigore
473 1199 558 1265 iuris
584 1201 669 1264 intra
692 1198 938 1282 quadriennium
968 1196 1101 1264 deberet
1124 1199 1208 1262 actio
1234 1198 1355 1262 institui

178 1333 211 1390 et
234 1323 371 1396 deliniri.
389 1332 497 1392 tamen
513 1325 553 1391 de
576 1325 805 1390 consuetudine
830 1324 951 1388 forensi
976 1323 1040 1389 hoc
1063 1343 1127 1388 uon
1151 1323 1305 1408 procedit,
1325 1330 1356 1387 et

179 1445 297 1512 sufficit
313 1449 400 1512 intra
424 1447 485 1512 hoc
507 1452 633 1532 tempus
650 1448 812 1532 postulare
831 1448 1086 1525 restitutionem
1102 1447 1146 1510 ita
1163 1446 1308 1510 Barbosa
1323 1447 1356 1508 in

181 1571 286 1636 Clam.
310 1572 411 1644 unic,
436 1592 469 1638 n.
494 1571 519 1636 2
542 1577 572 1636 et
596 1569 628 1636 3.

269 1696 344 1760 277.
363 1696 663 1762 d'cctraordiaaria
679 1696 721 1762 de
737 1714 841 1761 causa
867 1696 933 1780 hoq
945 1691 1138 1779 'beneficium
1159 1695 1359 1762 rescissione

179 1787 563 1904 concedituraliquandii
579 1797 675 1887 etiam
700 1822 883 1895 maioribus,
900 1825 964 1905 qui,
981 1822 1088 1905 aliquo
1105 1821 1247 1906 legitimo
1263 1823 1360 1906 impe·

180 1931 320 2010 dimento
344 1945 477 2018 detenti,
492 1941 689 2011 sufficienter
714 1945 746 2010 iu
770 1965 827 2010 sua
851 1947 980 2032 negotia
1005 1946 1191 2010 incumbere
1214 1965 1280 2010 non
1303 1965 1360 2028 po-

180 2073 312 2136 tuerint.
339 2071 496 2134 Nimirum
523 2071 699 2154 legitimum
725 2069 985 2153 impedimentum
1010 2071 1159 2154 provenit
1190 2089 1232 2133 ex
1255 2087 1360 2135 causa
1470 2061 1477 2072 '

181 2197 474 2264 entraordioam‘a.
493 2199 567 2281 quia
583 2199 659 2282 ipsis
674 2203 762 2264 aetas
778 2203 832 2263 aut
856 2197 963 2279 aliqua
977 2216 1042 2261 non
1059 2193 1256 2282 suffragatur
1271 2216 1361 2281 prae-

182 2323 320 2408 sumptio
344 2322 524 2388 ordinario
553 2323 710 2387 naturalis
735 2321 961 2406 impedimenti.
988 2321 1071 2386 Hinc
1100 2324 1125 2385 si
1150 2322 1235 2386 aliud
1261 2342 1361 2387 reme

183 2447 268 2512 diurn
294 2453 443 2532 suppetat
467 2449 693 2514 ordinarium.
708 2453 818 2531 utputa
843 2467 884 2510 ex
909 2446 990 2510 dolo.
1016 2465 1059 2512 ex
1074 2453 1171 2517 metu,
1197 2467 1237 2510 ex
1253 2447 1359 2531 appel-

182 2570 304 2634 latione
328 2570 470 2634 autolio
494 2589 693 2652 quocumque
716 2569 817 2640 titulo,
839 2589 903 2632 non
927 2569 1022 2634 datur
1046 2571 1204 2634 restitutio
1229 2571 1260 2634 in
1285 2571 1361 2633 inte·

183 2711 288 2776 grum.
306 2687 469 2772 Siquidem
493 2689 669 2756 minoribus
693 2690 882 2755 conceditur
899 2687 1088 2754 beneficium
1105 2690 1315 2754 restitutionis
1331 2691 1362 2751 in

183 2817 357 2898 integrum,
371 2813 496 2896 quando
510 2812 630 2880 habent
643 2814 839 2880 ordinarium
853 2813 1040 2885 remedium,
1051 2813 1106 2878 sed
1119 2816 1222 2878 minus
1235 2815 1362 2899 pingue;

185 2934 361 3000 maioribus
385 2955 447 3000 uon
473 2935 664 3002 conceditur
687 2936 983 3004 extraordinarium
1008 2936 1199 3001 habentibus
1226 2936 1359 2999 ordina-

186 3061 269 3123 rium
294 3061 400 3124 minus
424 3061 552 3145 pingue.

277 3182 419 3248 Proinde
444 3184 525 3248 ratio
549 3183 775 3249 eiincedeodae
799 3184 979 3249 huiusmodi
1004 3185 1214 3248 restitutionis
1236 3185 1366 3248 maiori-

188 3307 246 3372 bus
267 3308 427 3391 repetitur
450 3306 621 3391 aliquando
637 3305 677 3371 ab
702 3305 927 3392 impedimento
947 3307 1099 3391 physico,
1116 3308 1215 3372 veluti
1239 3308 1364 3390 quando

186 3432 258 3514 quis
281 3430 322 3496 ob
347 3429 544 3514 reipublicae
565 3429 681 3494 bonum
698 3433 900 3515 peregrinari
920 3430 1027 3495 debuit
1043 3441 1098 3496 aut
1120 3431 1161 3494 ad
1177 3431 1360 3497 evitandum

187 3556 368 3643 periculum
393 3559 505 3622 mortis
529 3557 580 3621 vel
605 3575 701 3620 causa
725 3555 858 3620 alterius
881 3558 991 3640 gravis
1014 3556 1089 3620 mali
1105 3556 1289 3640 aliquandiu
1313 3557 1366 3621 ab

188 3684 258 3748 fuit.
285 3682 468 3767 Aliquando
493 3685 573 3748 ratio
598 3685 717 3769 petitur
730 3683 770 3748 ab
787 3683 1013 3768 impedimento
1036 3683 1170 3763 morati,
1188 3683 1313 3748 scilicet
1335 3685 1368 3746 in

188 3810 338 3892 personis
362 3809 395 3871 iu
420 3809 572 3892 graviora
599 3807 805 3893 Reipublicae
829 3809 959 3891 negotia
982 3810 1155 3892 occupatis,
1168 3807 1220 3870 vel
1244 3809 1276 3871 in
1293 3826 1368 3892 per-

188 3936 277 4001 sonis
300 3934 414 4018 quibus
440 3937 489 3999 ius
521 3937 673 4020 ignorare
697 3937 854 4004 usuvenit,
880 3937 924 3998 uti
956 3939 1031 3998 sunt
1060 3935 1180 4014 rustici,
1205 3935 1369 4000 mulieres.

191 4064 241 4126 lta
265 4061 480 4126 communiter
504 4060 567 4124 Db.
593 4059 632 4124 ad
656 4080 730 4143 cop.
756 4061 788 4140 4,
814 4060 863 4124 De
885 4060 923 4122 in
946 4059 1005 4124 iat.
1029 4065 1108 4125 rest.

282 4185 357 4250 278.
384 4185 449 4248 Pro
474 4184 646 4280 maioribus
661 4157 794 4266 tempus
814 4182 1015 4266 quadriennii
1040 4184 1121 4249 utile
1145 4185 1257 4268 incipit
1273 4204 1293 4248 a
1309 4185 1370 4264 die,

377 4267 494 4293 ‘'fl—e·-

191 4329 255 4394 quo
280 4309 453 4373 laesionem
477 4310 561 4400 passi
585 4309 649 4372 sint
672 4328 732 4371 uec
756 4307 795 4370 ad
820 4306 979 4392 agendum
1003 4306 1267 4391 impediebantur.

282 4433 358 4498 279.
380 4429 444 4498 Sed
460 4437 527 4498 tum
543 4433 685 4496 minores
699 4438 767 4497 tum
783 4434 923 4496 maiores
938 4433 1063 4497 restitui
1079 4433 1112 4496 in
1129 4433 1291 4518 integrum
1308 4453 1372 4496 non
