3350 5117
353 298 420 366 374
878 322 963 370 runs
987 323 1010 369 r.

353 439 396 506 ob
418 445 622 506 contractum
646 443 758 508 initum
775 444 807 509 in
824 445 991 512 territorio
1005 445 1141 510 atterius
1166 444 1288 518 iudicis,
1305 445 1399 510 buius
1420 451 1532 511 aucto-

353 566 443 630 ritati
458 568 591 651 quisque
606 569 803 634 contrahens
819 575 973 636 censetur
985 590 1021 636 se
1036 570 1235 642 submittere,
1253 575 1286 635 et
1301 570 1379 634 binc
1393 572 1419 635 si
1434 590 1535 635 causa

352 692 531 766 exoriatur,
546 695 673 760 ratione
686 699 881 768 contractus,
894 695 1127 760 contrahentes
1137 699 1390 782 praesumuntur
1401 715 1435 758 se
1446 694 1536 759 velle

353 813 400 880 illi
420 813 517 880 iudici
533 795 730 880 submittere.
748 815 882 891 Quando
897 836 978 882 vero
1000 817 1200 882 contrahens
1213 819 1381 884 territorio
1403 816 1533 883 excedit

351 955 417 1001 non
440 935 547 1002 adbuc
567 943 754 1018 conventus,
767 943 846 1003 tunc
861 938 991 1004 videtur
1014 959 1049 1004 se
1068 939 1155 1004 velle
1181 939 1377 1004 subtrahere
1406 959 1536 1024 compe-

351 1061 473 1127 tentiae
498 1059 613 1126 iudicin
637 1060 724 1126 illius
746 1061 820 1127 loci.
846 1099 893 1110 —
919 1063 990 1128 Lex
1017 1065 1104 1129 enim
1132 1061 1303 1129 constituit
1328 1064 1388 1128 tros
1418 1063 1536 1130 faciles

351 1181 462 1249 modos
479 1183 633 1249 sortiendi
651 1185 766 1256 iorum,
783 1183 900 1251 favens
915 1192 1142 1272 praesumptae
1156 1187 1315 1252 voluntati
1334 1187 1534 1254 contraben-

350 1306 441 1371 tium.

442 1432 525 1509 Quia
548 1434 604 1498 tali
631 1433 722 1498 modo
746 1435 859 1500 sortiri
881 1434 988 1500 forum
1013 1433 1173 1520 dependet
1203 1455 1247 1500 ex
1274 1435 1379 1501 libera
1405 1443 1537 1503 contra-

350 1559 497 1626 bentium
521 1560 696 1632 voluntate,
721 1565 818 1646 patet,

443 1685 475 1772 1)
500 1705 555 1750 eos
587 1705 680 1770 posse
708 1686 826 1771 pacisci
857 1705 893 1751 se
920 1687 952 1751 in
983 1686 1057 1752 loco
1088 1691 1275 1752 contractus
1304 1686 1390 1751 velle
1420 1687 1533 1752 sortiri

351 1808 468 1890 forum,
493 1810 589 1874 etiam
613 1807 639 1872 si
664 1809 716 1891 qui
740 1808 909 1872 conveniri
932 1807 1058 1889 debeat,
1075 1807 1150 1872 inde
1175 1807 1372 1884 excaeseriu

439 1930 474 2014 2)
497 1937 670 2018 praeterea
704 1933 731 1996 si
766 1937 876 2017 partes
909 1932 991 1997 nibil
1026 1934 1060 1996 in
1095 1935 1293 1998 contrarium
1325 1935 1531 2007 conveniant.

350 2053 410 2120 lex
433 2057 618 2141 praesumit,
649 2076 704 2120 eos
727 2056 833 2121 forum
860 2056 922 2122 loci
953 2056 1039 2121 velle
1068 2059 1163 2122 etiam
1188 2059 1308 2138 sortiri,
1331 2059 1366 2122 in
1391 2078 1455 2142 quo
1477 2059 1534 2124 de-

350 2176 406 2244 bet
429 2186 614 2246 contractus
641 2181 777 2266 impleri,
810 2200 852 2247 ex
879 2185 900 2248 t.
930 2183 984 2257 21,
1011 2185 1046 2268 ff.
1072 2183 1123 2249 De
1145 2183 1208 2250 obt.
1237 2190 1269 2250 et
1292 2188 1374 2249 oct:
1405 2204 1425 2244 ‹
1444 2180 1529 2249 Gou-

351 2305 499 2371 tractore
537 2306 771 2390 uuusquisque
808 2307 846 2372 iu
884 2326 922 2374 eo
963 2309 1035 2374 loco
1072 2307 1276 2393 iutettipitur
1311 2307 1349 2372 iu
1386 2326 1455 2390 quo
1491 2311 1531 2372 ut

348 2427 491 2494 solveret
522 2446 558 2494 se
589 2427 750 2514 obtipooit
765 2449 796 2493 n.
833 2427 905 2494 Hoc
941 2434 1145 2513 acceptatum
1174 2429 1236 2493 tuit
1263 2431 1360 2494 etiam
1392 2432 1426 2494 in
1456 2429 1531 2495 foro

349 2551 587 2628 ecclesiasticam
624 2565 727 2638 neque
762 2554 983 2619 excludendae
1018 2553 1169 2620 videntur
1206 2574 1324 2620 causae
1362 2558 1527 2622 matrimo-

348 2673 452 2739 niales
475 2673 531 2761 (1).

440 2935 480 3007 (1)
501 2935 584 2992 Certe
602 2937 682 2992 nuile
700 2937 818 3010 babetur
839 2938 933 2992 Const.
951 2955 1023 3008 quae
1043 2937 1198 3007 probibeat,
1216 2938 1335 2993 iudicem
1354 2938 1454 2995 eccles.
1466 2942 1525 2996 fieri

348 3045 553 3112 competentem
574 3043 602 3096 in
622 3041 698 3098 hisce
717 3045 808 3098 causis
827 3046 935 3099 ratione
954 3047 1121 3099 contractus.
1141 3044 1212 3098 Hinc
1228 3045 1306 3114 viget
1318 3046 1361 3098 ius
1373 3062 1522 3101 commune.

347 3145 447 3200 Praxis
466 3151 559 3202 eutem
580 3146 605 3201 S.
628 3147 656 3202 C.
676 3147 714 3213 (t,
734 3149 774 3202 uti
796 3152 870 3202 recte
889 3152 983 3203 monet
1003 3148 1036 3202 cl.
1056 3147 1324 3219 Gasparri,Dcmat.
1339 3168 1367 3204 u.
1382 3150 1465 3216 1169,
1477 3149 1525 3203 ed·

349 3249 460 3304 modum
481 3252 570 3307 defert
590 3253 650 3306 foro
669 3257 829 3306 contractus
848 3253 878 3306 in
896 3251 972 3306 hisce
991 3253 1120 3322 negotiis,
1139 3254 1241 3324 quippe
1260 3271 1404 3323 processus
1421 3256 1522 3309 instru-

348 3358 471 3413 ctionem
490 3365 539 3412 uut
558 3359 791 3426 informationem,
811 3375 861 3428 pro
880 3376 910 3412 re
928 3363 1003 3425 neta,
1031 3360 1104 3415 solet
1130 3362 1304 3416 committere
1322 3379 1371 3417 seu
1395 3361 1525 3431 delegare

350 3461 497 3518 Ordinario
511 3463 574 3530 loci,
588 3465 634 3518 nbi
648 3465 748 3518 initum
762 3464 816 3517 fuit
828 3465 1051 3527 matrimonium
1062 3465 1103 3518 eit
1115 3465 1149 3518 ct.
1164 3467 1307 3518 ductum«
1316 3476 1347 3518 ut
1360 3465 1398 3534 (S.
1413 3465 1524 3535 Congr.)

349 3571 459 3625 scilicet
481 3572 654 3640 implicatum
682 3589 765 3641 saepe
793 3573 931 3626 domicilii
957 3575 1197 3644 iuvestiqotionem
1221 3573 1317 3640 θυήεις
1345 3589 1401 3643 quc
1425 3574 1521 3628 remis·

353 3673 440 3742 sione,
461 3678 513 3729 etsi
530 3675 576 3728 tric
595 3674 751 3745 Episcopus
770 3680 806 3730 de
825 3677 888 3731 iure
908 3688 1066 3748 competens
1083 3694 1140 3732 uon
1159 3689 1237 3745 esset,
1250 3679 1401 3748 suppletur
1413 3679 1523 3732 ciuntu-

347 3782 474 3836 risdictio
489 3799 513 3837 ›>.
539 3782 575 3835 Et
594 3781 646 3834 boc
665 3783 735 3836 scite
755 3783 986 3838 animadvertitur
1003 3785 1037 3836 ad
1051 3784 1208 3839 evitandam
1221 3786 1390 3839 abstractum
1410 3783 1524 3839 difficul-

349 3890 444 3941 tatem.
468 3887 577 3942 Revera
596 3891 738 3959 graviores
757 3889 918 3944 canonistue
936 3893 965 3944 et
990 3889 1188 3944 instructiones
1212 3890 1246 3945 de
1268 3907 1299 3945 re
1323 3890 1521 3944 matrimoniali

346 3992 475 4062 proditae
494 4010 548 4048 non
569 3995 688 4048 innuunt
707 3993 780 4047 hunc
799 3995 910 4048 modum
929 3995 1062 4050 sortiendi
1080 3997 1171 4051 sorum
1190 3997 1218 4049 in
1237 3995 1313 4050 hisce
1331 3997 1431 4050 carmin
1444 4025 1458 4038 ·
1472 3995 1524 4050 Ve-

346 4117 408 4153 rum
427 4100 455 4153 in
478 4100 530 4154 hoc
549 4103 719 4171 propositum
739 4100 869 4172 displicet
888 4104 1027 4158 sententie
1047 4103 1172 4173 Pirbing,
1189 4103 1237 4174 qui
1256 4104 1295 4156 tit.
1314 4102 1356 4156 De
1374 4106 1439 4172 foro
1452 4120 1524 4158 com·

343 4193 405 4276 pet.¹
421 4223 449 4259 u.
469 4206 521 4271 36,
541 4205 582 4258 ait
603 4207 790 4274 peregrinum,
809 4210 916 4260 uoudiu
934 4217 1112 4260 moraturum
1130 4209 1160 4261 in
1180 4208 1240 4262 ioco
1258 4209 1287 4259 iu
1305 4221 1359 4277 quo
1378 4210 1522 4274 contrabit,

345 4329 401 4368 non
422 4314 515 4368 sortiri
536 4315 627 4368 sorum
647 4315 756 4369 rationo
775 4319 943 4368 contractus.
953 4344 968 4356 ·
979 4315 1048 4368 Nem
1062 4321 1158 4370 contra
1171 4324 1221 4383 est,
1233 4318 1324 4371 forum
1337 4317 1447 4371 ratione
1459 4332 1522 4370 con·

343 4421 452 4473 tractus
478 4419 571 4473 sortiri
593 4420 793 4489 perepriuum,
820 4418 967 4472 dummodo
993 4419 1126 4475 citatione
1145 4421 1350 4491 praeveniatur,
1371 4425 1520 4492 antequem
