<?xml version="1.0" encoding="UTF-8"?>
<!DOCTYPE html PUBLIC "-//W3C//DTD XHTML 1.0 Transitional//EN"
    "http://www.w3.org/TR/xhtml1/DTD/xhtml1-transitional.dtd">
<html xmlns="http://www.w3.org/1999/xhtml" xml:lang="en" lang="en">
 <head>
  <title>
</title>
<meta http-equiv="Content-Type" content="text/html;charset=utf-8" />
  <meta name='ocr-system' content='tesseract 3.04.00' />
  <meta name='ocr-capabilities' content='ocr_page ocr_carea ocr_par ocr_line ocrx_word'/>
</head>
<body>
  <div class='ocr_page' id='page_1' title='image "./praelectionesin01legagoog_0360.png"; bbox 0 0 3350 5117; ppageno 0'>
   <div class='ocr_carea' id='block_1_1' title="bbox 334 276 1004 348">
    <p class='ocr_par' dir='ltr' id='par_1_1' title="bbox 334 276 1004 348">
     <span class='ocr_line' id='line_1_1' title="bbox 334 276 1004 348; baseline 0.007 -7"><span class='ocrx_word' id='word_1_1' title='bbox 334 276 401 344; x_wconf 88' lang='grc'>358</span> <span class='ocrx_word' id='word_1_2' title='bbox 873 301 959 348; x_wconf 78' lang='lat' dir='ltr'>rans</span> <span class='ocrx_word' id='word_1_3' title='bbox 982 300 1004 348; x_wconf 91' lang='lat'>1.</span> 
     </span>
    </p>
   </div>
   <div class='ocr_carea' id='block_1_2' title="bbox 332 419 1520 2502">
    <p class='ocr_par' dir='ltr' id='par_1_2' title="bbox 332 419 1520 2235">
     <span class='ocr_line' id='line_1_2' title="bbox 340 419 1515 511; baseline 0.003 -25"><span class='ocrx_word' id='word_1_4' title='bbox 340 419 440 487; x_wconf 88' lang='lat' dir='ltr'>habet</span> <span class='ocrx_word' id='word_1_5' title='bbox 463 425 495 487; x_wconf 88' lang='lat' dir='ltr'>et</span> <span class='ocrx_word' id='word_1_6' title='bbox 519 423 737 498; x_wconf 92' lang='lat' dir='ltr'>intentionem,</span> <span class='ocrx_word' id='word_1_7' title='bbox 752 425 869 511; x_wconf 88' lang='lat' dir='ltr'>quippe</span> <span class='ocrx_word' id='word_1_8' title='bbox 893 425 976 510; x_wconf 91' lang='lat' dir='ltr'>quod</span> <span class='ocrx_word' id='word_1_9' title='bbox 1000 427 1045 491; x_wconf 89' lang='lat' dir='ltr'>ita</span> <span class='ocrx_word' id='word_1_10' title='bbox 1066 432 1116 492; x_wconf 90' lang='lat' dir='ltr'>est</span> <span class='ocrx_word' id='word_1_11' title='bbox 1138 432 1388 493; x_wconf 90' lang='lat' dir='ltr'>consentaneum</span> <span class='ocrx_word' id='word_1_12' title='bbox 1411 426 1515 492; x_wconf 88' lang='lat' dir='ltr'>ordini</span> 
     </span>
     <span class='ocr_line' id='line_1_3' title="bbox 340 547 1520 630; baseline 0.003 -18"><span class='ocrx_word' id='word_1_13' title='bbox 340 547 546 630; x_wconf 87' lang='lat' dir='ltr'>clericorum,</span> <span class='ocrx_word' id='word_1_14' title='bbox 571 567 613 613; x_wconf 82' lang='lat' dir='ltr'>ex</span> <span class='ocrx_word' id='word_1_15' title='bbox 635 549 746 616; x_wconf 83' lang='lat' dir='ltr'>divina</span> <span class='ocrx_word' id='word_1_16' title='bbox 775 548 977 618; x_wconf 87' lang='lat' dir='ltr'>ordinatione</span> <span class='ocrx_word' id='word_1_17' title='bbox 988 554 1074 618; x_wconf 85' lang='lat' dir='ltr'>statu</span> <span class='ocrx_word' id='word_1_18' title='bbox 1097 551 1204 616; x_wconf 87' lang='lat' dir='ltr'>laicali</span> <span class='ocrx_word' id='word_1_19' title='bbox 1227 551 1461 626; x_wconf 81' lang='lat' dir='ltr'>excellentiori,</span> <span class='ocrx_word' id='word_1_20' title='bbox 1480 557 1520 617; x_wconf 87' lang='lat' dir='ltr'>ut</span> 
     </span>
     <span class='ocr_line' id='line_1_4' title="bbox 343 671 1515 761; baseline 0.004 -26"><span class='ocrx_word' id='word_1_21' title='bbox 343 671 398 736; x_wconf 93' lang='lat' dir='ltr'>ille</span> <span class='ocrx_word' id='word_1_22' title='bbox 421 671 670 739; x_wconf 86' lang='lat' dir='ltr'>deordinaretur</span> <span class='ocrx_word' id='word_1_23' title='bbox 691 679 723 740; x_wconf 90' lang='lat' dir='ltr'>et</span> <span class='ocrx_word' id='word_1_24' title='bbox 746 675 837 758; x_wconf 87' lang='lat' dir='ltr'><strong>quasi</strong></span> <span class='ocrx_word' id='word_1_25' title='bbox 860 695 880 740; x_wconf 92' lang='lat' dir='ltr'>e</span> <span class='ocrx_word' id='word_1_26' title='bbox 902 694 960 740; x_wconf 94' lang='lat' dir='ltr'>suo</span> <span class='ocrx_word' id='word_1_27' title='bbox 983 672 1087 761; x_wconf 82' lang='lat' dir='ltr'>gradu</span> <span class='ocrx_word' id='word_1_28' title='bbox 1110 674 1303 750; x_wconf 82' lang='lat' dir='ltr'>deiceretur,</span> <span class='ocrx_word' id='word_1_29' title='bbox 1324 678 1351 740; x_wconf 93' lang='lat' dir='ltr'>si</span> <span class='ocrx_word' id='word_1_30' title='bbox 1374 675 1450 742; x_wconf 88' lang='lat' dir='ltr'>laici</span> <span class='ocrx_word' id='word_1_31' title='bbox 1471 677 1515 740; x_wconf 94' lang='lat' dir='ltr'>iu·</span> 
     </span>
     <span class='ocr_line' id='line_1_5' title="bbox 337 794 1517 883; baseline 0.003 -25"><span class='ocrx_word' id='word_1_32' title='bbox 337 794 425 859; x_wconf 89' lang='lat' dir='ltr'>dices</span> <span class='ocrx_word' id='word_1_33' title='bbox 449 794 490 860; x_wconf 93' lang='lat' dir='ltr'>de</span> <span class='ocrx_word' id='word_1_34' title='bbox 505 794 617 860; x_wconf 90' lang='lat' dir='ltr'>eodem</span> <span class='ocrx_word' id='word_1_35' title='bbox 634 794 778 862; x_wconf 88' lang='lat' dir='ltr'>iudicare</span> <span class='ocrx_word' id='word_1_36' title='bbox 800 797 960 863; x_wconf 86' lang='lat' dir='ltr'>valerent</span> <span class='ocrx_word' id='word_1_37' title='bbox 978 797 1050 863; x_wconf 86' lang='lat' dir='ltr'>Hoc</span> <span class='ocrx_word' id='word_1_38' title='bbox 1065 795 1124 862; x_wconf 88' lang='lat' dir='ltr'>sub</span> <span class='ocrx_word' id='word_1_39' title='bbox 1146 801 1297 883; x_wconf 85' lang='lat' dir='ltr'>respectu</span> <span class='ocrx_word' id='word_1_40' title='bbox 1312 797 1400 863; x_wconf 85' lang='lat' dir='ltr'>Trid.</span> <span class='ocrx_word' id='word_1_41' title='bbox 1418 799 1517 864; x_wconf 82' lang='lat' dir='ltr'>(lonc.</span> 
     </span>
     <span class='ocr_line' id='line_1_6' title="bbox 334 918 1515 1008; baseline 0.005 -22"><span class='ocrx_word' id='word_1_42' title='bbox 334 922 357 986; x_wconf 90' lang='lat' dir='ltr'>l.</span> <span class='ocrx_word' id='word_1_43' title='bbox 374 940 402 986; x_wconf 89' lang='lat' dir='ltr'>c.</span> <span class='ocrx_word' id='word_1_44' title='bbox 428 918 617 1004; x_wconf 86' lang='lat' dir='ltr'>declaravit,</span> <span class='ocrx_word' id='word_1_45' title='bbox 642 941 708 987; x_wconf 92' lang='lat' dir='ltr'>non</span> <span class='ocrx_word' id='word_1_46' title='bbox 730 923 808 988; x_wconf 84' lang='lat' dir='ltr'>iure</span> <span class='ocrx_word' id='word_1_47' title='bbox 830 921 946 989; x_wconf 77' lang='lat' dir='ltr'>divino</span> <span class='ocrx_word' id='word_1_48' title='bbox 970 922 1188 988; x_wconf 91' lang='lat' dir='ltr'>introductum</span> <span class='ocrx_word' id='word_1_49' title='bbox 1215 922 1279 988; x_wconf 84' lang='lat' dir='ltr'>lori</span> <span class='ocrx_word' id='word_1_50' title='bbox 1301 921 1515 1008; x_wconf 79' lang='lat' dir='ltr'>privilegium,</span> 
     </span>
     <span class='ocr_line' id='line_1_7' title="bbox 336 1046 1519 1136; baseline 0.001 -24"><span class='ocrx_word' id='word_1_51' title='bbox 336 1047 392 1112; x_wconf 90' lang='lat' dir='ltr'>sed</span> <span class='ocrx_word' id='word_1_52' title='bbox 417 1046 527 1114; x_wconf 84' lang='lat' dir='ltr'>diviua</span> <span class='ocrx_word' id='word_1_53' title='bbox 549 1049 765 1117; x_wconf 84' lang='lat' dir='ltr'>ordinatione</span> <span class='ocrx_word' id='word_1_54' title='bbox 789 1054 822 1115; x_wconf 92' lang='lat' dir='ltr'>et</span> <span class='ocrx_word' id='word_1_55' title='bbox 845 1049 1019 1118; x_wconf 83' lang='lat' dir='ltr'>canonicis</span> <span class='ocrx_word' id='word_1_56' title='bbox 1048 1050 1288 1118; x_wconf 82' lang='lat' dir='ltr'>sanctionibus.</span> <span class='ocrx_word' id='word_1_57' title='bbox 1312 1050 1519 1136; x_wconf 81' lang='lat' dir='ltr'>Quapropter</span> 
     </span>
     <span class='ocr_line' id='line_1_8' title="bbox 338 1170 1519 1263; baseline 0.003 -27"><span class='ocrx_word' id='word_1_58' title='bbox 338 1171 370 1236; x_wconf 90' lang='lat' dir='ltr'>S.</span> <span class='ocrx_word' id='word_1_59' title='bbox 397 1170 556 1249; x_wconf 86' lang='lat' dir='ltr'>Pontifici,</span> <span class='ocrx_word' id='word_1_60' title='bbox 570 1175 623 1259; x_wconf 93' lang='lat' dir='ltr'>qui</span> <span class='ocrx_word' id='word_1_61' title='bbox 647 1193 667 1238; x_wconf 87' lang='lat' dir='ltr'>a</span> <span class='ocrx_word' id='word_1_62' title='bbox 690 1173 818 1242; x_wconf 87' lang='lat' dir='ltr'>Christo</span> <span class='ocrx_word' id='word_1_63' title='bbox 835 1176 970 1242; x_wconf 90' lang='lat' dir='ltr'>Domino</span> <span class='ocrx_word' id='word_1_64' title='bbox 993 1180 1183 1262; x_wconf 88' lang='lat' dir='ltr'>potestatem</span> <span class='ocrx_word' id='word_1_65' title='bbox 1206 1177 1333 1263; x_wconf 87' lang='lat' dir='ltr'>accepit</span> <span class='ocrx_word' id='word_1_66' title='bbox 1354 1178 1386 1240; x_wconf 93' lang='lat' dir='ltr'>in</span> <span class='ocrx_word' id='word_1_67' title='bbox 1409 1174 1519 1240; x_wconf 86' lang='lat' dir='ltr'>aedili·</span> 
     </span>
     <span class='ocr_line' id='line_1_9' title="bbox 335 1295 1517 1384; baseline 0.002 -25"><span class='ocrx_word' id='word_1_68' title='bbox 335 1296 506 1370; x_wconf 81' lang='lat' dir='ltr'>sationem,</span> <span class='ocrx_word' id='word_1_69' title='bbox 521 1315 586 1360; x_wconf 92' lang='lat' dir='ltr'>non</span> <span class='ocrx_word' id='word_1_70' title='bbox 602 1298 635 1361; x_wconf 93' lang='lat' dir='ltr'>in</span> <span class='ocrx_word' id='word_1_71' title='bbox 659 1295 921 1380; x_wconf 79' lang='lat' dir='ltr'>destructionem,</span> <span class='ocrx_word' id='word_1_72' title='bbox 934 1298 1116 1364; x_wconf 90' lang='lat' dir='ltr'>huiusmodi</span> <span class='ocrx_word' id='word_1_73' title='bbox 1131 1298 1336 1384; x_wconf 83' lang='lat' dir='ltr'>privilegium</span> <span class='ocrx_word' id='word_1_74' title='bbox 1358 1297 1517 1362; x_wconf 91' lang='lat' dir='ltr'>nonlicet</span> 
     </span>
     <span class='ocr_line' id='line_1_10' title="bbox 339 1419 1518 1506; baseline 0 -22"><span class='ocrx_word' id='word_1_75' title='bbox 339 1419 443 1503; x_wconf 92' lang='lat' dir='ltr'>quoad</span> <span class='ocrx_word' id='word_1_76' title='bbox 467 1439 579 1486; x_wconf 89' lang='lat' dir='ltr'>omnes</span> <span class='ocrx_word' id='word_1_77' title='bbox 602 1421 740 1487; x_wconf 90' lang='lat' dir='ltr'>clericos</span> <span class='ocrx_word' id='word_1_78' title='bbox 763 1442 938 1506; x_wconf 89' lang='lat' dir='ltr'>omnesque</span> <span class='ocrx_word' id='word_1_79' title='bbox 960 1442 1073 1488; x_wconf 92' lang='lat' dir='ltr'>eorum</span> <span class='ocrx_word' id='word_1_80' title='bbox 1096 1442 1211 1487; x_wconf 82' lang='lat' dir='ltr'>causas</span> <span class='ocrx_word' id='word_1_81' title='bbox 1233 1419 1518 1486; x_wconf 80' lang='lat' dir='ltr'>auferrellerum</span> 
     </span>
     <span class='ocr_line' id='line_1_11' title="bbox 340 1544 1519 1632; baseline -0.004 -20"><span class='ocrx_word' id='word_1_82' title='bbox 340 1546 544 1632; x_wconf 84' lang='lat' dir='ltr'>privilegium</span> <span class='ocrx_word' id='word_1_83' title='bbox 567 1547 631 1613; x_wconf 91' lang='lat' dir='ltr'>hoc</span> <span class='ocrx_word' id='word_1_84' title='bbox 650 1567 723 1612; x_wconf 92' lang='lat' dir='ltr'>cum</span> <span class='ocrx_word' id='word_1_85' title='bbox 746 1549 779 1612; x_wconf 93' lang='lat' dir='ltr'>in</span> <span class='ocrx_word' id='word_1_86' title='bbox 804 1567 863 1612; x_wconf 89' lang='lat' dir='ltr'>sua</span> <span class='ocrx_word' id='word_1_87' title='bbox 885 1547 1154 1613; x_wconf 78' lang='lat' dir='ltr'>determinatione</span> <span class='ocrx_word' id='word_1_88' title='bbox 1168 1546 1307 1632; x_wconf 86' lang='lat' dir='ltr'>pendeat</span> <span class='ocrx_word' id='word_1_89' title='bbox 1328 1564 1349 1610; x_wconf 84' lang='lat' dir='ltr'>a</span> <span class='ocrx_word' id='word_1_90' title='bbox 1370 1546 1443 1610; x_wconf 92' lang='lat' dir='ltr'>iure</span> <span class='ocrx_word' id='word_1_91' title='bbox 1457 1544 1519 1608; x_wconf 88' lang='lat' dir='ltr'>bu·</span> 
     </span>
     <span class='ocr_line' id='line_1_12' title="bbox 338 1668 1518 1762; baseline -0.004 -27"><span class='ocrx_word' id='word_1_92' title='bbox 338 1690 445 1754; x_wconf 88' lang='lat' dir='ltr'>mano,</span> <span class='ocrx_word' id='word_1_93' title='bbox 465 1673 632 1737; x_wconf 89' lang='lat' dir='ltr'>Romanus</span> <span class='ocrx_word' id='word_1_94' title='bbox 657 1671 810 1737; x_wconf 81' lang='lat' dir='ltr'>Pontifex</span> <span class='ocrx_word' id='word_1_95' title='bbox 826 1671 914 1737; x_wconf 83' lang='lat' dir='ltr'>valet</span> <span class='ocrx_word' id='word_1_96' title='bbox 936 1671 1015 1762; x_wconf 87' lang='lat' dir='ltr'>illud</span> <span class='ocrx_word' id='word_1_97' title='bbox 1030 1671 1083 1736; x_wconf 87' lang='lat' dir='ltr'>vel</span> <span class='ocrx_word' id='word_1_98' title='bbox 1105 1668 1259 1736; x_wconf 90' lang='lat' dir='ltr'>cohibere</span> <span class='ocrx_word' id='word_1_99' title='bbox 1281 1668 1333 1734; x_wconf 85' lang='lat' dir='ltr'>vel</span> <span class='ocrx_word' id='word_1_100' title='bbox 1349 1669 1446 1734; x_wconf 89' lang='lat' dir='ltr'>ettam</span> <span class='ocrx_word' id='word_1_101' title='bbox 1461 1687 1518 1731; x_wconf 90' lang='lat' dir='ltr'>au-</span> 
     </span>
     <span class='ocr_line' id='line_1_13' title="bbox 336 1795 1515 1883; baseline -0.003 -21"><span class='ocrx_word' id='word_1_102' title='bbox 336 1797 428 1862; x_wconf 89' lang='lat' dir='ltr'>ferre</span> <span class='ocrx_word' id='word_1_103' title='bbox 452 1796 492 1862; x_wconf 94' lang='lat' dir='ltr'>ob</span> <span class='ocrx_word' id='word_1_104' title='bbox 515 1799 698 1882; x_wconf 86' lang='lat' dir='ltr'>peculiares</span> <span class='ocrx_word' id='word_1_105' title='bbox 720 1803 865 1865; x_wconf 86' lang='lat' dir='ltr'>locorum</span> <span class='ocrx_word' id='word_1_106' title='bbox 890 1803 923 1863; x_wconf 90' lang='lat' dir='ltr'>et</span> <span class='ocrx_word' id='word_1_107' title='bbox 941 1803 1121 1883; x_wconf 88' lang='lat' dir='ltr'>temporum</span> <span class='ocrx_word' id='word_1_108' title='bbox 1144 1797 1296 1870; x_wconf 87' lang='lat' dir='ltr'>rationes,</span> <span class='ocrx_word' id='word_1_109' title='bbox 1314 1797 1359 1861; x_wconf 92' lang='lat' dir='ltr'>uti</span> <span class='ocrx_word' id='word_1_110' title='bbox 1381 1795 1515 1881; x_wconf 88' lang='lat' dir='ltr'>praesti·</span> 
     </span>
     <span class='ocr_line' id='line_1_14' title="bbox 334 1913 1516 2005; baseline -0.005 -21"><span class='ocrx_word' id='word_1_111' title='bbox 334 1923 447 1984; x_wconf 89' lang='lat' dir='ltr'>terunt</span> <span class='ocrx_word' id='word_1_112' title='bbox 471 1919 576 1985; x_wconf 78' lang='lat' dir='ltr'>Bonis.</span> <span class='ocrx_word' id='word_1_113' title='bbox 602 1921 698 2002; x_wconf 94' lang='lat' dir='ltr'>Vlll,</span> <span class='ocrx_word' id='word_1_114' title='bbox 723 1921 820 1988; x_wconf 88' lang='lat' dir='ltr'>Conc.</span> <span class='ocrx_word' id='word_1_115' title='bbox 837 1920 938 1995; x_wconf 89' lang='lat' dir='ltr'>Trid.;</span> <span class='ocrx_word' id='word_1_116' title='bbox 962 1938 1112 1985; x_wconf 92' lang='lat' dir='ltr'>necnon</span> <span class='ocrx_word' id='word_1_117' title='bbox 1135 1918 1226 2005; x_wconf 87' lang='lat' dir='ltr'>leges</span> <span class='ocrx_word' id='word_1_118' title='bbox 1248 1937 1269 1982; x_wconf 91' lang='lat' dir='ltr'>a</span> <span class='ocrx_word' id='word_1_119' title='bbox 1291 1917 1409 1984; x_wconf 87' lang='lat' dir='ltr'>Sancta</span> <span class='ocrx_word' id='word_1_120' title='bbox 1431 1913 1516 1982; x_wconf 89' lang='lat' dir='ltr'>Sede</span> 
     </span>
     <span class='ocr_line' id='line_1_15' title="bbox 344 2041 1519 2131; baseline -0.002 -24"><span class='ocrx_word' id='word_1_121' title='bbox 344 2062 416 2107; x_wconf 91' lang='lat' dir='ltr'>cum</span> <span class='ocrx_word' id='word_1_122' title='bbox 442 2045 608 2109; x_wconf 86' lang='lat' dir='ltr'>nonnullis</span> <span class='ocrx_word' id='word_1_123' title='bbox 630 2047 749 2131; x_wconf 84' lang='lat' dir='ltr'>regnis,</span> <span class='ocrx_word' id='word_1_124' title='bbox 777 2045 837 2110; x_wconf 89' lang='lat' dir='ltr'>sub</span> <span class='ocrx_word' id='word_1_125' title='bbox 868 2044 959 2109; x_wconf 87' lang='lat' dir='ltr'>hisce</span> <span class='ocrx_word' id='word_1_126' title='bbox 989 2042 1194 2130; x_wconf 88' lang='lat' dir='ltr'>temporibus,</span> <span class='ocrx_word' id='word_1_127' title='bbox 1217 2042 1281 2106; x_wconf 89' lang='lat' dir='ltr'>bac</span> <span class='ocrx_word' id='word_1_128' title='bbox 1308 2041 1350 2107; x_wconf 87' lang='lat' dir='ltr'>de</span> <span class='ocrx_word' id='word_1_129' title='bbox 1372 2060 1411 2106; x_wconf 90' lang='lat' dir='ltr'>re</span> <span class='ocrx_word' id='word_1_130' title='bbox 1441 2059 1519 2106; x_wconf 90' lang='lat' dir='ltr'>con·</span> 
     </span>
     <span class='ocr_line' id='line_1_16' title="bbox 332 2167 497 2235; baseline 0 -3"><span class='ocrx_word' id='word_1_131' title='bbox 332 2167 497 2235; x_wconf 86' lang='lat' dir='ltr'>cordatos.</span> 
     </span>
    </p>

    <p class='ocr_par' dir='ltr' id='par_1_3' title="bbox 335 2290 1517 2502">
     <span class='ocr_line' id='line_1_17' title="bbox 423 2290 1517 2377; baseline -0.002 -21"><span class='ocrx_word' id='word_1_132' title='bbox 423 2291 500 2358; x_wconf 82' lang='lat'>328.</span> <span class='ocrx_word' id='word_1_133' title='bbox 527 2293 620 2357; x_wconf 85' lang='lat' dir='ltr'>Nunc</span> <span class='ocrx_word' id='word_1_134' title='bbox 642 2291 807 2357; x_wconf 88' lang='lat' dir='ltr'>videamus</span> <span class='ocrx_word' id='word_1_135' title='bbox 823 2291 982 2377; x_wconf 86' lang='lat' dir='ltr'>quomodo</span> <span class='ocrx_word' id='word_1_136' title='bbox 1005 2291 1178 2358; x_wconf 86' lang='lat' dir='ltr'>cononicis</span> <span class='ocrx_word' id='word_1_137' title='bbox 1198 2290 1429 2357; x_wconf 77' lang='lat' dir='ltr'>sanctionibus</span> <span class='ocrx_word' id='word_1_138' title='bbox 1451 2290 1517 2355; x_wconf 91' lang='lat' dir='ltr'>hoc</span> 
     </span>
     <span class='ocr_line' id='line_1_18' title="bbox 335 2415 894 2502; baseline 0.002 -22"><span class='ocrx_word' id='word_1_139' title='bbox 335 2416 541 2502; x_wconf 79' lang='lat' dir='ltr'>privilegium</span> <span class='ocrx_word' id='word_1_140' title='bbox 565 2415 813 2482; x_wconf 86' lang='lat' dir='ltr'>determinatum</span> <span class='ocrx_word' id='word_1_141' title='bbox 836 2418 894 2483; x_wconf 90' lang='lat' dir='ltr'>sit:</span> 
     </span>
    </p>
   </div>
   <div class='ocr_carea' id='block_1_3' title="bbox 331 2537 1518 2752">
    <p class='ocr_par' dir='ltr' id='par_1_4' title="bbox 331 2537 1518 2752">
     <span class='ocr_line' id='line_1_19' title="bbox 426 2537 1518 2629; baseline -0.005 -21"><span class='ocrx_word' id='word_1_142' title='bbox 426 2543 459 2629; x_wconf 82' lang='lat' dir='ltr'>l)</span> <span class='ocrx_word' id='word_1_143' title='bbox 484 2543 647 2627; x_wconf 83' lang='lat' dir='ltr'>Competit</span> <span class='ocrx_word' id='word_1_144' title='bbox 676 2541 806 2608; x_wconf 75' lang='lat' dir='ltr'>clericis</span> <span class='ocrx_word' id='word_1_145' title='bbox 833 2561 877 2606; x_wconf 85' lang='lat' dir='ltr'>ex</span> <span class='ocrx_word' id='word_1_146' title='bbox 907 2562 935 2608; x_wconf 90' lang='lat' dir='ltr'>c.</span> <span class='ocrx_word' id='word_1_147' title='bbox 964 2559 1003 2616; x_wconf 89' lang='lat' dir='ltr'>c.,</span> <span class='ocrx_word' id='word_1_148' title='bbox 1026 2541 1078 2607; x_wconf 88' lang='lat' dir='ltr'>Dc</span> <span class='ocrx_word' id='word_1_149' title='bbox 1099 2539 1176 2622; x_wconf 75' lang='lat' dir='ltr'>soro</span> <span class='ocrx_word' id='word_1_150' title='bbox 1200 2559 1320 2623; x_wconf 80' lang='lat' dir='ltr'>coinp,</span> <span class='ocrx_word' id='word_1_151' title='bbox 1343 2539 1379 2605; x_wconf 86' lang='lat' dir='ltr'>X</span> <span class='ocrx_word' id='word_1_152' title='bbox 1398 2537 1455 2624; x_wconf 90' lang='lat' dir='ltr'>(ll,</span> <span class='ocrx_word' id='word_1_153' title='bbox 1478 2537 1518 2620; x_wconf 70' lang='lat'>2)</span> 
     </span>
     <span class='ocr_line' id='line_1_20' title="bbox 331 2665 1516 2752; baseline -0.002 -20"><span class='ocrx_word' id='word_1_154' title='bbox 331 2671 365 2734; x_wconf 86' lang='lat' dir='ltr'>et</span> <span class='ocrx_word' id='word_1_155' title='bbox 386 2668 412 2733; x_wconf 83' lang='lat'><strong><em>2</em></strong></span> <span class='ocrx_word' id='word_1_156' title='bbox 446 2667 477 2732; x_wconf 88' lang='lat' dir='ltr'>b.</span> <span class='ocrx_word' id='word_1_157' title='bbox 503 2671 524 2733; x_wconf 81' lang='lat' dir='ltr'>t.</span> <span class='ocrx_word' id='word_1_158' title='bbox 549 2667 586 2732; x_wconf 86' lang='lat' dir='ltr'>in</span> <span class='ocrx_word' id='word_1_159' title='bbox 610 2667 632 2732; x_wconf 84' lang='lat'>6</span> <span class='ocrx_word' id='word_1_160' title='bbox 657 2665 712 2752; x_wconf 89' lang='lat' dir='ltr'>(ll,</span> <span class='ocrx_word' id='word_1_161' title='bbox 729 2666 772 2752; x_wconf 86' lang='lat'>2).</span> <span class='ocrx_word' id='word_1_162' title='bbox 798 2668 916 2734; x_wconf 84' lang='lat' dir='ltr'>Clerici</span> <span class='ocrx_word' id='word_1_163' title='bbox 939 2687 1019 2733; x_wconf 79' lang='lat' dir='ltr'>vero</span> <span class='ocrx_word' id='word_1_164' title='bbox 1041 2668 1097 2733; x_wconf 92' lang='lat' dir='ltr'>alii</span> <span class='ocrx_word' id='word_1_165' title='bbox 1119 2672 1194 2732; x_wconf 91' lang='lat' dir='ltr'>sunt</span> <span class='ocrx_word' id='word_1_166' title='bbox 1207 2667 1367 2747; x_wconf 84' lang='lat' dir='ltr'>maiores,</span> <span class='ocrx_word' id='word_1_167' title='bbox 1383 2667 1438 2732; x_wconf 88' lang='lat' dir='ltr'>alii</span> <span class='ocrx_word' id='word_1_168' title='bbox 1454 2668 1516 2731; x_wconf 87' lang='lat' dir='ltr'>mi·</span> 
     </span>
    </p>
   </div>
   <div class='ocr_carea' id='block_1_4' title="bbox 329 2811 441 2860">
    <p class='ocr_par' dir='ltr' id='par_1_5' title="bbox 329 2811 441 2860">
     <span class='ocr_line' id='line_1_21' title="bbox 329 2811 441 2860; baseline -0.027 1"><span class='ocrx_word' id='word_1_169' title='bbox 329 2811 441 2860; x_wconf 67' lang='lat' dir='ltr'>nores.</span> 
     </span>
    </p>
   </div>
   <div class='ocr_carea' id='block_1_5' title="bbox 342 2915 1648 3128">
    <p class='ocr_par' dir='ltr' id='par_1_6' title="bbox 342 2915 1648 3128">
     <span class='ocr_line' id='line_1_22' title="bbox 427 2915 1648 3002; baseline -0.007 -19"><span class='ocrx_word' id='word_1_170' title='bbox 427 2917 677 3000; x_wconf 73' lang='lat' dir='ltr'>atrocioribus</span> <span class='ocrx_word' id='word_1_171' title='bbox 700 2937 800 3001; x_wconf 91' lang='lat' dir='ltr'>usque</span> <span class='ocrx_word' id='word_1_172' title='bbox 824 2918 984 3002; x_wconf 89' lang='lat' dir='ltr'>competit,</span> <span class='ocrx_word' id='word_1_173' title='bbox 998 2915 1166 2982; x_wconf 92' lang='lat' dir='ltr'>dummodo</span> <span class='ocrx_word' id='word_1_174' title='bbox 1189 2918 1222 2980; x_wconf 94' lang='lat' dir='ltr'>in</span> <span class='ocrx_word' id='word_1_175' title='bbox 1245 2917 1382 2981; x_wconf 88' lang='lat' dir='ltr'>crimine</span> <span class='ocrx_word' id='word_1_176' title='bbox 1401 2933 1514 2999; x_wconf 85' lang='lat' dir='ltr'>perse·</span> <span class='ocrx_word' id='word_1_177' title='bbox 1647 2928 1648 2975; x_wconf 68' lang='lat'>3</span> 
     </span>
     <span class='ocr_line' id='line_1_23' title="bbox 342 3041 1648 3128; baseline -0.004 -18"><span class='ocrx_word' id='word_1_178' title='bbox 342 3049 495 3110; x_wconf 86' lang='lat' dir='ltr'>verantes</span> <span class='ocrx_word' id='word_1_179' title='bbox 525 3063 591 3108; x_wconf 91' lang='lat' dir='ltr'>non</span> <span class='ocrx_word' id='word_1_180' title='bbox 626 3063 661 3108; x_wconf 87' lang='lat' dir='ltr'>se</span> <span class='ocrx_word' id='word_1_181' title='bbox 695 3043 895 3109; x_wconf 87' lang='lat' dir='ltr'>ostenderint</span> <span class='ocrx_word' id='word_1_182' title='bbox 925 3042 1172 3128; x_wconf 80' lang='lat' dir='ltr'>incorrigibiles,</span> <span class='ocrx_word' id='word_1_183' title='bbox 1202 3041 1283 3108; x_wconf 91' lang='lat' dir='ltr'>adeo</span> <span class='ocrx_word' id='word_1_184' title='bbox 1312 3046 1357 3114; x_wconf 78' lang='lat' dir='ltr'>ut</span> <span class='ocrx_word' id='word_1_185' title='bbox 1379 3041 1513 3127; x_wconf 89' lang='lat' dir='ltr'>depositi</span> <span class='ocrx_word' id='word_1_186' title='bbox 1647 3092 1648 3123; x_wconf 78' lang='lat'>,</span> 
     </span>
    </p>
   </div>
   <div class='ocr_carea' id='block_1_6' title="bbox 334 3144 1649 3252">
    <p class='ocr_par' dir='ltr' id='par_1_7' title="bbox 334 3144 1649 3252">
     <span class='ocr_line' id='line_1_24' title="bbox 334 3144 1649 3252; baseline -0.003 -21"><span class='ocrx_word' id='word_1_187' title='bbox 334 3186 374 3231; x_wconf 90' lang='lat' dir='ltr'>ac</span> <span class='ocrx_word' id='word_1_188' title='bbox 397 3165 573 3252; x_wconf 84' lang='lat' dir='ltr'>degradati,</span> <span class='ocrx_word' id='word_1_189' title='bbox 598 3164 708 3230; x_wconf 89' lang='lat' dir='ltr'>traditi</span> <span class='ocrx_word' id='word_1_190' title='bbox 728 3165 852 3230; x_wconf 88' lang='lat' dir='ltr'>fuerint</span> <span class='ocrx_word' id='word_1_191' title='bbox 874 3164 1025 3250; x_wconf 88' lang='lat' dir='ltr'>puniendi</span> <span class='ocrx_word' id='word_1_192' title='bbox 1048 3165 1152 3229; x_wconf 89' lang='lat' dir='ltr'>laicae</span> <span class='ocrx_word' id='word_1_193' title='bbox 1175 3165 1333 3248; x_wconf 81' lang='lat' dir='ltr'>potestati,</span> <span class='ocrx_word' id='word_1_194' title='bbox 1357 3181 1433 3247; x_wconf 87' lang='lat' dir='ltr'>cop.</span> <span class='ocrx_word' id='word_1_195' title='bbox 1457 3163 1513 3238; x_wconf 84' lang='lat'>10,</span> <span class='ocrx_word' id='word_1_196' title='bbox 1647 3144 1649 3189; x_wconf 35' lang='grc' dir='ltr'>ἰ</span> 
     </span>
    </p>
   </div>
   <div class='ocr_carea' id='block_1_7' title="bbox 334 3287 665 3374">
    <p class='ocr_par' dir='ltr' id='par_1_8' title="bbox 334 3287 665 3374">
     <span class='ocr_line' id='line_1_25' title="bbox 334 3287 665 3374; baseline -0.003 -22"><span class='ocrx_word' id='word_1_197' title='bbox 334 3287 386 3354; x_wconf 83' lang='lat' dir='ltr'>oe</span> <span class='ocrx_word' id='word_1_198' title='bbox 408 3288 489 3362; x_wconf 69' lang='lat' dir='ltr'>aaa,</span> <span class='ocrx_word' id='word_1_199' title='bbox 503 3287 606 3374; x_wconf 79' lang='lat' dir='ltr'>xor,</span> <span class='ocrx_word' id='word_1_200' title='bbox 624 3287 665 3373; x_wconf 73' lang='grc' dir='ltr'>ι).</span> 
     </span>
    </p>
   </div>
   <div class='ocr_carea' id='block_1_8' title="bbox 427 3408 1513 3499">
    <p class='ocr_par' dir='ltr' id='par_1_9' title="bbox 427 3398 1647 3527">
     <span class='ocr_line' id='line_1_26' title="bbox 427 3408 1513 3499; baseline -0.007 -21"><span class='ocrx_word' id='word_1_201' title='bbox 427 3411 461 3499; x_wconf 92' lang='grc'>3)</span> <span class='ocrx_word' id='word_1_202' title='bbox 484 3412 677 3479; x_wconf 81' lang='lat' dir='ltr'>Minoribus</span> <span class='ocrx_word' id='word_1_203' title='bbox 705 3411 869 3496; x_wconf 89' lang='lat' dir='ltr'>competit,</span> <span class='ocrx_word' id='word_1_204' title='bbox 901 3409 1005 3475; x_wconf 89' lang='lat' dir='ltr'>donec</span> <span class='ocrx_word' id='word_1_205' title='bbox 1038 3415 1206 3496; x_wconf 88' lang='lat' dir='ltr'>praestant</span> <span class='ocrx_word' id='word_1_206' title='bbox 1238 3430 1321 3494; x_wconf 87' lang='lat' dir='ltr'>quae</span> <span class='ocrx_word' id='word_1_207' title='bbox 1350 3408 1513 3476; x_wconf 88' lang='lat' dir='ltr'>habentur</span> 
     </span>
    </p>
   </div>
   <div class='ocr_carea' id='block_1_9' title="bbox 331 3536 1509 3747">
    <p class='ocr_par' dir='ltr' id='par_1_10' title="bbox 331 3536 1509 3747">
     <span class='ocr_line' id='line_1_27' title="bbox 331 3536 1509 3624; baseline -0.004 -20"><span class='ocrx_word' id='word_1_208' title='bbox 331 3557 488 3624; x_wconf 85' lang='lat' dir='ltr'>expressa</span> <span class='ocrx_word' id='word_1_209' title='bbox 511 3539 544 3604; x_wconf 91' lang='lat' dir='ltr'>in</span> <span class='ocrx_word' id='word_1_210' title='bbox 569 3539 665 3605; x_wconf 83' lang='lat' dir='ltr'>(lonc.</span> <span class='ocrx_word' id='word_1_211' title='bbox 682 3537 837 3609; x_wconf 88' lang='lat' dir='ltr'>Trident,</span> <span class='ocrx_word' id='word_1_212' title='bbox 856 3555 936 3603; x_wconf 91' lang='lat' dir='ltr'>sess.</span> <span class='ocrx_word' id='word_1_213' title='bbox 951 3536 1012 3613; x_wconf 81' lang='lat'>23,</span> <span class='ocrx_word' id='word_1_214' title='bbox 1037 3557 1111 3621; x_wconf 88' lang='lat' dir='ltr'>cup.</span> <span class='ocrx_word' id='word_1_215' title='bbox 1128 3538 1160 3612; x_wconf 88' lang='grc'>6,</span> <span class='ocrx_word' id='word_1_216' title='bbox 1178 3537 1307 3621; x_wconf 77' lang='lat' dir='ltr'>Deras.</span> <span class='ocrx_word' id='word_1_217' title='bbox 1331 3539 1398 3602; x_wconf 76' lang='lat' dir='ltr'>‹ls</span> <span class='ocrx_word' id='word_1_218' title='bbox 1413 3538 1509 3600; x_wconf 89' lang='lat' dir='ltr'>etiam</span> 
     </span>
     <span class='ocr_line' id='line_1_28' title="bbox 337 3655 1508 3747; baseline -0.003 -21"><span class='ocrx_word' id='word_1_219' title='bbox 337 3661 391 3747; x_wconf 87' lang='lat' dir='ltr'>(en</span> <span class='ocrx_word' id='word_1_220' title='bbox 415 3659 518 3726; x_wconf 84' lang='lat' dir='ltr'>verba</span> <span class='ocrx_word' id='word_1_221' title='bbox 544 3658 645 3744; x_wconf 86' lang='lat' dir='ltr'>Trid.)</span> <span class='ocrx_word' id='word_1_222' title='bbox 676 3659 739 3725; x_wconf 89' lang='lat' dir='ltr'>fori</span> <span class='ocrx_word' id='word_1_223' title='bbox 766 3660 937 3746; x_wconf 81' lang='lat' dir='ltr'>privilegio</span> <span class='ocrx_word' id='word_1_224' title='bbox 968 3679 1033 3724; x_wconf 90' lang='lat' dir='ltr'>non</span> <span class='ocrx_word' id='word_1_225' title='bbox 1060 3658 1200 3745; x_wconf 86' lang='lat' dir='ltr'>gaudeat</span> <span class='ocrx_word' id='word_1_226' title='bbox 1225 3659 1288 3724; x_wconf 91' lang='lat' dir='ltr'>nisi</span> <span class='ocrx_word' id='word_1_227' title='bbox 1316 3655 1508 3724; x_wconf 85' lang='lat' dir='ltr'>beneficium</span> 
     </span>
    </p>
   </div>
   <div class='ocr_carea' id='block_1_10' title="bbox 328 3783 1508 4371">
    <p class='ocr_par' dir='ltr' id='par_1_11' title="bbox 328 3783 1508 4371">
     <span class='ocr_line' id='line_1_29' title="bbox 342 3783 1508 3860; baseline -0.002 -9"><span class='ocrx_word' id='word_1_228' title='bbox 342 3786 595 3852; x_wconf 87' lang='lat' dir='ltr'>ecclesiasticum</span> <span class='ocrx_word' id='word_1_229' title='bbox 631 3783 766 3860; x_wconf 87' lang='lat' dir='ltr'>habeat,</span> <span class='ocrx_word' id='word_1_230' title='bbox 801 3790 859 3850; x_wconf 92' lang='lat' dir='ltr'>aut</span> <span class='ocrx_word' id='word_1_231' title='bbox 887 3784 1073 3851; x_wconf 86' lang='lat' dir='ltr'>clericalem</span> <span class='ocrx_word' id='word_1_232' title='bbox 1102 3784 1247 3850; x_wconf 87' lang='lat' dir='ltr'>habitum</span> <span class='ocrx_word' id='word_1_233' title='bbox 1277 3788 1311 3849; x_wconf 89' lang='lat' dir='ltr'>et</span> <span class='ocrx_word' id='word_1_234' title='bbox 1342 3789 1508 3850; x_wconf 88' lang='lat' dir='ltr'>tonsuram</span> 
     </span>
     <span class='ocr_line' id='line_1_30' title="bbox 335 3907 1506 3998; baseline -0.002 -21"><span class='ocrx_word' id='word_1_235' title='bbox 335 3911 505 3992; x_wconf 87' lang='lat' dir='ltr'>deserens,</span> <span class='ocrx_word' id='word_1_236' title='bbox 541 3909 637 3976; x_wconf 88' lang='lat' dir='ltr'>alicui</span> <span class='ocrx_word' id='word_1_237' title='bbox 660 3907 829 3976; x_wconf 86' lang='lat' dir='ltr'>Ecclesiae</span> <span class='ocrx_word' id='word_1_238' title='bbox 853 3931 896 3976; x_wconf 82' lang='lat' dir='ltr'>ex</span> <span class='ocrx_word' id='word_1_239' title='bbox 918 3909 1070 3976; x_wconf 90' lang='lat' dir='ltr'>mandato</span> <span class='ocrx_word' id='word_1_240' title='bbox 1092 3912 1244 3998; x_wconf 89' lang='lat' dir='ltr'>Episcopi</span> <span class='ocrx_word' id='word_1_241' title='bbox 1266 3911 1506 3992; x_wconf 66' lang='lat' dir='ltr'>inscrutatum</span> 
     </span>
     <span class='ocr_line' id='line_1_31' title="bbox 328 4033 1505 4120; baseline -0.003 -18"><span class='ocrx_word' id='word_1_242' title='bbox 328 4039 362 4102; x_wconf 94' lang='lat' dir='ltr'>in</span> <span class='ocrx_word' id='word_1_243' title='bbox 388 4033 568 4104; x_wconf 89' lang='lat' dir='ltr'>Seminario</span> <span class='ocrx_word' id='word_1_244' title='bbox 592 4035 786 4100; x_wconf 91' lang='lat' dir='ltr'>clericorum</span> <span class='ocrx_word' id='word_1_245' title='bbox 809 4041 866 4101; x_wconf 88' lang='lat' dir='ltr'>aut</span> <span class='ocrx_word' id='word_1_246' title='bbox 888 4037 922 4100; x_wconf 93' lang='lat' dir='ltr'>in</span> <span class='ocrx_word' id='word_1_247' title='bbox 945 4035 1053 4120; x_wconf 88' lang='lat' dir='ltr'>aliqua</span> <span class='ocrx_word' id='word_1_248' title='bbox 1075 4036 1188 4101; x_wconf 87' lang='lat' dir='ltr'>schola</span> <span class='ocrx_word' id='word_1_249' title='bbox 1209 4036 1261 4101; x_wconf 87' lang='lat' dir='ltr'>vel</span> <span class='ocrx_word' id='word_1_250' title='bbox 1285 4037 1505 4115; x_wconf 86' lang='lat' dir='ltr'>universitate,</span> 
     </span>
     <span class='ocr_line' id='line_1_32' title="bbox 328 4159 1508 4247; baseline -0.003 -20"><span class='ocrx_word' id='word_1_251' title='bbox 328 4161 368 4227; x_wconf 91' lang='lat' dir='ltr'>de</span> <span class='ocrx_word' id='word_1_252' title='bbox 391 4161 522 4226; x_wconf 86' lang='lat' dir='ltr'>licentia</span> <span class='ocrx_word' id='word_1_253' title='bbox 554 4159 715 4247; x_wconf 83' lang='lat' dir='ltr'>Episcopi,</span> <span class='ocrx_word' id='word_1_254' title='bbox 740 4162 830 4244; x_wconf 90' lang='lat' dir='ltr'>quasi</span> <span class='ocrx_word' id='word_1_255' title='bbox 859 4162 893 4225; x_wconf 91' lang='lat' dir='ltr'>in</span> <span class='ocrx_word' id='word_1_256' title='bbox 920 4161 975 4226; x_wconf 87' lang='lat' dir='ltr'>via</span> <span class='ocrx_word' id='word_1_257' title='bbox 1002 4160 1042 4226; x_wconf 92' lang='lat' dir='ltr'>ad</span> <span class='ocrx_word' id='word_1_258' title='bbox 1074 4162 1212 4225; x_wconf 85' lang='lat' dir='ltr'>maiores</span> <span class='ocrx_word' id='word_1_259' title='bbox 1247 4159 1379 4225; x_wconf 89' lang='lat' dir='ltr'>ordines</span> <span class='ocrx_word' id='word_1_260' title='bbox 1411 4161 1508 4224; x_wconf 87' lang='lat' dir='ltr'>susci·</span> 
     </span>
     <span class='ocr_line' id='line_1_33' title="bbox 332 4281 1504 4371; baseline -0.001 -23"><span class='ocrx_word' id='word_1_261' title='bbox 332 4282 467 4370; x_wconf 89' lang='lat' dir='ltr'>piendos</span> <span class='ocrx_word' id='word_1_262' title='bbox 489 4289 686 4350; x_wconf 84' lang='lat' dir='ltr'>versetur».</span> <span class='ocrx_word' id='word_1_263' title='bbox 720 4284 758 4349; x_wconf 96' lang='lat' dir='ltr'>ln</span> <span class='ocrx_word' id='word_1_264' title='bbox 789 4303 885 4368; x_wconf 90' lang='lat' dir='ltr'>quam</span> <span class='ocrx_word' id='word_1_265' title='bbox 916 4283 1153 4371; x_wconf 88' lang='lat' dir='ltr'>dispositionem</span> <span class='ocrx_word' id='word_1_266' title='bbox 1182 4283 1315 4350; x_wconf 86' lang='lat' dir='ltr'>concilii</span> <span class='ocrx_word' id='word_1_267' title='bbox 1338 4283 1427 4350; x_wconf 84' lang='lat' dir='ltr'>Trid.</span> <span class='ocrx_word' id='word_1_268' title='bbox 1449 4281 1504 4347; x_wconf 88' lang='lat' dir='ltr'>ad-</span> 
     </span>
    </p>
   </div>
   <div class='ocr_carea' id='block_1_11' title="bbox 327 4415 488 4476">
    <p class='ocr_par' dir='ltr' id='par_1_12' title="bbox 327 4415 488 4476">
     <span class='ocr_line' id='line_1_34' title="bbox 327 4415 488 4476; baseline 0 0"><span class='ocrx_word' id='word_1_269' title='bbox 327 4415 488 4476; x_wconf 85' lang='lat' dir='ltr'>vertatur:</span> 
     </span>
    </p>
   </div>
   <div class='ocr_carea' id='block_1_12' title="bbox 0 0 1680 5117">
    <p class='ocr_par' dir='ltr' id='par_1_13' title="bbox 0 0 1680 5117">
     <span class='ocr_line' id='line_1_35' title="bbox 0 0 1680 5117; baseline 0 14"><span class='ocrx_word' id='word_1_270' title='bbox 0 0 1680 5117; x_wconf 95' lang='lat' dir='ltr'> </span> 
     </span>
    </p>
   </div>
  </div>
 </body>
</html>
