3350 5117
336 274 405 339 590
875 296 959 343 raas
984 296 1004 341 ι.

336 416 381 480 cf.
406 416 545 501 Pirhing
566 416 599 479 n.
623 422 645 480 t.
661 436 696 481 n.
710 417 757 481 21
777 426 812 483 et
834 417 1033 503 Schmalzgr.
1058 418 1089 481 it.
1115 424 1136 481 l.
1152 438 1186 483 n.
1203 416 1261 483 39.
1287 416 1379 491 Quod
1402 416 1518 483 condi-

335 541 431 605 tionis
452 544 611 626 appositio
632 543 813 607 sententiae
836 550 959 607 noceat.
985 544 1018 607 in
1041 553 1155 627 aperto
1177 548 1236 609 aa
1255 544 1335 607 Nam
1351 543 1515 608 sententia

335 662 432 729 dehet
453 667 502 730 ins
532 663 715 747 efformare,
739 668 826 733 inter
855 677 974 752 partes,
998 675 1135 749 certum,
1151 669 1243 733 cuins
1265 669 1434 750 quaeritur
1456 666 1512 730 rel
1550 726 1571 773 ,Ι

336 794 495 857 executio.
519 792 572 856 vel
594 792 731 857 ulterius
754 812 893 859 examen
916 792 1000 879 apud
1024 793 1162 859 iudicem
1184 794 1420 879 appellationis.

426 913 608 999 Aliquando
630 913 742 981 forsan
764 917 926 981 sententia
948 915 1094 981 incidens
1116 936 1173 981 seu
1197 916 1517 983 invocatoriam

336 1040 552 1106 mnditionate
575 1040 701 1125 concipi
724 1040 820 1104 valet.
837 1038 900 1105 Sed
916 1046 993 1103 tuuc
1012 1059 1077 1104 non
1094 1038 1233 1105 habetur
1247 1060 1328 1104 vera
1342 1041 1517 1110 sententia.

335 1164 393 1229 sed
416 1166 562 1230 remissio
584 1164 756 1230 decisionis
778 1164 820 1229 ad
844 1164 985 1249 aliquem
1008 1172 1161 1230 eventum
1186 1166 1244 1249 (l).

425 1289 501 1353 609.
526 1290 670 1373 Denique
700 1292 861 1355 sententia
888 1289 983 1355 debet
1015 1310 1086 1355 ease
1117 1290 1291 1375 definitivo
1319 1290 1521 1373 quaestionis

337 1419 503 1501 promotae
525 1434 583 1479 seu
605 1414 782 1478 conformis
796 1413 916 1485 noello.
934 1416 1041 1499 prouti
1064 1412 1159 1477 huius
1183 1416 1294 1499 petitio
1314 1414 1374 1479 fuit
1398 1415 1430 1477 in
1452 1412 1523 1476 litis

336 1540 581 1604 contestatione.
603 1545 659 1602 aut
688 1538 945 1623 aequipollenter
976 1538 1040 1602 alio
1063 1542 1138 1603 actu
1166 1537 1304 1603 iudiciali
1332 1537 1373 1602 ab
1403 1542 1522 1601 actore

337 1660 465 1727 ilrmata
486 1670 520 1728 et
541 1682 561 1727 a
585 1684 641 1727 reo
664 1671 792 1749 negata,
816 1668 850 1727 et
873 1664 937 1729 hoo
967 1682 1082 1729 sensu:
1105 1663 1225 1745 fatuus
1247 1669 1295 1728 est
1324 1662 1433 1727 iudea
1456 1664 1521 1747 qui

337 1787 466 1853 indicat
487 1788 578 1851 ultro
601 1788 726 1869 petitn;
750 1808 866 1871 nempe
890 1791 923 1851 in
946 1787 1107 1856 civitem.
1126 1786 1240 1871 quibus
1255 1786 1444 1871 proceditur
1467 1788 1520 1854 ad

337 1910 544 1977 instantium.
571 1913 608 1975 lu
632 1912 867 1977 criminalibus
890 1919 923 1977 et
945 1912 1181 1996 spiritualibus
1204 1914 1310 1977 causis
1335 1930 1382 1977 ere
1405 1910 1519 1995 officio

338 2036 535 2119 potissimum
567 2032 715 2099 firmatur
743 2036 903 2103 obiectum
930 2038 1183 2108 controversiae,
1207 2036 1397 2101 ethnicae
1420 2034 1521 2099 debet

337 2158 544 2223 conformare
568 2158 726 2221 sententia
750 2157 874 2222 iudicis.

427 2278 606 2345 Praeterea
621 2280 704 2345 haec
718 2280 929 2347 conformitas
951 2282 1129 2345 sententiae
1153 2282 1298 2366 petitioni
1321 2280 1442 2345 actoris
1457 2278 1520 2344 ad-

338 2424 453 2469 versus
476 2424 567 2469 reum
591 2408 799 2487 contestatae,
823 2406 920 2468 etiam
944 2406 976 2469 in
1000 2404 1153 2472 ciuilibus
1179 2404 1379 2490 intelligitur,
1404 2403 1521 2469 habita

338 2530 463 2593 ratione
486 2529 572 2594 illius
592 2530 796 2593 accessorius
818 2530 1004 2595 mutationis
1028 2529 1196 2613 aliquoties
1220 2528 1465 2593 intervenientis
1481 2528 1518 2592 in

338 2651 463 2717 obiecto
480 2651 554 2725 litis,
571 2672 668 2735 quum
692 2671 790 2718 causa
803 2654 983 2727 instruitur,
1002 2654 1193 2737 praesertim
1209 2652 1250 2718 ob
1273 2660 1405 2719 exortas
1421 2672 1522 2736 quaa

338 2778 457 2841 stiones
481 2776 668 2857 incidentes,
684 2798 766 2861 quae
789 2798 854 2842 non
877 2778 976 2843 semel
1000 2776 1137 2843 influunt
1161 2780 1193 2842 in
1217 2780 1410 2843 sententiam
1433 2776 1518 2844 dell-

339 2903 482 2967 nitivam.

428 3025 493 3090 Iste
509 3031 692 3111 conceptus,
707 3025 853 3111 apprime
876 3027 1087 3099 necessarius,
1109 3046 1151 3091 ne
1174 3028 1339 3111 processui
1360 3026 1521 3091 canonico

338 3155 455 3215 noceat
477 3152 568 3236 rigor
591 3152 832 3215 contestationis
855 3150 930 3231 litis,
955 3152 1000 3215 ita
1022 3151 1205 3217 inculcatur
1227 3152 1267 3215 ab
1293 3152 1388 3216 Alex.
1415 3150 1465 3215 lll
1484 3152 1520 3215 in

339 3288 413 3352 cap.
439 3270 471 3343 6,
503 3270 557 3337 De
585 3271 667 3344 iud„
692 3272 726 3335 X
752 3271 809 3354 (ll,
841 3270 889 3357 ll:
916 3270 1173 3339 ‹·Prouideatis
1203 3273 1365 3339 attentius
1395 3292 1438 3339 ne
1469 3273 1521 3339 ita

338 3393 503 3461 subtiliter
524 3395 610 3461 sicut
624 3414 647 3461 a
669 3394 784 3461 multis
805 3396 881 3480 fieri
903 3398 994 3471 solet,
1012 3396 1203 3463 cuiusmodi
1223 3398 1309 3464 aetio
1333 3397 1521 3463 intentetm·

338 3518 530 3603 inquiratis,
554 3520 614 3587 sed
635 3520 833 3603 simpliciter
856 3524 887 3587 et
906 3540 997 3604 pure
1018 3520 1151 3603 sactum
1173 3522 1287 3605 ipsum
1310 3526 1341 3587 et
1363 3520 1416 3587 rei
1432 3521 1521 3587 veri-

427 3766 467 3835 (Ι)
487 3766 529 3820 lta
549 3765 731 3821 Reiffeustuel
747 3768 774 3820 h.
795 3778 812 3820 t.
831 3783 858 3818 n.
879 3766 930 3830 95,
951 3770 1079 3833 testatur,
1099 3767 1132 3822 de
1158 3769 1236 3837 praxi
1262 3766 1445 3821 tribunalium
1468 3768 1521 3823 ab·

338 3873 507 3927 solventium
527 3891 605 3929 reum
624 3876 675 3929 sub
694 3875 865 3939 conditione,¹
886 3890 984 3943 nempe
1004 3876 1057 3927 ruisi
1075 3876 1177 3929 melius
1196 3886 1276 3929 actor
1293 3890 1375 3929 suam
1388 3877 1522 3930 nitentio-

338 3997 403 4035 nem
412 3983 591 4051 probaverim
609 3980 788 4051 eamdemque
805 3980 1033 4036 consuetudinem
1052 3980 1120 4034 dicit
1134 3979 1329 4034 rationabilem
1343 3980 1378 4033 ob
1391 3991 1522 4050 receptos

340 4103 441 4141 mores.
466 4116 503 4128 -
529 4087 598 4153 Hoc,
612 4104 667 4141 non
691 4087 824 4155 diffiteor,
845 4093 874 4141 at
899 4104 999 4143 censeo
1022 4086 1177 4141 huiusmodi
1197 4090 1359 4142 sententium
1384 4104 1439 4141 non
1458 4104 1521 4143 asse

339 4194 449 4263 propria
468 4194 626 4249 iudicialem
644 4211 693 4249 sen
712 4194 893 4261 definitivam,
906 4196 953 4249 sed
968 4196 1058 4263 potins
1078 4192 1137 4249 'esse
1157 4196 1325 4252 decisionem
1343 4196 1520 4262 iudicialem,

339 4316 396 4353 non
413 4316 480 4355 vero
498 4301 680 4355 definitivam.
701 4302 858 4357 Deeisiones
881 4302 994 4357 Rotales
1021 4302 1052 4356 R„
1073 4302 1275 4375 aliquantisper
1294 4301 1450 4357 huiusmodi
1472 4304 1517 4357 in·

340 4403 431 4459 dolam
449 4405 617 4461 referebant.
