3350 5117
549 338 592 384 on
616 338 754 385 rumcns
778 337 1043 385 accussmsrrcrs
1249 295 1256 309 ³
1320 318 1383 383 551

299 461 392 525 Alius
415 481 508 527 casus
539 463 741 526 interventus
769 460 946 525 necessarii
970 459 1108 523 habetur
1131 460 1165 522 in
1187 456 1385 530 fideiussore,

208 589 261 670 qui
285 606 305 651 a
329 586 492 653 creditore
516 592 653 653 vocatur
676 588 708 651 in
725 606 853 653 causam
872 589 934 651 iam
958 587 1137 671 incoeptam
1166 591 1279 650 contra
1298 583 1386 649 debi-

208 714 314 775 torem
339 710 559 795 principalem,
584 716 619 775 ut
642 709 700 774 sibi
725 716 839 775 caveat
862 708 902 773 de
926 710 1093 777 solutione,
1118 708 1145 772 si
1169 708 1229 771 iste
1255 706 1388 771 sitnon

207 836 376 902 cotoeiedo.

298 964 380 1027 Item
405 982 498 1027 casus
519 962 673 1045 frequens
697 962 900 1025 interventus
916 959 1090 1025 necessarii
1110 958 1249 1023 habetur
1263 958 1296 1021 in
1320 977 1388 1021 em-

210 1095 303 1176 ptore
319 1092 373 1173 qui
389 1096 484 1156 vocat
507 1093 539 1156 in
555 1090 706 1156 iudicium
722 1088 938 1170 venditorem,
956 1093 991 1152 ut
1006 1086 1199 1171 respondeat
1220 1087 1317 1152 tertio
1332 1104 1387 1148 vo·

209 1212 288 1277 lenti
305 1233 375 1277 rem
392 1218 530 1297 emptam
547 1213 636 1297 quasi
654 1232 744 1276 suam
768 1210 828 1274 sibi
851 1208 1028 1279 vindicare,
1045 1229 1101 1273 seu
1125 1208 1288 1273 evincere.
1313 1206 1390 1271 Iura

210 1336 348 1400 relativa
360 1334 522 1400 habentur
534 1336 749 1402 determinata
761 1335 794 1397 in
806 1335 856 1401 tit.
868 1332 917 1399 De
929 1331 1191 1411 fideiussoribus
1201 1332 1234 1394 X
1238 1330 1311 1415 (ΙΙΙ,
1320 1327 1387 1415 22),

209 1460 243 1522 iu
269 1460 314 1524 tit.
333 1456 386 1523 De
404 1457 608 1543 pipnoribne
628 1464 659 1523 et
681 1458 759 1523 otiis
784 1456 1008 1527 coerctionibus,
1024 1456 1059 1519 X
1073 1456 1146 1540 (ΙΙΙ,
1164 1453 1219 1540 21)
1236 1460 1269 1518 et
1292 1454 1323 1515 in
1340 1453 1386 1516 tit.

210 1587 260 1651 De
284 1585 452 1667 emptione
476 1591 509 1651 et
528 1586 729 1667 venditione,
754 1586 787 1649 X
802 1584 878 1669 (111,
898 1584 951 1669 ΙΙ)
975 1583 1167 1668 praesertim
1192 1599 1267 1662 cop.
1290 1580 1349 1643 etl.

288 1710 376 1799 Ι559.
401 1708 503 1774 ludex
527 1730 572 1775 eae
596 1709 703 1793 officio
727 1709 761 1772 in
784 1707 939 1773 ciuilibus
963 1726 1088 1791 quoque
1115 1706 1247 1770 tertium
1270 1722 1388 1790 provo·

211 1854 288 1900 care
311 1839 416 1919 potest
439 1837 472 1897 in
495 1855 635 1915 causam,
661 1854 757 1918 quum
781 1834 931 1901 eumdem
954 1836 1044 1906 sciat,
1069 1832 1108 1897 ob
1132 1832 1389 1903 communionem

211 1960 330 2045 negotii
355 1959 523 2039 iudicialis
548 1957 747 2023 sufficienter
769 1957 919 2023 edoctum
944 1958 983 2023 de
1005 1958 1082 2022 facti
1107 1954 1310 2020 controversi
1332 1952 1389 2017 ad-

212 2085 327 2149 iunctis
351 2089 384 2149 et
406 2084 446 2147 de
469 2083 591 2148 iuribus
607 2084 636 2147 ei
660 2082 916 2167 competentibus
931 2084 964 2146 in
989 2079 1169 2147 huiusmodi
1192 2098 1299 2144 causa.

300 2208 338 2273 In
363 2227 516 2293 processu
533 2208 690 2272 canonico
706 2204 769 2270 hac
792 2209 952 2289 potestate
976 2181 1075 2289 pollet
1089 2203 1187 2268 iudex
1203 2201 1244 2268 ob
1261 2220 1390 2284 compe·

212 2332 351 2396 tentione
367 2350 412 2395 ece
428 2330 639 2397 connectione
655 2348 852 2409 consumma
867 2334 900 2393 et
915 2330 989 2412 quia
1004 2328 1044 2391 ad
1060 2332 1151 2392 recte
1166 2324 1390 2390 instruendum

212 2474 398 2538 processum
415 2474 541 2519 omnem
565 2474 683 2519 causae
706 2459 832 2538 partem
851 2455 964 2518 rimari
980 2453 1085 2518 debet.
1102 2489 1146 2503 -
1167 2454 1261 2517 Iurat
1283 2456 1389 2517 autem

211 2580 342 2644 tertium
367 2600 412 2645 ece
426 2579 534 2663 officio
551 2579 664 2644 iudicis
681 2581 713 2643 in
729 2578 881 2646 iudicium
898 2580 1079 2665 provocari,
1097 2599 1161 2643 non
1177 2583 1300 2642 mutum
1316 2576 1390 2659 quia

211 2703 326 2769 melius
349 2705 520 2769 instruitur
543 2722 649 2775 causa,
675 2702 730 2768 sed
754 2704 857 2789 magis
882 2704 957 2786 quia
979 2722 1043 2767 uno
1059 2702 1176 2768 iudicio
1198 2701 1310 2767 finitur
1332 2722 1388 2765 ne-

211 2832 341 2917 gotium,
366 2829 449 2915 quod
473 2850 566 2895 secus
589 2831 737 2895 ulteriori
759 2831 914 2897 instantia
929 2828 1056 2894 deliniri
1078 2829 1220 2895 deberet.

211 3290 318 3346 dicibus
337 3292 438 3360 prioris
456 3292 622 3355 instantiam
647 3290 731 3345 saluis
750 3292 858 3345 iuribus
877 3292 955 3345 tertii
973 3296 1023 3346 aut
1041 3292 1162 3362 partium
1182 3289 1344 3346 exercendis
1361 3291 1390 3343 in

211 3398 339 3466 apposito
358 3397 460 3451 iudicio
479 3414 573 3451 coram
591 3398 729 3453 iudicibus
748 3399 980 3469 competentibus,
999 3400 1091 3468 prouti
1111 3403 1140 3452 et
1163 3402 1301 3469 quatenus
1318 3397 1391 3451 ratio

133 3492 136 3499 ’
212 3503 372 3573 expostulat
391 3519 415 3560 e.
431 3503 534 3558 Verum
555 3520 591 3558 ea·
609 3507 672 3558 iure
686 3522 784 3558 comm.
797 3520 852 3559 non
873 3504 1037 3574 prohibetur
1048 3503 1204 3559 huiusmodi
1218 3504 1392 3559 interventus

210 3611 387 3686 necessarius
407 3610 492 3664 etiam
512 3608 540 3662 in
560 3608 647 3678 gradu
667 3608 877 3678 appellationis.
892 3584 1044 3663 Dumtaxai
1061 3609 1188 3679 quaestio
1206 3613 1250 3663 est
1261 3610 1335 3663 inter
1346 3609 1391 3662 in-

211 3716 358 3782 terpretes,
371 3730 406 3767 an
420 3714 595 3769 interventus
608 3714 782 3769 necessarius
796 3713 987 3769 admittendus
1004 3714 1042 3767 sit
1054 3714 1083 3767 in
1097 3712 1182 3783 gradu
1197 3712 1393 3783 appellationis

211 3820 301 3891 quoad
326 3820 504 3890 quaestiones
527 3822 686 3875 cautionem
711 3837 758 3875 seu
782 3822 957 3875 liberationis
981 3840 998 3873 e
1016 3821 1150 3873 molestiis
1174 3836 1224 3874 seu
1243 3821 1390 3874 evictionis.

170 3909 173 3920 ’
213 3926 360 3982 Sententia
378 3928 545 3981 affirmativa
564 3932 607 3982 est
625 3944 691 3982 eane
711 3927 881 3996 probabilis;
906 3930 941 3981 cf.
960 3926 1090 3981 Cuiaccio
1114 3927 1143 3980 in
1164 3928 1183 3980 t.
1203 3930 1234 3993 5,
1252 3927 1294 3979 De
1313 3929 1392 3981 eoict.

215 4030 279 4085 Coei.
300 4032 332 4084 L.
362 4030 439 4096 VIII,
457 4034 496 4085 nr.
516 4031 566 4095 44,
581 4034 610 4087 et
629 4030 754 4097 Depelle,
767 4028 873 4085 Cenem.
895 4032 938 4086 De
957 4030 1191 4096 inr.cie.,X111,
1210 4034 1238 4084 2.
1252 4031 1391 4092 -Quare

211 4136 240 4189 in
259 4138 321 4192 foro
339 4136 436 4192 eccles.
457 4138 567 4193 admitti
588 4142 680 4207 potest
698 4135 857 4193 huiusmodi
877 4138 1241 4193 interventusnecesserins
1258 4138 1287 4193 in
1303 4136 1391 4207 gradu

211 4242 416 4314 appellationis,
429 4244 452 4297 si
472 4244 550 4298 utilis
568 4245 606 4298 sit
621 4248 650 4298 et
669 4244 804 4315 aequitati
826 4242 1001 4313 respondeat.
1020 4244 1197 4299 Inter-ventus
1214 4245 1391 4298 uoluntariae

211 4350 241 4403 in
260 4350 348 4421 gradu
369 4350 566 4421 appellationis
584 4368 633 4407 seu
653 4354 787 4423 oppositio
806 4355 884 4407 tertii
905 4352 1062 4408 sententiae
1080 4352 1137 4406 iam
1159 4352 1286 4423 prolatae
1303 4352 1394 4407 induit

210 4459 335 4528 speciem
353 4459 560 4529 oppettctienie,
580 4458 620 4512 uti
640 4474 689 4513 suo
708 4457 770 4512 loco
788 4457 920 4513 dicemus.
