3350 5117
334 234 401 300 612
859 256 943 303 ruas
966 257 990 303 1.

333 376 405 443 iure
429 378 664 444 interveniendi
688 380 720 443 in
745 398 886 461 causam,
910 381 943 442 in
966 400 1170 465 quocumque
1186 384 1260 447 eius
1283 380 1406 455 stadim
1428 382 1520 445 etiam

334 502 375 568 ad
398 502 646 588 impugnandam
677 506 879 569 sententiam.
905 506 986 569 Nam
1009 506 1067 572 lite
1094 508 1239 573 nondum
1268 508 1433 586 absoluta,
1455 509 1523 589 quis

334 627 510 691 intervenit
535 626 574 689 ad
599 627 831 712 impediendam
855 629 904 693 sui
934 629 1014 695 iuris
1044 630 1241 705 laesionem3
1274 632 1333 695 lite
1356 649 1440 693 vero
1463 631 1521 691 iarn

334 766 393 832 per
416 724 797 835 sententiam'expedita
827 753 896 836 ipsa
925 753 1087 818 sententia
1109 756 1291 840 impetitur,
1315 753 1522 839 provocandi·

234 926 239 937 .
334 871 375 938 ad
406 872 543 938 iudicem
574 876 789 959 superiorem:
821 875 905 941 haec
936 875 1056 941 dicitur
1083 878 1173 943 tertii
1203 876 1389 961 oppositio.
1414 876 1522 950 Quare

336 1006 425 1064 recte
448 997 625 1073 fideiussor,
650 1000 677 1065 si
701 1000 827 1065 debitor
850 1003 957 1067 victus
988 1000 1121 1068 deserat
1143 1001 1310 1073 iudicium,
1334 999 1521 1087 appellatio

334 1143 408 1188 nem
432 1131 609 1210 promovet,
635 1126 774 1209 itemque
796 1126 976 1211 legatarius
999 1134 1115 1192 contra
1137 1128 1336 1191 sententiam
1365 1126 1471 1190 latam
1491 1126 1520 1187 in

335 1251 487 1339 heredem
508 1247 785 1317 testamentarium
791 1273 798 1328 ;
815 1252 858 1318 cl.
875 1273 951 1319 can.
968 1251 1032 1326 30,
1050 1274 1143 1319 caus.
1159 1252 1206 1324 11,
1224 1272 1256 1337 q.
1275 1252 1301 1316 6
1324 1258 1358 1317 et
1375 1271 1456 1333 cap.
1472 1250 1521 1326 17,

336 1376 384 1439 De
406 1380 488 1439 sent.
513 1380 544 1440 et
565 1394 604 1441 re
626 1375 696 1440 iuu.
721 1376 754 1439 X
777 1372 833 1456 (ll,
858 1375 923 1459 27).
950 1376 1023 1440 Hoc
1047 1378 1117 1439 iure
1149 1378 1251 1440 utitur
1284 1376 1387 1441 etiam
1417 1374 1522 1437 matri

334 1501 432 1565 monii
456 1500 623 1583 Defensor
646 1521 688 1567 ex
711 1499 826 1574 officio,
848 1502 880 1565 vi
904 1506 1007 1566 const.
1028 1502 1126 1567 ‹Dei
1141 1502 1370 1567 Mis-erutione
1388 1523 1408 1562 ›
1427 1502 1521 1583 impu

335 1644 437 1709 gnans
460 1627 652 1690 sententiam
675 1625 774 1690 latam
798 1626 885 1690 inter
903 1627 1067 1711 coniuges,
1083 1624 1292 1710 provocando
1316 1624 1360 1688 ad
1384 1623 1520 1687 iudicem
1623 1695 1625 1700 ¹

334 1749 550 1833 superiorem;
585 1754 618 1813 et
651 1750 684 1812 in
719 1769 843 1834 genere
878 1749 1080 1815 Procurator
1108 1750 1245 1813 Fiscalis
1277 1749 1431 1832 quamvis
1463 1768 1521 1811 nec
1623 1757 1625 1760 ’

335 1874 453 1937 actoris
476 1892 538 1937 nec
569 1874 616 1937 rei
648 1878 757 1957 partes
788 1874 902 1957 egerit
927 1872 984 1937 sed
1006 1877 1132 1937 tantum
1159 1861 1279 1937 iudicio
1313 1872 1463 1938 adsuerit
1482 1871 1518 1935 ad
1623 1855 1625 1914 l

335 1991 501 2059 tutandum
524 1991 640 2055 bonum
663 1991 825 2077 publicum
843 1994 901 2077 (l).
930 2013 932 2016 ·

424 2116 457 2200 2)
471 2117 501 2179 ll
507 2118 570 2179 ulto
587 2118 688 2203 magis
703 2117 917 2185 admittuntur
932 2120 986 2202 qui
1003 2119 1132 2183 nomine
1148 2117 1256 2181 alieno
1273 2122 1389 2201 agunt,
1406 2135 1519 2199 nempe

334 2246 467 2321 tutoreS,
499 2250 741 2326 procuratores,
774 2244 903 2307 nomine
933 2244 1059 2328 pupilli,
1091 2240 1291 2322 mandantis,
1320 2249 1354 2306 et
1386 2243 1516 2306 adnunt-

335 2374 457 2433 strator
479 2375 555 2453 puta
572 2371 748 2453 Episcopus
765 2371 796 2432 in
814 2370 920 2434 causis
935 2390 1013 2434 suae
1038 2369 1222 2434 Ecclesiae:
1241 2369 1285 2433 cl.
1308 2369 1361 2440 14,
1380 2368 1431 2434 De
1442 2387 1516 2451 pro

335 2500 442 2560 curat.
467 2494 501 2558 X
521 2493 560 2576 (l,
585 2494 652 2580 38).

424 2616 457 2702 3)
482 2617 524 2682 Et
547 2622 681 2700 uterque
704 2616 835 2702 litigans
859 2617 1025 2701 appellare
1048 2622 1162 2700 potest,
1186 2618 1264 2699 quia
1292 2618 1393 2679 etiam
1416 2617 1514 2679 uictor

335 2758 378 2804 ex
401 2741 560 2803 sententia
583 2740 641 2804 sibi
666 2740 836 2805 fauorabili
852 2740 980 2823 aliquod
996 2760 1174 2825 gravamen
1190 2740 1380 2823 persentire
1397 2746 1511 2824 potest:

424 2986 463 3056 (Ι)
483 2986 513 3038 ln
532 2984 583 3037 lioc
605 2987 773 3054 propositum
794 2986 977 3040 revocandum
997 2991 1039 3040 est
1059 2987 1225 3055 principium
1244 2986 1279 3038 de
1298 2985 1360 3038 litis
1380 2985 1513 3037 consorte

334 3096 423 3147 actiro
443 3097 491 3145 aut
508 3095 617 3161 passivo
638 3092 725 3162 quoad
745 3093 875 3147 effectum
893 3092 1098 3161 appellationis.
1118 3093 1215 3146 Potest
1233 3092 1313 3146 anim
1326 3091 1388 3145 lieri
1402 3098 1434 3143 ut
1445 3093 1512 3143 inter

337 3199 429 3269 plures
448 3198 506 3252 litis
524 3204 665 3252 consortes
684 3199 730 3269 qui
750 3199 778 3251 in
798 3200 888 3267 prima
906 3199 1041 3252 instantia
1059 3198 1228 3253 sententiam
1247 3198 1411 3253 habuerunt
1423 3197 1512 3250 adres

335 3326 394 3361 sam
414 3325 484 3360 rmus
501 3312 607 3360 tautum
622 3307 759 3377 appellet3
781 3314 809 3361 et
825 3309 976 3376 quaeritur,
989 3324 1025 3360 au
1038 3306 1107 3361 haec
1120 3306 1274 3376 appellatio
1286 3308 1420 3360 omnibus
1433 3307 1513 3375 prffiit

336 3415 518 3468 consortibus.
527 3414 595 3465 -E
607 3418 704 3466 contra
717 3412 828 3466 eueiiire
841 3417 941 3481 potest,
951 3428 985 3466 ex
995 3410 1120 3480 pluribus
1133 3409 1193 3464 litis
1205 3411 1385 3464 consortibus
1397 3412 1444 3481 qui
1455 3426 1511 3464 ses·

287 3559 290 3567 ,
335 3524 453 3578 tentiam
473 3523 653 3576 fauorabilem
667 3522 857 3585 obtinuerunt,
872 3538 954 3574 unum
970 3524 1077 3574 tantum
1090 3519 1234 3589 provocari
1249 3518 1283 3571 ad
1300 3518 1512 3588 appellationem

336 3650 383 3687 seu
404 3633 516 3685 inscribi
537 3632 564 3683 iu
586 3630 683 3684 libello
701 3628 912 3697 appellationis;
926 3633 955 3682 et
967 3629 1110 3698 quaeritur
1122 3642 1158 3679 an
1172 3625 1364 3692 nihilominus,
1378 3628 1510 3679 sententia

335 3738 532 3809 appellationis
551 3754 646 3790 omnes
659 3740 755 3789 teneat
767 3737 852 3789 etiam
866 3750 919 3788 non
933 3734 1095 3804 appellatos
1110 3762 1144 3774 —
1157 3733 1221 3811 lure
1233 3748 1295 3785 cau.
1310 3748 1366 3784 non
1380 3738 1424 3785 est
1433 3731 1510 3783 dubia

336 3846 478 3914 responsio
503 3844 669 3914 affirmativa
694 3843 727 3896 ad
754 3848 902 3913 utramque
926 3842 1131 3912 quaestionem
1151 3840 1289 3911 siquidem
1309 3858 1345 3895 aa
1363 3841 1426 3893 iura
1447 3856 1508 3891 roni.

336 3957 365 4007 et
383 3970 444 4006 can.
464 3952 578 4005 effertus
597 3948 793 4018 appellationis
812 3953 854 4003 est
873 3950 961 4003 realis
979 3947 1069 4017 quoad
1087 3946 1146 4000 litis
1165 3953 1322 4011 consortes,
1341 3962 1398 3999 non
1417 3962 1508 4017 persu-

335 4061 418 4113 nuli's.
433 4087 446 4097 -
461 4057 597 4125 Ulpianus
615 4052 692 4109 ait'l.
709 4056 744 4108 10
762 4056 774 4121 ξ
795 4056 814 4106 2
831 4057 860 4125 ff.
875 4055 917 4108 De
930 4054 1036 4124 appell.
1051 4082 1064 4092 -
1082 4070 1099 4104 ‹
1112 4052 1167 4106 Sed
1186 4070 1251 4106 cum
1270 4053 1405 4109 adsersus
1423 4052 1509 4122 plures

336 4168 468 4233 probatae
482 4168 574 4216 esseut
594 4162 723 4227 rationes,
736 4178 807 4231 quae
821 4162 861 4213 eis
875 4164 1016 4223 nocerent,
1028 4156 1128 4228 sufficit
1141 4160 1182 4212 eis
1195 4178 1254 4212 uma
1269 4161 1437 4230 appellatio,-
1448 4163 1507 4229 qnia

336 4289 391 4327 uno
403 4271 486 4325 titulo
496 4271 737 4337 comprobaturum
749 4269 886 4322 rationum
896 4284 992 4322 omnes
1001 4267 1241 4321 conveniebantur
1252 4287 1277 4324 n.
1288 4267 1353 4321 lnde
1363 4267 1392 4320 in
1405 4286 1460 4336 nep.
1473 4266 1505 4316 :2

336 4381 377 4433 De
396 4380 502 4449 appell.
523 4378 553 4431 X
570 4376 615 4447 tlt,
635 4377 680 4445 28)
700 4377 781 4445 Greg.
802 4376 829 4429 X
848 4376 985 4431 decrevit:
999 4386 1016 4427 t
1030 4373 1093 4428 Una
1111 4378 1257 4431 sententia
1276 4376 1401 4446 pluribus
1417 4373 1505 4429 enuda-
