3350 5117
572 191 686 276 'ruonx
715 228 836 276 annun

211 477 274 542 §2
294 477 337 531 De
351 477 554 547 proropotione
573 478 773 547 competentiae
791 494 830 532 co
849 479 1021 532 connexione
1041 494 1199 532 comarum.

97 669 169 723 344.
193 669 240 724 Ex
256 669 429 740 praescripto
447 669 520 738 legia
543 670 578 723 ut
602 668 764 740 prorogatio
785 669 990 738 competentiae
1014 670 1050 724 ob
1075 685 1176 725 conne-

223 779 335 833 xionem
353 795 512 846 causarum,
529 778 616 834 etiam
634 778 664 833 in
682 777 775 834 iudice
793 777 925 848 delegato
944 818 1128 833 .....
1163 796 1228 850 pop.
1247 779 1299 844 381,

100 881 171 935 345.
194 881 339 944 Quomodo
357 898 459 937 causae
477 881 606 936 dicantur
624 898 767 937 connexae
811 921 1174 938 .........
1211 897 1229 941 »
1262 883 1300 937 ibi

100 987 173 1042 346.
195 987 362 1058 Explicatur
380 988 542 1058 prorogatio
554 988 760 1057 competentiae
772 988 802 1042 in
814 988 906 1042 causis
922 989 1068 1043 connexis:
1086 990 1115 1058 a)
1135 1005 1176 1041 ra-

224 1095 301 1150 tione
327 1110 522 1165 personarum3
543 1096 570 1164 b)
589 1094 698 1149 ratione
724 1092 859 1160 actionis3
884 1095 910 1166 c)
929 1095 1038 1150 ratione
1064 1097 1104 1150 rei
1129 1112 1178 1165 pe-

223 1203 295 1257 titae
317 1241 1175 1258 ....................
1213 1201 1303 1258 »382

102 1313 171 1365 347.
195 1311 395 1379 Prorogationi
420 1310 625 1380 competentiae
650 1326 684 1364 ex
710 1310 883 1366 connexione
909 1326 1056 1365 causarum
1085 1314 1178 1380 partes

223 1414 389 1469 renunciare
408 1413 512 1469 valent.
532 1413 710 1469 Renunciant
726 1430 781 1468 nou
794 1417 967 1484 opponentes
986 1415 1178 1484 exceptionem

150 1557 160 1578 .
223 1520 283 1574 litis
301 1520 455 1589 pendentis.
474 1520 513 1575 At
532 1537 612 1574 casus
630 1519 812 1575 connexionis
834 1536 985 1574 causarum
1003 1537 1021 1574 a
1038 1520 1099 1574 iure
1118 1536 1178 1574 can.

224 1624 350 1679 taxative
369 1640 425 1678 non
443 1629 510 1680 sunt
528 1623 714 1681 determinati.
737 1624 871 1679 indubio
890 1624 972 1680 iudex
994 1625 1133 1680 decernet.
1170 1663 1178 1678 .
1216 1622 1304 1680 »383

105 1730 174 1784 348.
197 1729 372 1800 Prorogatur
391 1733 502 1786 tantum
520 1729 710 1800 competentia
731 1729 913 1786 territorialia
950 1770 1179 1784 ......
1216 1729 1304 1786 »384

110 1841 177 1895 349.
200 1841 353 1903 Quaeritur
370 1857 408 1894 an
427 1838 546 1894 clericus
563 1839 739 1895 reconveniri
753 1840 841 1910 possit
854 1839 925 1909 apud
939 1837 1059 1894 iudicem
1078 1837 1180 1894 laicum
1217 1852 1236 1896 »
1253 1837 1306 1892 385

376 2076 394 2137 9
413 2071 439 2125 3.
460 2071 501 2126 Dc
520 2072 702 2143 competentia
721 2073 769 2126 oet
787 2073 872 2125 dudio
893 2072 939 2126 cel
956 2072 1048 2126 nullo.

113 2267 177 2324 350.
198 2267 294 2333 ludex,
307 2267 352 2320 cui
370 2265 503 2335 obiicitur
520 2266 749 2337 incompetentia,
762 2265 839 2322 videt
858 2265 891 2322 de
911 2265 963 2320 hac
982 2267 1148 2336 exceptione
1167 2284 1234 2337 pop.
1253 2265 1305 2320 387

114 2371 179 2426 351.
200 2370 322 2433 Quinam
355 2370 458 2426 indicet
481 2371 516 2426 de
541 2370 625 2425 dubia
656 2369 846 2440 competentia
874 2370 949 2425 inter
975 2368 1043 2424 duos
1075 2371 1180 2425 iudices

228 2478 328 2534 eccles.
368 2516 1177 2532 ...................
1215 2476 1305 2534 »388

116 2584 181 2638 352.
201 2585 248 2639 An
267 2584 382 2640 valeant
399 2590 480 2654 gesta
498 2584 625 2640 uindice
643 2586 771 2655 putativo
772 2623 1180 2638 ..........
1217 2597 1234 2640 »
1267 2582 1306 2637 ibi

117 2689 181 2745 353.
202 2689 244 2745 De
263 2690 452 2759 competentia
469 2689 578 2745 ratione
597 2689 699 2759 gradus
727 2729 734 2742 .
772 2728 779 2743 .
817 2729 845 2770 ,Ι
860 2728 1181 2757 ........
1218 2685 1308 2743 »390

608 2916 769 2972 TITULUS
792 2917 824 2971 V.

292 3076 328 3115 DE
348 3074 597 3115 GENBMLIOBWUG
616 3075 739 3116 naeuus
759 3076 789 3115 Iu
808 3075 967 3116 Pnocnssua
989 3075 1142 3117 lueremus

524 3184 717 3224 unumunurm
737 3184 909 3226 anutium.

125 3345 186 3400 354
205 3347 246 3402 De
261 3348 376 3402 notione
395 3363 540 3417 processus
557 3345 698 3402 iudicialis
725 3387 1136 3401 ..........
1170 3366 1237 3418 pop.
1256 3347 1305 3408 391

126 3452 187 3508 355.
207 3450 399 3510 Recenaentur
416 3471 564 3526 supremae
581 3454 731 3510 divisiones
754 3454 789 3509 ad
813 3470 883 3526 quas
904 3455 1073 3510 reducuntur
1092 3455 1187 3510 huius·

232 3561 306 3616 modi
325 3557 516 3631 generaliorea
535 3561 651 3632 regulae
687 3600 1183 3616 ............
1222 3577 1239 3618 »
1258 3561 1311 3615 392

649 3775 746 3830 Garun
768 3775 787 3830 1.

545 3921 579 3954 DE
596 3920 692 3955 centua
707 3891 893 3956 doemonum.

131 4070 190 4125 356.
209 4073 308 4132 Plures
327 4076 355 4130 in
374 4076 448 4131 idem
471 4076 605 4132 iudicium
630 4077 753 4133 incidere
775 4082 890 4146 possunt
909 4079 1094 4149 quaestiones.
1113 4095 1184 4150 quae

235 4187 312 4238 certo
329 4183 426 4238 ordine
444 4182 653 4253 cognoscendae
671 4189 738 4239 eunt
774 4224 780 4236 .
811 4182 813 4186 ’
819 4223 1137 4238 ........
1171 4203 1238 4255 pap.
1258 4186 1311 4240 394

133 4282 191 4339 357.
210 4287 392 4358 Explicantur
410 4287 525 4358 regulae
542 4304 615 4358 quae
634 4287 741 4343 dictant
759 4287 884 4343 ordinem
904 4287 1092 4344 servandum.
1130 4327 1136 4341 .
1219 4303 1237 4346 »
1270 4288 1310 4344 ibi
