3350 5117
334 300 401 365 208
858 319 942 367 rans
966 319 988 366 1.

335 441 415 506 dans
438 444 486 509 ius
510 462 574 507 non
597 441 713 508 habeat
737 443 796 508 sibi
817 441 968 527 exigendi
992 461 1011 504 a
1034 446 1247 527 procuratore
1270 460 1325 506 res
1348 459 1432 522 suas,
1449 442 1509 505 nisi

335 568 365 630 ei
389 566 514 632 reficiat
536 588 696 653 expensas
718 572 752 633 et
774 567 934 640 damnum,
952 587 1009 632 seu
1024 565 1217 652 respondeat
1232 568 1350 632 actioni
1367 565 1509 666 mandeti

335 687 528 756 confrariae.
547 693 599 756 Ex
613 691 749 757 adverso
779 693 806 756 si
834 692 1130 755 excommunicatus
1161 691 1261 756 vellet
1290 695 1442 777 agentem
1465 710 1507 756 ex

335 820 487 902 petitione
509 817 707 899 hereditatis,
721 820 935 883 reconvenire
960 838 1002 882 ex
1024 819 1116 882 titulo
1133 819 1311 904 emptionis,
1328 838 1443 904 nempe
1467 838 1510 883 ex

334 946 399 1010 alia
421 949 527 1015 causa,
552 965 630 1009 sane
661 945 743 1009 haec
774 945 990 1009 reconventio
1014 943 1191 1030 denegatur
1214 945 1505 1015 excommunicato,

334 1068 496 1150 quianon
520 1073 568 1135 est
596 1067 782 1132 necessaria
811 1066 971 1141 detensio;
995 1071 1061 1131 tum
1092 1068 1179 1132 enim
1210 1067 1508 1130 excommunicatus

335 1193 421 1258 foret
451 1199 543 1257 actor
572 1193 796 1261 voluntarius.
821 1192 869 1256 (ll.
895 1192 1043 1278 Pirhing,
1069 1193 1114 1257 tit.
1138 1193 1190 1258 De
1218 1191 1289 1257 iad.
1317 1211 1352 1256 n.
1376 1189 1425 1256 39
1455 1192 1509 1275 qui

334 1315 410 1380 huic
433 1317 611 1380 sententiae
634 1315 801 1381 adhaeret.
826 1317 995 1382 Caeterum
1019 1318 1087 1402 ipse
1110 1312 1320 1381 Reiffenstuel
1344 1317 1364 1382 t.
1382 1336 1408 1382 c.
1432 1313 1510 1381 aa

334 1443 459 1521 usserit,
483 1441 752 1506 reconventiones
779 1460 844 1505 non
875 1460 946 1505 esse
974 1441 1161 1526 simpliciter
1190 1441 1430 1513 conventiones,
1451 1439 1508 1504 sed

334 1570 473 1651 speciem
497 1568 632 1633 induere
654 1567 851 1634 defensionis
875 1565 930 1652 (l).
956 1566 1065 1642 Quare
1088 1588 1152 1632 non
1176 1567 1305 1633 videtur
1327 1587 1508 1654 congruum

334 1693 416 1776 quod
440 1694 494 1758 hic
516 1692 630 1759 doctor
654 1698 748 1778 neget
771 1693 1049 1759 excommunicato
1069 1693 1364 1774 reconventionem,
1381 1690 1508 1775 quando

333 1819 429 1882 etiam
453 1823 502 1882 est
525 1816 636 1883 modus
658 1816 864 1882 necessariae
887 1815 1091 1881 detensionis.
1116 1851 1161 1864 -
1184 1813 1254 1880 Hoc
1277 1833 1433 1901 expresse
1456 1814 1508 1878 de

333 1941 439 2004 cernit
461 1938 577 2022 cop.5
600 1937 649 2003 De
670 1957 786 2020 emeep.
803 1937 838 2000 X
858 1935 913 2023 (ll,
931 1937 997 2021 25),
1023 1935 1135 2002 iubens
1162 1936 1296 2002 concedi
1320 1955 1502 2001 excommu-

332 2067 447 2130 nicatis
481 2066 604 2149 copiam
640 2065 844 2128 necessariae
880 2062 1087 2144 detensionis,
1123 2061 1292 2128 dummodo
1318 2064 1445 2148 «quod
1469 2063 1508 2129 tn

331 2189 536 2270 defensionis
570 2186 759 2271 remedium
789 2185 991 2258 sustinetur,
1022 2186 1068 2251 ad
1098 2185 1371 2271 improperationis
1404 2191 1506 2253 mate

332 2314 423 2378 mam
447 2310 536 2396 (non)
561 2312 766 2389 exteadatur
781 2331 812 2376 s.

424 2437 497 2502 179.
523 2437 688 2502 Hactenus
719 2437 758 2502 de
787 2437 967 2502 actionibus
991 2441 1023 2502 et
1045 2437 1287 2522 exceptionibus
1317 2438 1354 2503 in
1381 2456 1509 2524 pentae

333 2561 554 2627 consideratis.

422 2687 554 2750 Interim
571 2684 714 2756 actionis,
740 2686 1012 2754 reconventieuis,
1032 2689 1065 2749 et
1087 2684 1206 2750 cumuli
1222 2685 1384 2750 actionum
1409 2703 1507 2770 expo-

332 2812 451 2874 suimus
474 2814 622 2875 naturam
646 2818 679 2873 et-
702 2829 805 2889 usum,
828 2808 910 2874 adeo
935 2815 969 2874 ut
992 2807 1187 2873 concludere
1210 2808 1308 2874 liceat
1331 2829 1369 2874 ea
1395 2811 1504 2875 omnia

331 2933 363 2995 in
381 2932 529 2997 iudicium
545 2952 566 2996 a
584 2931 728 3016 partibus
750 2932 849 2998 allata
873 2931 983 2996 reduci
999 2931 1040 2996 ad
1064 2951 1165 3018 genus
1182 2932 1319 2996 actionis
1340 2939 1395 2996 aut
1410 2952 1505 2998 exce

421 3159 460 3226 (t)
474 3159 570 3218 Quoad
580 3159 723 3227 negotium
737 3159 968 3226 reconventieuis,
982 3159 1061 3213 medo
1075 3159 1234 3214 advertatur
1247 3157 1391 3227 dispositio
1404 3173 1463 3226 cap.
1477 3157 1507 3225 6,

332 3265 374 3318 De
392 3267 461 3330 orb,
476 3265 505 3318 Χ
522 3266 553 3332 (Ι,
566 3265 621 3331 43),
642 3267 687 3318 ubi
708 3266 915 3333 praescribitur,
929 3267 1062 3320 arbitrum
1082 3282 1137 3318 nou
1157 3265 1260 3320 babere
1279 3264 1503 3334 potestatemiu·

330 3370 439 3424 dicandi
458 3371 491 3424 de
508 3371 544 3422 iis
562 3386 616 3424 nou
629 3370 836 3440 comprehensis
856 3371 883 3424 in
898 3371 1109 3439 compromisso;
1126 3370 1187 3424 ideo
1205 3387 1299 3424 coram
1319 3383 1352 3423 eo
1372 3369 1433 3424 fieri
1447 3385 1503 3422 non

332 3494 410 3548 posse
429 3481 679 3532 reconventionem.
693 3479 816 3540 -Quod
836 3479 957 3548 intelligi
971 3479 1054 3533 debet
1065 3479 1098 3533 de
1112 3482 1324 3534 recortnentionc
1339 3496 1394 3530 non
1410 3495 1506 3533 neces·

331 3588 422 3648 saria,
441 3585 474 3638 de
492 3588 650 3639 necessario
662 3587 737 3640 enim
750 3603 821 3657 quae
841 3587 935 3640 subest
954 3585 982 3639 in
1001 3586 1111 3639 indiciis
1129 3587 1284 3654 duplicibus
1296 3587 1427 3656 serenillae
1440 3587 1505 3639 ber-

331 3693 477 3745 ciscundae
501 3698 551 3744 ant
574 3692 673 3760 finium
697 3692 891 3762 rependat-um
916 3695 965 3743 ant
993 3692 1028 3743 da
1054 3691 1193 3743 commoni
1219 3691 1372 3744 diuidundo
1398 3691 1506 3744 arbiter

330 3817 409 3852 suum
429 3798 542 3851 laudum
566 3799 689 3868 proferre
713 3797 797 3852 valet.
817 3799 858 3851 Cf.
879 3797 1123 3862 dividis-Serenni,
1149 3797 1284 3850 Pondette
1310 3801 1327 3859 ἓ
1352 3795 1396 3848 99.
1416 3823 1449 3836 -
1473 3794 1504 3848 ln

330 3903 393 3956 aliis
412 3904 670 3957 reconventionibus
694 3921 750 3956 non
769 3903 943 3968 necessariis,
968 3903 1076 3956 arbiter
1093 3907 1170 3958 earet
1195 3905 1343 3971 potestate
1363 3915 1417 3954 non
1437 3917 1507 3954 vero

331 4010 417 4062 iudex
434 4011 581 4080 (taleporos
600 4009 655 4079 qni,
674 4026 709 4064 ex
728 4026 787 4079 cap.
809 4010 832 4075 l,
848 4012 888 4064 De
904 4019 969 4062 vivut.
982 4019 1038 4079 pet.
1059 4010 1088 4062 X
1104 4008 1149 4076 (ll,
1162 4008 1197 4080 4),
1219 4006 1361 4077 compellit
1380 4011 1506 4060 actorem
1539 4065 1543 4070 ,

330 4115 365 4169 ad
384 4117 600 4184 respondendum
620 4133 667 4171 reo
679 4118 708 4169 iu
722 4135 806 4172 cansa
819 4117 1054 4182 reconventionis;
1073 4121 1102 4172 et
1121 4121 1266 4186 utramque
1280 4133 1391 4170 eausam
1405 4117 1506 4170 ordine

330 4225 483 4278 successivo
502 4223 584 4277 simul
603 4225 697 4279 audiet
714 4230 744 4279 et
763 4243 818 4278 una
836 4226 977 4280 sententia
997 4225 1208 4280 terminabitis
1227 4225 1289 4278 istis
1309 4224 1504 4279 reconventio-

330 4328 411 4381 nibus
429 4345 485 4380 aon
502 4332 668 4383 necessariis
693 4348 748 4383 uua
770 4347 854 4384 causa
873 4333 907 4384 ab
927 4330 983 4384 alia
1008 4347 1062 4385 non
1081 4332 1258 4397 absorbetur3
1284 4330 1330 4385 sed
1358 4334 1506 4400 utramque

329 4439 441 4503 oportet
459 4437 617 4490 ‹tisiunctim
635 4437 752 4506 agitare,
771 4442 800 4490 at
819 4455 875 4490 uiui
894 4437 1033 4491 sententia
1052 4438 1210 4493 terminare.
