3350 5117
310 285 378 350 636
833 304 917 353 rens
942 306 965 351 1.

310 429 485 515 explicata,
518 428 644 513 quando
679 429 814 513 querela
847 429 1029 494 cumuletur
1060 414 1133 495 cum
1164 432 1233 516 ipsa
1263 429 1490 515 appellatione,

308 560 388 620 tune
412 559 502 619 certe
525 555 744 640 promovenda
770 560 820 621 est
849 555 943 621 intra
973 556 1197 639 decendium
1220 556 1296 639 quia
1322 551 1365 620 fit·
1384 555 1492 640 potius

309 678 492 764 appellatio,
516 698 612 763 quam
634 679 773 764 simplex
796 680 931 764 querela
954 681 1118 748 nullitatis.

399 802 474 869 655.
499 802 707 889 Beneficium
729 822 838 870 nouae
861 804 1056 871 audientiae
1079 801 1187 870 differt
1202 802 1242 870 ab
1259 804 1491 890 appellatione.

309 929 385 1012 quia
399 928 482 993 haee
498 925 534 993 flt
549 927 591 992 ad
607 929 807 1013 superiorem
823 927 971 1002 iudicem,
989 927 1066 994 illud
1081 928 1261 995 admittitur
1276 934 1308 993 et
1332 927 1491 1014 impletur

308 1053 394 1138 apud
418 1052 564 1118 eumdem
588 1052 723 1119 iudicem
748 1054 800 1137 qui
824 1056 1017 1119 senteutiam
1041 1054 1277 1140 pronunciavit
1295 1074 1333 1119 eo
1355 1052 1493 1119 consilio

313 1182 346 1243 ut
368 1179 559 1242 senteutiam
590 1179 735 1263 corrigat
757 1182 813 1243 aut
839 1176 982 1244 infirmet
1004 1184 1060 1244 aut
1083 1176 1262 1244 confirmet.
1288 1182 1332 1245 At
1354 1184 1493 1265 praeter

309 1302 396 1368 hane
418 1299 632 1368 differentiam
656 1310 689 1371 et
711 1303 790 1369 alias
814 1323 878 1368 non
901 1304 1011 1388 magui
1034 1306 1185 1369 momenti
1209 1306 1493 1371 neeessario'oon·

309 1434 481 1512 sequentes
505 1414 537 1493 in
562 1449 714 1513 processu
737 1448 847 1495 aerae
869 1429 1063 1497 audientiae
1090 1429 1130 1495 ob
1153 1450 1218 1495 nou
1242 1434 1385 1495 secutam
1412 1447 1492 1513 pro-

310 1553 512 1617 vocationem
536 1551 576 1616 ad
592 1552 729 1617 iudicem
746 1553 956 1638 superiorem,
973 1554 1007 1618 iu
1022 1554 1140 1619 ceteris
1163 1553 1325 1637 requisitis
1350 1550 1413 1617 hoe
1437 1552 1497 1616 in·

310 1677 453 1741 stitutum
481 1677 633 1740 convenit
655 1696 728 1740 eum
752 1676 984 1762 appellatione,
1013 1678 1205 1761 praesertim
1232 1678 1265 1741 in
1288 1672 1407 1767 effectu
1429 1694 1492 1740 aa·

308 1802 475 1884 speresiva.

401 1926 477 1991 656.
502 1926 645 2010 Denique
667 1945 828 1993 recursus
851 1945 915 1991 nou
939 1946 1004 1991 una
1027 1927 1152 1992 ratione
1175 1922 1283 1991 differt
1313 1924 1353 1989 ab
1377 1924 1491 2010 appel·

310 2049 439 2130 latione,
463 2049 518 2115 sed
543 2071 615 2115 cum
639 2052 751 2136 primis
773 2051 964 2117 advertatur
994 2070 1172 2117 recursum
1187 2052 1323 2117 ‘assumi
1351 2047 1409 2114 sub
1437 2048 1486 2113 di·

310 2172 415 2234 versis
437 2169 730 2257 significationibus.
752 2172 933 2256 Aliquando
956 2174 1131 2238 assumitur
1153 2192 1212 2258 pro
1236 2174 1306 2257 ipsa
1328 2170 1485 2254 appella·

309 2293 399 2360 tione
426 2295 681 2361 eatretadieiati
698 2316 776 2383 ⁸non
806 2295 947 2362 habente
977 2298 1130 2380 effectum
1161 2294 1419 2379 strepentem
1450 2299 1487 2359 et

309 2418 383 2483 telis
405 2439 566 2487 recursus
591 2420 769 2488 admittitur
797 2423 830 2487 in
849 2423 963 2503 causis,
988 2441 1070 2506 quae
1097 2423 1130 2486 in
1154 2440 1266 2486 earum
1291 2419 1488 2485 executione

236 2630 239 2635 ‚
311 2542 472 2609 retardari
495 2564 560 2609 uon
584 2550 733 2631 possunt;
765 2552 798 2611 et
829 2545 925 2611 debet
954 2547 1114 2631 interponi
1143 2544 1235 2610 intra
1266 2544 1382 2610 desem
1404 2542 1489 2615 dies,

310 2689 353 2733 ex
375 2688 450 2751 eap.
476 2670 508 2744 8,
535 2670 566 2734 h.
591 2675 612 2734 t.
636 2670 673 2735 ia
697 2670 729 2744 6,
753 2671 794 2736 ab
821 2672 919 2736 allato
949 2670 1139 2756 gravamine
1169 2667 1489 2735 eretraiadieialiter.

314 2766 319 2775 ⁹
400 2794 557 2880 Proprius
579 2796 677 2861 etiam
692 2815 853 2862 recursus
866 2796 986 2862 dieitur
1002 2796 1198 2881 provocatio,
1216 2814 1298 2879 quae
1314 2792 1350 2859 lit
1364 2798 1492 2858 tautum

309 2916 350 2982 ad
367 2917 482 2984 Sedem
497 2920 714 3005 Apostolieam
731 2923 764 2987 in
780 2920 943 2987 nonnullis
960 2922 1065 2987 causis
1087 2919 1334 3005 appellationem
1351 2937 1417 2982 uon
1433 2916 1491 2981 ad·

310 3044 517 3111 mittentibus.
532 3047 636 3110 Huius
647 3048 778 3131 generis
793 3052 868 3111 suut
880 3048 1059 3114 sententiaa
1072 3045 1158 3111 latae
1172 3064 1215 3109 ex
1227 3043 1403 3111 informata
1415 3060 1493 3106 oon·

309 3168 454 3233 seientia
471 3204 514 3218 -
531 3169 613 3235 Item
637 3186 754 3233 musae
770 3188 852 3252 quae
875 3166 918 3234 ab
943 3167 1077 3235 homine
1092 3186 1208 3252 nempe
1223 3186 1244 3231 a
1260 3166 1359 3233 Rom.
1376 3166 1491 3241 Paret,

309 3294 426 3380 quippe
441 3295 608 3380 superiore
620 3293 692 3358 iure
708 3294 879 3365 communi,
893 3292 1092 3379 delegantur,
1106 3292 1335 3391 appellatione
1345 3298 1490 3359 remota.

311 3417 392 3482 Nam
414 3422 509 3482 cavet
532 3418 605 3483 Inu.
630 3418 680 3483 Ill
704 3419 935 3502 interpretatus
960 3416 1046 3482 hane
1069 3416 1245 3483 clausulam
1269 3418 1303 3481 in
1326 3435 1401 3500 eap.
1425 3415 1491 3493 53,

309 3542 360 3607 De
382 3543 506 3626 appell.
523 3543 567 3607 X:
586 3563 604 3605 ‹
619 3539 688 3608 Sed
709 3542 739 3608 si
761 3543 941 3625 appellans
955 3540 1062 3625 faerit
1076 3547 1242 3627 praeatus
1257 3540 1389 3622 iniuste,
1405 3562 1490 3628 pra·

308 3684 433 3731 samen
457 3665 652 3741 huiusmodi
673 3683 738 3748 per
751 3664 964 3748 superiorem
983 3664 1110 3749 poterit
1125 3664 1303 3730 emendari
1320 3684 1351 3728 a.
1368 3664 1413 3728 At
1430 3664 1492 3729 iste

309 3791 457 3875 superior
480 3796 529 3855 est
552 3791 619 3875 ipse
644 3790 737 3855 Rom.
755 3792 849 3857 Pont.
871 3790 1042 3877 delepaaa
1066 3788 1106 3853 ad
1130 3809 1224 3873 quem
1239 3790 1493 3857 resumendum

308 3919 357 3979 est
378 3932 438 3998 pro
461 3912 569 3978 damni
594 3914 826 3980 emendatione.
843 3950 889 3963 —-
912 3913 1001 3979 Idem
1027 3913 1182 3979 Pontifex
1198 3913 1348 3988 advertit,
1366 3916 1400 3979 iu
1415 3914 1491 3982 eod.

308 4059 384 4123 eap.
407 4045 515 4106 tamen
538 4041 705 4127 prohiberi
728 4045 853 4107 tautum
876 4040 1124 4126 appellationem
1142 4061 1161 4103 ‹
1178 4060 1267 4125 qaae
1282 4061 1305 4107 a
1328 4041 1405 4108 iure
1419 4061 1492 4109 nen

307 4162 507 4251 indulpetur
528 4182 688 4246 expresse
710 4185 742 4227 ›.
767 4162 947 4227 Admodum
971 4160 1163 4228 adlaboraut
1187 4163 1251 4228 Di).
1276 4164 1310 4229 in
1333 4163 1492 4230 determi-

308 4278 423 4345 nandis
457 4280 583 4347 casibus
617 4280 840 4366 appellationis
875 4300 894 4345 a
929 4282 1001 4346 iure
1038 4299 1202 4364 eapresee
1240 4281 1405 4349 indultae:
1441 4283 1487 4349 ef.

308 4400 506 4487 Sehmaingr.
532 4402 562 4466 b.
588 4408 608 4466 t.
633 4422 668 4467 a.
692 4401 744 4468 31.
770 4402 871 4467 Plura
895 4399 1077 4469 afferuntur
1105 4404 1218 4487 capita
1241 4403 1354 4487 quibus
1378 4406 1489 4471 indul-
