3350 5117
260 294 325 361 456
784 313 868 359 anus
892 313 914 358 1.

259 434 399 500 redactis
422 456 441 499 a
464 434 669 515 cancellari0,
694 456 775 519 quae
800 436 907 499 omnia
929 434 1045 500 confici
1071 435 1188 500 debent
1211 436 1297 499 intra
1320 433 1435 498 termi-

259 550 335 623 num
359 560 589 645 probatorium.
615 560 694 625 Dein
718 559 890 626 inchoatur
913 558 1101 643 disceptatio
1124 559 1255 641 scripta,
1271 576 1355 641 quae
1378 554 1436 619 ab·

257 685 394 749 solvitur
423 686 457 749 in
488 684 733 769 allegationibus
760 689 793 749 et
819 682 1159 757 animadversionibus,
1184 680 1264 767 q'uas
1287 700 1433 766 quaeque

257 829 333 894 pars
360 808 489 875 deducit
512 810 544 873 in
568 810 697 893 scriptis
727 808 766 873 ad
799 808 992 893 explicanda
1014 815 1205 893 argumenta
1235 808 1300 872 litis
1332 825 1434 890 eaque

258 933 500 1019 interpretanda
524 934 563 999 ad
587 954 717 999 normas
741 935 828 999 iuris.
847 970 890 983 -
906 934 1075 1027 Contentio
1095 939 1201 999 autem
1226 934 1333 1001 oralia
1348 953 1433 999 com-

256 1060 324 1144 plet
346 1066 379 1123 et
401 1058 556 1124 absolvet.
569 1057 735 1144 periodum
759 1059 999 1144 disceptationis
1023 1058 1237 1143 probatoriae.

345 1182 420 1247 433.
439 1184 555 1248 Partes
578 1186 661 1247 enim
679 1184 860 1248 volcarum
878 1190 1116 1268 procuratores.
1133 1186 1165 1247 in
1189 1183 1362 1255 audientia,
1380 1202 1430 1247 re-

256 1306 366 1371 ferunt
382 1309 561 1373 summatim
585 1309 692 1372 omnia
715 1308 813 1373 allata
837 1312 869 1372 et
888 1307 1024 1393 probata
1047 1307 1080 1371 in
1097 1308 1213 1373 iudicio
1237 1300 1271 1373 et
1289 1307 1364 1372 inde
1380 1291 1434 1373 de·

256 1431 377 1497 ducunt
399 1432 622 1498 conclusiones
644 1436 712 1499 tum
736 1434 773 1498 in
796 1432 963 1500 iuratum
986 1433 1023 1497 in
1040 1433 1142 1516 sacto,
1160 1433 1244 1497 unde
1268 1432 1433 1498 enascitur

256 1553 410 1620 discussio
435 1555 475 1619 ob
499 1558 723 1641 responsiones
746 1556 786 1621 ab
810 1577 876 1621 una
894 1565 986 1642 parte
1009 1557 1150 1623 obiectas
1174 1558 1309 1622 alterius
1322 1556 1430 1640 partis

256 1682 462 1765 argumentis.
474 1717 517 1730 —
529 1680 632 1747 Iudex
644 1684 784 1746 maxima
798 1681 968 1767 prudentia
982 1688 1014 1747 et
1025 1704 1082 1747 suo
1095 1684 1230 1767 imperio
1243 1681 1431 1746 moderatur

256 1805 436 1870 huiusmodi
463 1804 709 1877 contentionem,
736 1827 776 1870 ne
800 1804 856 1871 fiat
882 1808 1028 1872 confusio
1052 1814 1085 1873 et
1108 1827 1149 1872 ne
1172 1786 1431 1874 cavillationibus

256 1934 290 1995 et
304 1930 549 2014 sophismatibus
565 1930 778 1996 obscurentur
794 1952 877 2016 quae
893 1934 956 1997 iam
969 1941 1138 2019 perspecte
1157 1936 1189 1999 in
1206 1933 1348 2019 probatis
1365 1935 1433 1998 exi·

257 2057 354 2116 stunt.
372 2052 480 2127 Quare
496 2055 564 2140 ipse
588 2055 684 2120 iudex
708 2056 871 2122 exaltatis
894 2064 927 2121 et
942 2058 1086 2143 probatis
1106 2059 1184 2123 citat
1207 2063 1239 2122 et
1255 2058 1371 2122 recolit
1390 2077 1432 2123 ca

255 2178 349 2259 sacta
364 2198 446 2262 quae
462 2181 612 2246 videntur
626 2180 823 2249 sufficienter
839 2184 983 2269 probata,
1000 2204 1039 2249 ea
1055 2205 1134 2249 vero
1157 2171 1240 2269 quae
1255 2183 1342 2249 iuris
1358 2190 1433 2249 sunt

256 2300 324 2385 ipso
339 2303 457 2389 allegat
481 2312 513 2371 et
536 2307 684 2393 applicat,
702 2310 770 2373 sive
786 2318 897 2393 partes
917 2309 1152 2394 explicaverint
1170 2315 1258 2373 recte
1278 2310 1435 2393 quaestio

255 2446 329 2490 nem
346 2428 432 2493 iuvas
454 2431 522 2495 sive
545 2438 754 2515 praepostere
775 2432 969 2498 deduxerint
989 2433 1069 2497 iuris
1084 2434 1256 2525 principia;
1276 2432 1432 2516 siquidem
1519 2431 1523 2440 ’

256 2549 368 2617 iudicis
391 2560 440 2617 est
455 2554 618 2639 applicare
634 2556 687 2621 ius
703 2558 797 2621 etiam
814 2556 990 2641 supplendo
1010 2562 1066 2621 aut
1083 2557 1277 2642 corrigendo
1294 2559 1431 2641 partium

255 2674 474 2759 allegationes,
491 2680 534 2742 uti
551 2680 785 2763 explicavimus
801 2700 875 2763 cop.
887 2682 933 2760 ll,
950 2701 983 2744 n.
995 2681 1052 2750 72,
1071 2680 1124 2747 De
1139 2684 1193 2764 off.
1208 2682 1276 2745 iud.
1295 2680 1431 2743 Praxim

256 2794 319 2858 sori
335 2798 414 2861 eccl.
439 2800 538 2864 tradit
558 2801 733 2886 Pellegrini
757 2821 811 2883 op.
829 2802 881 2867 cit.
899 2802 919 2865 l.
938 2822 964 2867 c.
989 2800 1195 2867 orrbseotione
1211 2799 1254 2865 13
1277 2801 1434 2884 inscripta

255 2921 306 2986 Dc
321 2926 503 2991 monitione
526 2928 572 2991 od
592 2899 813 3012 allocandum
837 2928 875 2992 in
898 2928 974 2993 iure
997 2933 1028 2992 el
1044 2928 1079 2992 in
1092 2927 1194 3010 sacto.
1212 2932 1245 2991 et
1259 2928 1304 2992 ait
1320 2928 1431 2990 huius-

255 3045 340 3111 modi
370 3048 615 3134 disputationem
646 3072 790 3137 congrue
821 3052 981 3116 inservire
1005 3050 1045 3114 ad
1074 3038 1339 3131 informandum
1359 3049 1432 3113 ani·

255 3194 350 3237 ratum
380 3174 511 3247 iudicis,
537 3176 661 3259 quando
685 3176 767 3241 haec
794 3195 893 3261 parce
917 3176 963 3261 (l)
982 3173 1050 3248 fiat,
1077 3178 1231 3241 resecatis
1261 3173 1432 3260 superfluis

256 3299 442 3385 ambagibus
466 3308 498 3365 et
521 3302 692 3367 verborum
716 3304 1022 3368 concertationibus.

345 3422 466 3512 Suapte
491 3428 530 3499 vi,
563 3428 607 3491 uti
639 3427 867 3492 advocatorum
901 3431 1064 3492 orationes
1094 3430 1223 3513 scriptis
1255 3432 1436 3493 exarantur

256 3554 319 3617 iam
334 3553 478 3618 absoluta
494 3553 715 3637 probationum
734 3554 956 3626 instructione,
974 3556 1017 3618 ita
1043 3556 1136 3618 vivae
1156 3555 1245 3618 vocis
1268 3554 1434 3619 contentio

255 3680 304 3740 est
326 3674 491 3761 postrema
511 3697 586 3761 pars
610 3695 779 3760 processus
805 3676 961 3741 iudicialis
989 3681 1064 3741 ante
1096 3678 1288 3742 sententiam
1319 3676 1434 3741 defini-

254 3803 362 3865 tivam.
380 3838 423 3850 -—
440 3801 501 3866 Sed
518 3803 693 3885 quaeritur.
710 3821 751 3865 au
776 3821 861 3877 nora
875 3809 1066 3886 argumenta
1081 3801 1306 3886 probationum
1322 3799 1433 3867 afferri

255 3929 384 4011 possint,
410 3928 536 4012 quando
560 3935 669 4013 partes
692 3930 760 3993 sive
785 3930 914 4013 scriptis
938 3930 1005 3993 sive
1028 3930 1104 3993 viva
1126 3949 1207 3993 voce
1234 3948 1309 3994 suas
1332 3927 1435 3994 confl-

344 4122 383 4189 (l)
403 4123 483 4191 Apud
502 4123 547 4175 SS.
562 4122 647 4193 Cong.
663 4124 732 4188 na,
750 4140 821 4194 quae
842 4123 967 4176 iudiciali
983 4124 1079 4177 ordine
1092 4123 1225 4177 dirimunt
1243 4124 1364 4193 negotia,
1394 4124 1435 4177 in-

255 4228 371 4280 structio
389 4245 489 4284 causac
508 4238 537 4285 et
551 4232 743 4299 probationum
764 4230 893 4285 deductio
906 4248 941 4285 cx
954 4231 1064 4299 integro
1082 4231 1193 4299 scriptis
1212 4232 1292 4297 fiunt,
1305 4231 1352 4285 sed
1365 4235 1431 4284 aute

254 4329 452 4397 definitionem,
466 4333 526 4387 En‘ri
547 4334 650 4389 iudices
669 4334 820 4388 admittunt
833 4338 927 4403 partes
945 4338 994 4387 arvt
1013 4350 1107 4387 corum
1124 4333 1273 4387 advocatos
1292 4332 1326 4385 ad
1345 4334 1435 4403 infor-

255 4439 403 4493 mationem
421 4457 470 4493 seu
490 4440 523 4493 ad
542 4440 647 4493 oralem
665 4439 889 4510 disputationem.
