3350 5117
509 320 554 365 nn
577 319 715 367 morsus
740 317 1004 365 accussrssrrms
1276 300 1344 365 433

170 445 289 509 tcriam
313 448 398 529 patet
429 442 573 528 apprime
602 461 644 505 ex
667 441 735 526 ipso
759 446 873 505 tenore
905 440 1073 505 citationis.
1100 441 1179 505 Nam
1211 443 1243 505 in
1267 444 1346 507 cita·

168 566 255 631 tione
284 564 397 645 iudex,

259 690 290 773 l)
315 688 412 757 debet
436 690 621 774 exprimere
646 708 736 753 suum
762 707 897 759 nomen,
922 694 955 752 et
977 688 1002 752 si
1027 689 1068 751 sit
1098 688 1283 773 delegatus,
1306 688 1347 755 de

167 814 300 898 proprio
325 812 467 897 legitimo
492 811 641 877 mandato
666 830 757 875 reum
782 813 959 875 certiorem
984 810 1123 877 reddere
1146 810 1250 891 debet,
1267 812 1349 876 inse·

166 934 269 1001 rendo
300 936 412 1001 literas
442 934 669 1021 delegationis;
695 936 738 1000 uti
764 933 935 999 docuimus
964 956 998 999 6.
1028 936 1082 1015 91,·
1105 932 1147 999 61.
1169 933 1347 1019 Pellegriui

167 1064 188 1127 t.
212 1084 239 1129 c.
265 1062 392 1149 subsec.
408 1062 443 1133 2,
467 1082 502 1125 a.
527 1061 586 1127 25.

256 1187 291 1274 2)
317 1187 496 1252 Praeterea
526 1186 665 1252 dilucide
696 1184 874 1271 explicabit
901 1187 1110 1251 intentionem
1141 1186 1260 1250 actoris
1290 1206 1348 1250 seu

167 1325 225 1371 reo
248 1306 499 1371 communicabit
529 1305 678 1373 libellum
709 1306 843 1376 actoris.
874 1308 899 1370 si
929 1310 1047 1391 agatur
1070 1304 1110 1371 de
1133 1306 1238 1391 prima
1268 1307 1347 1370 cita·

167 1435 255 1498 tione
278 1454 336 1499 seu
358 1433 398 1498 de
421 1434 454 1497 in
478 1433 527 1497 ius
550 1430 705 1497 vocando.
738 1432 903 1516 Siquidem
926 1433 959 1495 16
984 1433 1205 1516 prosequendo
1228 1434 1347 1499 iudicio

167 1562 236 1625 sive
259 1563 352 1624 actor
374 1561 443 1623 s'ive
466 1579 542 1623 reus
558 1558 627 1623 sive
643 1558 701 1642 ipsi
717 1562 816 1624 testes
832 1564 889 1623 aut
904 1558 986 1623 aliae
1003 1578 1160 1643 personae
1176 1559 1348 1643 aliquando

168 1702 189 1747 a
210 1682 317 1748 iudice
345 1682 524 1747 invitantur
547 1682 588 1747 ad
611 1681 749 1765 aliquem
773 1688 881 1746 actum
906 1683 1144 1766 processualem
1168 1684 1348 1768 respective

168 1809 349 1893 proprium;
375 1814 407 1873 et
429 1815 507 1873 tunc
530 1807 719 1892 simpliciter
743 1812 792 1871 est
815 1804 1045 1892 significandus
1066 1815 1158 1875 actus
1182 1806 1347 1889 iudicialis,

171 1950 266 2015 quem
283 1932 416 2015 quisque
433 1932 558 2005 citatus,
577 1933 768 2019 respective,
785 1932 996 2017 interponere
1019 1930 1122 1997 debet.

259 2053 293 2137 3)
319 2053 437 2118 lnnuet
459 2054 578 2119 actoris
602 2073 719 2119 nomen
748 2054 881 2137 eiusque
910 2051 1122 2117 conditionem
1147 2059 1295 2138 exponet,
1320 2056 1347 2118 si

173 2198 308 2243 necesse
323 2180 373 2251 sit,
399 2184 434 2244 ut
447 2180 515 2244 eius
527 2198 667 2263 persona
684 2178 832 2244 distincte
849 2200 907 2244 reo
923 2182 1110 2245 innotescat.

261 2300 295 2386 4)
319 2303 463 2387 Denique
486 2302 581 2369 debet
604 2308 730 2388 tempus
753 2305 929 2371 dilationis
941 2304 1116 2371 citatorioe
1131 2303 1283 2389 simplicis
1294 2308 1350 2368 aut

174 2426 412 2511 peremptoriae
428 2425 654 2508 determinare,
672 2428 746 2492 item
771 2426 871 2501 diem,
888 2427 1011 2497 horam,
1029 2427 1135 2492 locum
1150 2428 1350 2511 comparitio

171 2551 236 2616 nis:
254 2550 433 2617 huiusmodi
451 2552 535 2617 enim
556 2552 754 2627 conditiones
771 2557 846 2619 sunt
860 2555 1065 2619 necessariae
1080 2552 1120 2617 ad
1136 2552 1350 2619 determinan-

172 2668 246 2735 dam
258 2672 453 2735 citationem.
467 2672 592 2736 Verum
605 2674 631 2737 si
643 2673 725 2737 hora
738 2679 771 2738 et
783 2673 874 2738 locus
888 2674 1129 2759 comparitionis
1141 2693 1205 2737 non
1217 2673 1350 2737 innuan-

170 2794 235 2865 tur,
260 2792 453 2879 intelligitur
475 2794 641 2878 praestitui
674 2794 756 2858 hora
779 2803 811 2860 et
836 2796 926 2861 locus
956 2801 1128 2861 consuetus
1156 2795 1349 2861 audientiae.

260 2918 335 2981 407.
354 2918 514 2985 Executio
530 2918 672 2985 mandati
695 2920 859 2985 citationis
884 2921 1031 2987 iacienda
1046 2926 1095 2987 est
1117 2940 1177 3006 per
1191 2922 1350 3007 apparito

172 3063 243 3109 rem
267 3046 319 3109 vel
337 3046 482 3111 nuntium
499 3046 551 3110 vel
568 3066 627 3131 per
642 3046 738 3110 alium
764 3046 895 3111 modum
919 3067 1022 3130 aeque
1044 3053 1157 3129 tutum,
1175 3047 1266 3112 iuxta
1288 3066 1351 3110 mo

172 3168 275 3232 nitum
300 3168 381 3232 last
407 3168 440 3233 S.
469 3166 503 3234 0.
532 3170 601 3235 ΕΕ.
625 3174 656 3234 61
683 3168 757 3233 RH.
786 3170 823 3233 11
849 3168 1059 3241 1666111880,
1087 3169 1346 3253 ort.14‚quem

173 3294 347 3358 articulum
372 3294 575 3380 interpretati
598 3315 706 3361 sumus
723 3302 858 3382 agentes
876 3296 916 3361 de
932 3296 1196 3380 apparitoribus,
1216 3297 1345 3361 16152.

262 3422 343 3487 Nam
366 3422 408 3487 ad
431 3425 601 3489 essentiam
633 3424 794 3489 citationis
814 3424 934 3507 primo
959 3426 1135 3509 requiritur
1159 3424 1271 3489 iudicis
1296 3424 1347 3489 de·

171 3550 300 3610 cretum
317 3565 373 3611 reo
390 3546 588 3612 denuncians
615 3567 695 3613 onus
711 3548 843 3613 sistendi
860 3547 993 3622 iudicio;
1010 3548 1157 3615 secundo
1174 3550 1351 3632 requiritur

171 3673 263 3733 actus
285 3670 485 3735 executionis
501 3676 650 3756 exparte
673 3672 879 3757 apparitoris,
897 3671 1006 3755 quide
1023 3673 1174 3736 nunciata
1197 3672 1350 3738 citatione

172 3791 265 3858 fidem
280 3794 391 3861 facere
404 3794 507 3863 debet.
525 3817 542 3859 c
556 3796 629 3861 Alia
641 3796 702 3861 (luo
714 3797 770 3881 (ait
787 3796 975 3882 Pellegrini
990 3798 1010 3861 l.
1020 3818 1047 3863 c.
1061 3796 1187 3864 subsec.
1197 3796 1232 3871 2,
1245 3817 1278 3887 n.
1293 3795 1349 3879 13)

172 3921 327 4002 requisita
350 3920 389 3985 ad
413 3920 610 3999 validitatem
633 3922 793 3986 citationis
817 3942 861 3986 ex
884 3928 976 4007 parte
996 3924 1104 3988 nuncii
1126 3943 1185 3987 sen
1208 3926 1351 3989 cursoris

172 4051 259 4125 sunt,
277 4046 359 4129 quod
376 4048 443 4131 ipse
460 4048 537 4111 citet
553 4067 610 4111 seu
630 4052 812 4131 exequatur
829 4047 1080 4113 citationem...
1105 4047 1252 4112 Secundo
1267 4049 1350 4132 quod

173 4168 276 4233 faciat
301 4170 489 4235 relationem
513 4190 585 4235 cum
610 4169 847 4255 subscriptione
870 4169 1003 4235 duorum
1020 4171 1158 4243 testium,
1175 4171 1300 4254 quando
1316 4170 1351 4235 fit

173 4293 284 4356 citatio
301 4292 333 4356 in
350 4292 421 4357 loco
439 4294 550 4377 inquo
573 4292 687 4359 haberi
704 4298 850 4379 possunt;
873 4293 927 4358 ubi
950 4313 1030 4357 vero
1046 4314 1111 4359 non
1126 4296 1190 4359 sint
1204 4295 1350 4361 homines

173 4415 227 4497 qui
240 4415 345 4480 sciant
357 4416 512 4498 scribere,
537 4416 631 4481 debet
644 4416 771 4481 referre
784 4418 966 4481 citationem
992 4416 1089 4481 luisse
1104 4416 1224 4481 factam
1240 4439 1349 4483 coram

257 4566 260 4574 Α
319 4541 377 4593 Sor.
400 4540 485 4609 Lepti.
1173 4542 1208 4593 ‘28
