<?xml version="1.0" encoding="UTF-8"?>
<!DOCTYPE html PUBLIC "-//W3C//DTD XHTML 1.0 Transitional//EN"
    "http://www.w3.org/TR/xhtml1/DTD/xhtml1-transitional.dtd">
<html xmlns="http://www.w3.org/1999/xhtml" xml:lang="en" lang="en">
 <head>
  <title>
</title>
<meta http-equiv="Content-Type" content="text/html;charset=utf-8" />
  <meta name='ocr-system' content='tesseract 3.04.00' />
  <meta name='ocr-capabilities' content='ocr_page ocr_carea ocr_par ocr_line ocrx_word'/>
</head>
<body>
  <div class='ocr_page' id='page_1' title='image "./praelectionesin01legagoog_0372.png"; bbox 0 0 3350 5117; ppageno 0'>
   <div class='ocr_carea' id='block_1_1' title="bbox 316 289 973 356">
    <p class='ocr_par' dir='ltr' id='par_1_1' title="bbox 316 289 973 356">
     <span class='ocr_line' id='line_1_1' title="bbox 316 289 973 356; baseline -0.002 -2"><span class='ocrx_word' id='word_1_1' title='bbox 316 289 384 354; x_wconf 82' lang='lat'><strong>370</strong></span> <span class='ocrx_word' id='word_1_2' title='bbox 844 309 928 356; x_wconf 73' lang='lat' dir='ltr'><strong>rans</strong></span> <span class='ocrx_word' id='word_1_3' title='bbox 952 310 973 355; x_wconf 92' lang='lat'><strong>1.</strong></span> 
     </span>
    </p>
   </div>
   <div class='ocr_carea' id='block_1_2' title="bbox 314 427 1502 2878">
    <p class='ocr_par' dir='ltr' id='par_1_2' title="bbox 314 427 1502 1868">
     <span class='ocr_line' id='line_1_2' title="bbox 315 427 1501 515; baseline -0.003 -19"><span class='ocrx_word' id='word_1_4' title='bbox 315 431 425 496; x_wconf 90' lang='lat' dir='ltr'><strong>cilium</strong></span> <span class='ocrx_word' id='word_1_5' title='bbox 439 451 503 494; x_wconf 89' lang='lat' dir='ltr'><strong>non</strong></span> <span class='ocrx_word' id='word_1_6' title='bbox 518 432 647 515; x_wconf 88' lang='lat' dir='ltr'><strong>operari</strong></span> <span class='ocrx_word' id='word_1_7' title='bbox 672 427 805 496; x_wconf 85' lang='lat' dir='ltr'><strong>effectus</strong></span> <span class='ocrx_word' id='word_1_8' title='bbox 829 429 992 504; x_wconf 75' lang='lat' dir='ltr'><strong>inridicos</strong></span> <span class='ocrx_word' id='word_1_9' title='bbox 1009 431 1085 514; x_wconf 91' lang='lat' dir='ltr'><strong>quia</strong></span> <span class='ocrx_word' id='word_1_10' title='bbox 1106 430 1276 515; x_wconf 88' lang='lat' dir='ltr'><strong>praevalet</strong></span> <span class='ocrx_word' id='word_1_11' title='bbox 1299 427 1501 493; x_wconf 84' lang='lat' dir='ltr'><strong>domicilium</strong></span> 
     </span>
     <span class='ocr_line' id='line_1_3' title="bbox 316 553 1502 625; baseline -0.003 -5"><span class='ocrx_word' id='word_1_12' title='bbox 316 555 459 620; x_wconf 89' lang='lat' dir='ltr'><strong>habitum</strong></span> <span class='ocrx_word' id='word_1_13' title='bbox 484 557 516 618; x_wconf 92' lang='lat' dir='ltr'><strong>in</strong></span> <span class='ocrx_word' id='word_1_14' title='bbox 541 554 651 620; x_wconf 87' lang='lat' dir='ltr'><strong>eodem</strong></span> <span class='ocrx_word' id='word_1_15' title='bbox 675 555 757 620; x_wconf 91' lang='lat' dir='ltr'><strong>loco.</strong></span> <span class='ocrx_word' id='word_1_16' title='bbox 782 554 829 620; x_wconf 76' lang='lat'>(31.</span> <span class='ocrx_word' id='word_1_17' title='bbox 857 553 1058 620; x_wconf 84' lang='lat' dir='ltr'><strong>D&#39;Annibale</strong></span> <span class='ocrx_word' id='word_1_18' title='bbox 1081 553 1137 625; x_wconf 70' lang='lat'><strong>84,</strong></span> <span class='ocrx_word' id='word_1_19' title='bbox 1161 560 1231 620; x_wconf 82' lang='lat' dir='ltr'><strong>not.</strong></span> <span class='ocrx_word' id='word_1_20' title='bbox 1253 553 1305 620; x_wconf 79' lang='lat'><strong>23</strong></span> <span class='ocrx_word' id='word_1_21' title='bbox 1328 555 1350 618; x_wconf 86' lang='lat' dir='ltr'><strong>i.</strong></span> <span class='ocrx_word' id='word_1_22' title='bbox 1373 555 1426 621; x_wconf 80' lang='lat' dir='ltr'><strong>cit.</strong></span> <span class='ocrx_word' id='word_1_23' title='bbox 1445 555 1502 619; x_wconf 84' lang='lat' dir='ltr'><strong>vi-</strong></span> 
     </span>
     <span class='ocr_line' id='line_1_4' title="bbox 314 674 1502 765; baseline -0.001 -22"><span class='ocrx_word' id='word_1_24' title='bbox 314 679 411 744; x_wconf 91' lang='lat' dir='ltr'><strong>detur</strong></span> <span class='ocrx_word' id='word_1_25' title='bbox 433 680 558 765; x_wconf 88' lang='lat' dir='ltr'><strong>opinari</strong></span> <span class='ocrx_word' id='word_1_26' title='bbox 582 680 679 744; x_wconf 88' lang='lat' dir='ltr'><strong>etiam</strong></span> <span class='ocrx_word' id='word_1_27' title='bbox 703 680 736 744; x_wconf 93' lang='lat' dir='ltr'><strong>in</strong></span> <span class='ocrx_word' id='word_1_28' title='bbox 759 681 820 744; x_wconf 85' lang='lat' dir='ltr'><strong>isto</strong></span> <span class='ocrx_word' id='word_1_29' title='bbox 845 700 923 746; x_wconf 90' lang='lat' dir='ltr'><strong>casu</strong></span> <span class='ocrx_word' id='word_1_30' title='bbox 947 680 1036 764; x_wconf 84' lang='lat' dir='ltr'><strong>quasi</strong></span> <span class='ocrx_word' id='word_1_31' title='bbox 1061 677 1256 744; x_wconf 80' lang='lat' dir='ltr'><strong>domicilium</strong></span> <span class='ocrx_word' id='word_1_32' title='bbox 1279 677 1403 743; x_wconf 90' lang='lat' dir='ltr'><strong>habere</strong></span> <span class='ocrx_word' id='word_1_33' title='bbox 1422 674 1502 742; x_wconf 79' lang='lat' dir='ltr'><strong>effe·</strong></span> 
     </span>
     <span class='ocr_line' id='line_1_5' title="bbox 315 799 1501 886; baseline -0.003 -20"><span class='ocrx_word' id='word_1_34' title='bbox 315 806 386 866; x_wconf 89' lang='lat' dir='ltr'><strong>ctus</strong></span> <span class='ocrx_word' id='word_1_35' title='bbox 410 799 578 875; x_wconf 90' lang='lat' dir='ltr'><strong>iuridic0s;</strong></span> <span class='ocrx_word' id='word_1_36' title='bbox 602 802 676 884; x_wconf 89' lang='lat' dir='ltr'><strong>quia</strong></span> <span class='ocrx_word' id='word_1_37' title='bbox 706 801 810 886; x_wconf 89' lang='lat' dir='ltr'><strong>posito</strong></span> <span class='ocrx_word' id='word_1_38' title='bbox 844 800 932 867; x_wconf 83' lang='lat' dir='ltr'><strong>facto</strong></span> <span class='ocrx_word' id='word_1_39' title='bbox 959 801 1050 884; x_wconf 85' lang='lat' dir='ltr'><strong>quasi</strong></span> <span class='ocrx_word' id='word_1_40' title='bbox 1080 799 1244 871; x_wconf 81' lang='lat' dir='ltr'><strong>domicilii.</strong></span> <span class='ocrx_word' id='word_1_41' title='bbox 1268 817 1403 864; x_wconf 89' lang='lat' dir='ltr'><strong>curnam</strong></span> <span class='ocrx_word' id='word_1_42' title='bbox 1429 817 1501 863; x_wconf 91' lang='lat' dir='ltr'><strong>non</strong></span> 
     </span>
     <span class='ocr_line' id='line_1_6' title="bbox 315 919 1500 1008; baseline 0.001 -21"><span class='ocrx_word' id='word_1_43' title='bbox 315 931 490 1008; x_wconf 89' lang='lat' dir='ltr'><strong>sequentur</strong></span> <span class='ocrx_word' id='word_1_44' title='bbox 506 919 659 989; x_wconf 74' lang='lat' dir='ltr'><strong>effectus?</strong></span> <span class='ocrx_word' id='word_1_45' title='bbox 675 923 796 989; x_wconf 81' lang='lat' dir='ltr'><strong>Tamen</strong></span> <span class='ocrx_word' id='word_1_46' title='bbox 812 923 854 989; x_wconf 92' lang='lat' dir='ltr'><strong>ob</strong></span> <span class='ocrx_word' id='word_1_47' title='bbox 869 925 1080 990; x_wconf 72' lang='lat' dir='ltr'><strong>auctoritates</strong></span> <span class='ocrx_word' id='word_1_48' title='bbox 1095 924 1211 989; x_wconf 87' lang='lat' dir='ltr'><strong>allatas</strong></span> <span class='ocrx_word' id='word_1_49' title='bbox 1226 943 1246 988; x_wconf 91' lang='lat' dir='ltr'><strong>a</strong></span> <span class='ocrx_word' id='word_1_50' title='bbox 1261 923 1383 988; x_wconf 90' lang='lat' dir='ltr'><strong>Bened.</strong></span> <span class='ocrx_word' id='word_1_51' title='bbox 1400 923 1500 1004; x_wconf 84' lang='lat' dir='ltr'><strong>XIV,</strong></span> 
     </span>
     <span class='ocr_line' id='line_1_7' title="bbox 315 1049 1502 1138; baseline 0.001 -23"><span class='ocrx_word' id='word_1_52' title='bbox 315 1056 347 1115; x_wconf 85' lang='lat' dir='ltr'><strong>et</strong></span> <span class='ocrx_word' id='word_1_53' title='bbox 370 1051 444 1134; x_wconf 88' lang='lat' dir='ltr'><strong>quia</strong></span> <span class='ocrx_word' id='word_1_54' title='bbox 466 1051 609 1134; x_wconf 83' lang='lat' dir='ltr'><strong>quaestio</strong></span> <span class='ocrx_word' id='word_1_55' title='bbox 632 1049 727 1114; x_wconf 90' lang='lat' dir='ltr'><strong>debet</strong></span> <span class='ocrx_word' id='word_1_56' title='bbox 754 1050 887 1131; x_wconf 86' lang='lat' dir='ltr'><strong>resolvi,</strong></span> <span class='ocrx_word' id='word_1_57' title='bbox 911 1070 958 1116; x_wconf 77' lang='lat' dir='ltr'><strong>ea</strong></span> <span class='ocrx_word' id='word_1_58' title='bbox 987 1050 1063 1116; x_wconf 81' lang='lat' dir='ltr'><strong>iure</strong></span> <span class='ocrx_word' id='word_1_59' title='bbox 1080 1051 1238 1135; x_wconf 73' lang='lat' dir='ltr'><strong>positivo.</strong></span> <span class='ocrx_word' id='word_1_60' title='bbox 1263 1053 1297 1116; x_wconf 92' lang='lat' dir='ltr'><strong>in</strong></span> <span class='ocrx_word' id='word_1_61' title='bbox 1326 1053 1422 1138; x_wconf 85' lang='lat' dir='ltr'><strong>praxi</strong></span> <span class='ocrx_word' id='word_1_62' title='bbox 1445 1071 1502 1116; x_wconf 90' lang='lat' dir='ltr'><strong>se·</strong></span> 
     </span>
     <span class='ocr_line' id='line_1_8' title="bbox 315 1177 1502 1263; baseline -0.002 -19"><span class='ocrx_word' id='word_1_63' title='bbox 315 1177 442 1261; x_wconf 87' lang='lat' dir='ltr'><strong>quenda</strong></span> <span class='ocrx_word' id='word_1_64' title='bbox 464 1180 624 1244; x_wconf 88' lang='lat' dir='ltr'><strong>sententia</strong></span> <span class='ocrx_word' id='word_1_65' title='bbox 646 1197 666 1242; x_wconf 91' lang='lat' dir='ltr'><strong>a</strong></span> <span class='ocrx_word' id='word_1_66' title='bbox 691 1178 809 1242; x_wconf 89' lang='lat' dir='ltr'><strong>Bened.</strong></span> <span class='ocrx_word' id='word_1_67' title='bbox 836 1178 920 1243; x_wconf 87' lang='lat' dir='ltr'><strong>XIV</strong></span> <span class='ocrx_word' id='word_1_68' title='bbox 948 1178 1121 1263; x_wconf 81' lang='lat' dir='ltr'><strong>explicata.</strong></span> <span class='ocrx_word' id='word_1_69' title='bbox 1142 1179 1196 1244; x_wconf 90' lang='lat' dir='ltr'><strong>cui</strong></span> <span class='ocrx_word' id='word_1_70' title='bbox 1226 1178 1355 1244; x_wconf 83' lang='lat' dir='ltr'><strong>ridetur</strong></span> <span class='ocrx_word' id='word_1_71' title='bbox 1381 1177 1502 1243; x_wconf 76' lang='lat' dir='ltr'><strong>farem</strong></span> 
     </span>
     <span class='ocr_line' id='line_1_9' title="bbox 314 1296 1501 1386; baseline 0 -23"><span class='ocrx_word' id='word_1_72' title='bbox 314 1300 458 1385; x_wconf 87' lang='lat' dir='ltr'><strong>legitima</strong></span> <span class='ocrx_word' id='word_1_73' title='bbox 495 1299 700 1366; x_wconf 89' lang='lat' dir='ltr'><strong>consuetudo.</strong></span> <span class='ocrx_word' id='word_1_74' title='bbox 733 1299 968 1386; x_wconf 90' lang='lat' dir='ltr'><strong>Quamplurimi</strong></span> <span class='ocrx_word' id='word_1_75' title='bbox 1003 1307 1079 1366; x_wconf 89' lang='lat' dir='ltr'><strong>sunt</strong></span> <span class='ocrx_word' id='word_1_76' title='bbox 1108 1296 1244 1366; x_wconf 86' lang='lat' dir='ltr'><strong>effectus</strong></span> <span class='ocrx_word' id='word_1_77' title='bbox 1273 1301 1363 1384; x_wconf 87' lang='lat' dir='ltr'><strong>quasi</strong></span> <span class='ocrx_word' id='word_1_78' title='bbox 1398 1299 1501 1365; x_wconf 91' lang='lat' dir='ltr'><strong>domi·</strong></span> 
     </span>
     <span class='ocr_line' id='line_1_10' title="bbox 316 1426 1500 1513; baseline -0.002 -21"><span class='ocrx_word' id='word_1_79' title='bbox 316 1426 481 1498; x_wconf 72' lang='lat' dir='ltr'><strong>cilitium</strong></span> <span class='ocrx_word' id='word_1_80' title='bbox 516 1447 575 1512; x_wconf 89' lang='lat' dir='ltr'><strong>pro</strong></span> <span class='ocrx_word' id='word_1_81' title='bbox 611 1428 681 1492; x_wconf 81' lang='lat' dir='ltr'><strong>foro</strong></span> <span class='ocrx_word' id='word_1_82' title='bbox 712 1433 852 1493; x_wconf 84' lang='lat' dir='ltr'><strong>externo</strong></span> <span class='ocrx_word' id='word_1_83' title='bbox 883 1433 950 1493; x_wconf 91' lang='lat' dir='ltr'><strong>tum</strong></span> <span class='ocrx_word' id='word_1_84' title='bbox 981 1447 1040 1513; x_wconf 92' lang='lat' dir='ltr'><strong>pro</strong></span> <span class='ocrx_word' id='word_1_85' title='bbox 1070 1427 1144 1491; x_wconf 81' lang='lat' dir='ltr'><strong>foro</strong></span> <span class='ocrx_word' id='word_1_86' title='bbox 1175 1429 1322 1502; x_wconf 91' lang='lat' dir='ltr'><strong>interno;</strong></span> <span class='ocrx_word' id='word_1_87' title='bbox 1349 1431 1500 1491; x_wconf 89' lang='lat' dir='ltr'><strong>nostram</strong></span> 
     </span>
     <span class='ocr_line' id='line_1_11' title="bbox 315 1546 1499 1634; baseline -0.002 -20"><span class='ocrx_word' id='word_1_88' title='bbox 315 1551 482 1614; x_wconf 82' lang='lat' dir='ltr'><strong>materiam</strong></span> <span class='ocrx_word' id='word_1_89' title='bbox 514 1550 597 1634; x_wconf 90' lang='lat' dir='ltr'><strong>qnod</strong></span> <span class='ocrx_word' id='word_1_90' title='bbox 627 1551 751 1623; x_wconf 82' lang='lat' dir='ltr'><strong>attinet,</strong></span> <span class='ocrx_word' id='word_1_91' title='bbox 772 1571 873 1616; x_wconf 90' lang='lat' dir='ltr'><strong>unum</strong></span> <span class='ocrx_word' id='word_1_92' title='bbox 904 1551 1076 1624; x_wconf 87' lang='lat' dir='ltr'><strong>innuimus,</strong></span> <span class='ocrx_word' id='word_1_93' title='bbox 1097 1568 1214 1634; x_wconf 90' lang='lat' dir='ltr'><strong>nempe</strong></span> <span class='ocrx_word' id='word_1_94' title='bbox 1236 1567 1296 1634; x_wconf 89' lang='lat' dir='ltr'><strong>per</strong></span> <span class='ocrx_word' id='word_1_95' title='bbox 1319 1549 1408 1633; x_wconf 88' lang='lat' dir='ltr'><strong>quasi</strong></span> <span class='ocrx_word' id='word_1_96' title='bbox 1437 1546 1499 1612; x_wconf 91' lang='lat' dir='ltr'><strong>do-</strong></span> 
     </span>
     <span class='ocr_line' id='line_1_12' title="bbox 314 1675 1499 1763; baseline -0.001 -21"><span class='ocrx_word' id='word_1_97' title='bbox 314 1680 466 1745; x_wconf 91' lang='lat' dir='ltr'><strong>micilium</strong></span> <span class='ocrx_word' id='word_1_98' title='bbox 493 1698 587 1762; x_wconf 89' lang='lat' dir='ltr'><strong>quem</strong></span> <span class='ocrx_word' id='word_1_99' title='bbox 619 1679 728 1744; x_wconf 86' lang='lat' dir='ltr'><strong>sortiri</strong></span> <span class='ocrx_word' id='word_1_100' title='bbox 761 1677 869 1744; x_wconf 85' lang='lat' dir='ltr'><strong>forum</strong></span> <span class='ocrx_word' id='word_1_101' title='bbox 907 1683 1102 1763; x_wconf 88' lang='lat' dir='ltr'><strong>competens.</strong></span> <span class='ocrx_word' id='word_1_102' title='bbox 1127 1677 1176 1743; x_wconf 83' lang='lat' dir='ltr'><strong>cf.</strong></span> <span class='ocrx_word' id='word_1_103' title='bbox 1200 1675 1499 1763; x_wconf 87' lang='lat' dir='ltr'><strong>Schmalzgrueber</strong></span> 
     </span>
     <span class='ocr_line' id='line_1_13' title="bbox 316 1801 528 1868; baseline -0.014 0"><span class='ocrx_word' id='word_1_104' title='bbox 316 1803 347 1868; x_wconf 79' lang='lat' dir='ltr'><strong>h.</strong></span> <span class='ocrx_word' id='word_1_105' title='bbox 373 1809 393 1866; x_wconf 84' lang='lat' dir='ltr'><strong>t.</strong></span> <span class='ocrx_word' id='word_1_106' title='bbox 417 1823 451 1868; x_wconf 81' lang='lat' dir='ltr'><strong>n.</strong></span> <span class='ocrx_word' id='word_1_107' title='bbox 476 1801 528 1866; x_wconf 83' lang='lat'><strong>17.</strong></span> 
     </span>
    </p>

    <p class='ocr_par' dir='ltr' id='par_1_3' title="bbox 314 1925 1499 2878">
     <span class='ocr_line' id='line_1_14' title="bbox 405 1925 1498 2011; baseline -0.002 -21"><span class='ocrx_word' id='word_1_108' title='bbox 405 1925 479 1990; x_wconf 85' lang='lat'><strong>337.</strong></span> <span class='ocrx_word' id='word_1_109' title='bbox 506 1926 686 2011; x_wconf 84' lang='lat' dir='ltr'><strong>Impropria</strong></span> <span class='ocrx_word' id='word_1_110' title='bbox 709 1925 882 1992; x_wconf 82' lang='lat' dir='ltr'><strong>admodum</strong></span> <span class='ocrx_word' id='word_1_111' title='bbox 905 1925 1067 1991; x_wconf 89' lang='lat' dir='ltr'><strong>locutione</strong></span> <span class='ocrx_word' id='word_1_112' title='bbox 1089 1927 1207 2010; x_wconf 84' lang='lat' dir='ltr'><strong>passim</strong></span> <span class='ocrx_word' id='word_1_113' title='bbox 1230 1925 1424 1990; x_wconf 85' lang='lat' dir='ltr'><strong>domicilium</strong></span> <span class='ocrx_word' id='word_1_114' title='bbox 1439 1925 1498 1990; x_wconf 85' lang='lat' dir='ltr'><strong>ha-</strong></span> 
     </span>
     <span class='ocr_line' id='line_1_15' title="bbox 314 2051 1497 2138; baseline 0.001 -21"><span class='ocrx_word' id='word_1_115' title='bbox 314 2053 476 2119; x_wconf 84' lang='lat' dir='ltr'><strong>bitationis</strong></span> <span class='ocrx_word' id='word_1_116' title='bbox 499 2052 704 2138; x_wconf 86' lang='lat' dir='ltr'><strong>distinguitur</strong></span> <span class='ocrx_word' id='word_1_117' title='bbox 727 2072 746 2116; x_wconf 93' lang='lat' dir='ltr'><strong>a</strong></span> <span class='ocrx_word' id='word_1_118' title='bbox 769 2051 930 2117; x_wconf 88' lang='lat' dir='ltr'><strong>domicilio</strong></span> <span class='ocrx_word' id='word_1_119' title='bbox 965 2053 1109 2137; x_wconf 90' lang='lat' dir='ltr'><strong>originis,</strong></span> <span class='ocrx_word' id='word_1_120' title='bbox 1134 2051 1190 2118; x_wconf 87' lang='lat' dir='ltr'><strong>sed</strong></span> <span class='ocrx_word' id='word_1_121' title='bbox 1222 2054 1253 2116; x_wconf 92' lang='lat' dir='ltr'><strong>in</strong></span> <span class='ocrx_word' id='word_1_122' title='bbox 1286 2073 1323 2117; x_wconf 90' lang='lat' dir='ltr'><strong>re</strong></span> <span class='ocrx_word' id='word_1_123' title='bbox 1354 2051 1497 2118; x_wconf 83' lang='lat' dir='ltr'><strong>iudiciali</strong></span> 
     </span>
     <span class='ocr_line' id='line_1_16' title="bbox 315 2170 1499 2258; baseline -0.001 -18"><span class='ocrx_word' id='word_1_124' title='bbox 315 2174 492 2242; x_wconf 86' lang='lat' dir='ltr'><strong>attenditur</strong></span> <span class='ocrx_word' id='word_1_125' title='bbox 506 2173 623 2256; x_wconf 76' lang='lat' dir='ltr'><strong>forum</strong></span> <span class='ocrx_word' id='word_1_126' title='bbox 642 2173 815 2247; x_wconf 83' lang='lat' dir='ltr'><strong>domicilii,</strong></span> <span class='ocrx_word' id='word_1_127' title='bbox 833 2193 905 2239; x_wconf 80' lang='lat' dir='ltr'><strong>noa</strong></span> <span class='ocrx_word' id='word_1_128' title='bbox 919 2170 1039 2255; x_wconf 79' lang='lat' dir='ltr'><strong>forum</strong></span> <span class='ocrx_word' id='word_1_129' title='bbox 1053 2173 1207 2258; x_wconf 78' lang='lat' dir='ltr'><strong>oriqiniu.</strong></span> <span class='ocrx_word' id='word_1_130' title='bbox 1223 2173 1387 2257; x_wconf 87' lang='lat' dir='ltr'><strong>Siquidem</strong></span> <span class='ocrx_word' id='word_1_131' title='bbox 1402 2172 1499 2240; x_wconf 89' lang='lat' dir='ltr'><strong>locus</strong></span> 
     </span>
     <span class='ocr_line' id='line_1_17' title="bbox 315 2294 1497 2383; baseline -0.002 -21"><span class='ocrx_word' id='word_1_132' title='bbox 315 2298 449 2383; x_wconf 90' lang='lat' dir='ltr'><strong>originis</strong></span> <span class='ocrx_word' id='word_1_133' title='bbox 472 2296 550 2361; x_wconf 86' lang='lat' dir='ltr'><strong>facit</strong></span> <span class='ocrx_word' id='word_1_134' title='bbox 572 2295 729 2360; x_wconf 88' lang='lat' dir='ltr'><strong>subditum</strong></span> <span class='ocrx_word' id='word_1_135' title='bbox 754 2295 795 2360; x_wconf 93' lang='lat' dir='ltr'><strong>ad</strong></span> <span class='ocrx_word' id='word_1_136' title='bbox 821 2294 953 2360; x_wconf 90' lang='lat' dir='ltr'><strong>ordines</strong></span> <span class='ocrx_word' id='word_1_137' title='bbox 975 2295 1203 2380; x_wconf 84' lang='lat' dir='ltr'><strong>suscipiendos.</strong></span> <span class='ocrx_word' id='word_1_138' title='bbox 1216 2316 1282 2360; x_wconf 91' lang='lat' dir='ltr'><strong>non</strong></span> <span class='ocrx_word' id='word_1_139' title='bbox 1297 2295 1337 2360; x_wconf 90' lang='lat' dir='ltr'><strong>ad</strong></span> <span class='ocrx_word' id='word_1_140' title='bbox 1354 2297 1497 2361; x_wconf 85' lang='lat' dir='ltr'><strong>sortien-</strong></span> 
     </span>
     <span class='ocr_line' id='line_1_18' title="bbox 315 2418 1496 2504; baseline -0.003 -18"><span class='ocrx_word' id='word_1_141' title='bbox 315 2421 390 2486; x_wconf 91' lang='lat' dir='ltr'><strong>dum</strong></span> <span class='ocrx_word' id='word_1_142' title='bbox 413 2421 560 2486; x_wconf 89' lang='lat' dir='ltr'><strong>iudicem.</strong></span> <span class='ocrx_word' id='word_1_143' title='bbox 586 2421 706 2484; x_wconf 82' lang='lat' dir='ltr'><strong>Tamen</strong></span> <span class='ocrx_word' id='word_1_144' title='bbox 731 2419 845 2504; x_wconf 87' lang='lat' dir='ltr'><strong>procul</strong></span> <span class='ocrx_word' id='word_1_145' title='bbox 871 2418 976 2494; x_wconf 85' lang='lat' dir='ltr'><strong>dubio,</strong></span> <span class='ocrx_word' id='word_1_146' title='bbox 1005 2421 1076 2502; x_wconf 92' lang='lat' dir='ltr'><strong>quis</strong></span> <span class='ocrx_word' id='word_1_147' title='bbox 1105 2419 1255 2485; x_wconf 86' lang='lat' dir='ltr'><strong>habitans</strong></span> <span class='ocrx_word' id='word_1_148' title='bbox 1278 2421 1311 2484; x_wconf 93' lang='lat' dir='ltr'><strong>in</strong></span> <span class='ocrx_word' id='word_1_149' title='bbox 1335 2420 1408 2486; x_wconf 91' lang='lat' dir='ltr'><strong>loco</strong></span> <span class='ocrx_word' id='word_1_150' title='bbox 1431 2420 1496 2484; x_wconf 91' lang='lat' dir='ltr'><strong>ori·</strong></span> 
     </span>
     <span class='ocr_line' id='line_1_19' title="bbox 316 2545 1496 2633; baseline 0 -23"><span class='ocrx_word' id='word_1_151' title='bbox 316 2547 409 2633; x_wconf 83' lang='lat' dir='ltr'><strong>ginis,</strong></span> <span class='ocrx_word' id='word_1_152' title='bbox 434 2545 476 2610; x_wconf 89' lang='lat' dir='ltr'><strong>ibi</strong></span> <span class='ocrx_word' id='word_1_153' title='bbox 500 2545 633 2610; x_wconf 79' lang='lat' dir='ltr'><strong>sortitur</strong></span> <span class='ocrx_word' id='word_1_154' title='bbox 661 2546 766 2610; x_wconf 87' lang='lat' dir='ltr'><strong>forum</strong></span> <span class='ocrx_word' id='word_1_155' title='bbox 792 2552 825 2610; x_wconf 93' lang='lat' dir='ltr'><strong>et</strong></span> <span class='ocrx_word' id='word_1_156' title='bbox 848 2545 1020 2630; x_wconf 90' lang='lat' dir='ltr'><strong>aliquando</strong></span> <span class='ocrx_word' id='word_1_157' title='bbox 1036 2547 1069 2610; x_wconf 90' lang='lat' dir='ltr'><strong>io</strong></span> <span class='ocrx_word' id='word_1_158' title='bbox 1085 2545 1180 2611; x_wconf 91' lang='lat' dir='ltr'><strong>dubio</strong></span> <span class='ocrx_word' id='word_1_159' title='bbox 1196 2547 1288 2631; x_wconf 87' lang='lat' dir='ltr'><strong>origo</strong></span> <span class='ocrx_word' id='word_1_160' title='bbox 1305 2545 1384 2610; x_wconf 81' lang='lat' dir='ltr'><strong>lacit</strong></span> <span class='ocrx_word' id='word_1_161' title='bbox 1398 2565 1496 2630; x_wconf 87' lang='lat' dir='ltr'><strong>prae·</strong></span> 
     </span>
     <span class='ocr_line' id='line_1_20' title="bbox 316 2665 1496 2755; baseline -0.003 -21"><span class='ocrx_word' id='word_1_162' title='bbox 316 2689 444 2735; x_wconf 87' lang='lat' dir='ltr'><strong>sumere</strong></span> <span class='ocrx_word' id='word_1_163' title='bbox 468 2669 507 2734; x_wconf 88' lang='lat' dir='ltr'><strong>de</strong></span> <span class='ocrx_word' id='word_1_164' title='bbox 531 2670 708 2736; x_wconf 91' lang='lat' dir='ltr'><strong>domicilio:</strong></span> <span class='ocrx_word' id='word_1_165' title='bbox 732 2671 765 2734; x_wconf 88' lang='lat' dir='ltr'><strong>iu</strong></span> <span class='ocrx_word' id='word_1_166' title='bbox 790 2671 876 2736; x_wconf 86' lang='lat' dir='ltr'><strong>hanc</strong></span> <span class='ocrx_word' id='word_1_167' title='bbox 900 2691 969 2735; x_wconf 86' lang='lat' dir='ltr'><strong>rem</strong></span> <span class='ocrx_word' id='word_1_168' title='bbox 994 2671 1038 2734; x_wconf 87' lang='lat' dir='ltr'><strong>ita</strong></span> <span class='ocrx_word' id='word_1_169' title='bbox 1061 2668 1258 2755; x_wconf 90' lang='lat' dir='ltr'><strong>Schmalzgr.</strong></span> <span class='ocrx_word' id='word_1_170' title='bbox 1285 2669 1316 2733; x_wconf 82' lang='lat' dir='ltr'><strong>t.</strong></span> <span class='ocrx_word' id='word_1_171' title='bbox 1341 2675 1362 2734; x_wconf 87' lang='lat' dir='ltr'><strong>t.</strong></span> <span class='ocrx_word' id='word_1_172' title='bbox 1379 2689 1414 2733; x_wconf 80' lang='lat' dir='ltr'><strong>a.</strong></span> <span class='ocrx_word' id='word_1_173' title='bbox 1429 2665 1496 2734; x_wconf 80' lang='lat'><strong>23.-</strong></span> 
     </span>
     <span class='ocr_line' id='line_1_21' title="bbox 319 2793 1499 2878; baseline -0.003 -20"><span class='ocrx_word' id='word_1_174' title='bbox 319 2793 559 2859; x_wconf 79' lang='lat' dir='ltr'><strong>«Generaliter</strong></span> <span class='ocrx_word' id='word_1_175' title='bbox 583 2798 746 2878; x_wconf 89' lang='lat' dir='ltr'><strong>receptum</strong></span> <span class='ocrx_word' id='word_1_176' title='bbox 771 2799 820 2858; x_wconf 89' lang='lat' dir='ltr'><strong>est</strong></span> <span class='ocrx_word' id='word_1_177' title='bbox 845 2801 881 2857; x_wconf 93' lang='lat' dir='ltr'><strong>ut</strong></span> <span class='ocrx_word' id='word_1_178' title='bbox 905 2812 998 2857; x_wconf 91' lang='lat' dir='ltr'><strong>nemo</strong></span> <span class='ocrx_word' id='word_1_179' title='bbox 1022 2794 1054 2857; x_wconf 90' lang='lat' dir='ltr'><strong>in</strong></span> <span class='ocrx_word' id='word_1_180' title='bbox 1077 2793 1150 2857; x_wconf 93' lang='lat' dir='ltr'><strong>loco</strong></span> <span class='ocrx_word' id='word_1_181' title='bbox 1173 2793 1351 2878; x_wconf 82' lang='lat' dir='ltr'><strong>originis...</strong></span> <span class='ocrx_word' id='word_1_182' title='bbox 1378 2810 1499 2857; x_wconf 83' lang='lat' dir='ltr'><strong>conve·</strong></span> 
     </span>
    </p>
   </div>
   <div class='ocr_carea' id='block_1_3' title="bbox 316 2914 1496 3125">
    <p class='ocr_par' dir='ltr' id='par_1_4' title="bbox 316 2914 1496 3125">
     <span class='ocr_line' id='line_1_22' title="bbox 316 2914 1272 2988; baseline -0.001 -9"><span class='ocrx_word' id='word_1_183' title='bbox 316 2918 432 2988; x_wconf 87' lang='lat' dir='ltr'><strong>uiator,</strong></span> <span class='ocrx_word' id='word_1_184' title='bbox 456 2917 483 2982; x_wconf 90' lang='lat' dir='ltr'><strong>si</strong></span> <span class='ocrx_word' id='word_1_185' title='bbox 506 2935 571 2980; x_wconf 92' lang='lat' dir='ltr'><strong>non</strong></span> <span class='ocrx_word' id='word_1_186' title='bbox 595 2920 771 2980; x_wconf 88' lang='lat' dir='ltr'><strong>concurrat</strong></span> <span class='ocrx_word' id='word_1_187' title='bbox 795 2915 992 2980; x_wconf 91' lang='lat' dir='ltr'><strong>domicilium</strong></span> <span class='ocrx_word' id='word_1_188' title='bbox 1016 2914 1224 2982; x_wconf 87' lang='lat' dir='ltr'><strong>habitationis</strong></span> <span class='ocrx_word' id='word_1_189' title='bbox 1241 2936 1272 2978; x_wconf 84' lang='lat'><strong>».</strong></span> 
     </span>
     <span class='ocr_line' id='line_1_23' title="bbox 405 3002 1496 3125; baseline -0.005 -19"><span class='ocrx_word' id='word_1_190' title='bbox 405 3041 479 3106; x_wconf 85' lang='lat'><strong>338.</strong></span> <span class='ocrx_word' id='word_1_191' title='bbox 498 3041 620 3106; x_wconf 88' lang='lat' dir='ltr'><strong>lterum</strong></span> <span class='ocrx_word' id='word_1_192' title='bbox 637 3039 787 3125; x_wconf 87' lang='lat' dir='ltr'><strong>distingui</strong></span> <span class='ocrx_word' id='word_1_193' title='bbox 804 3039 900 3105; x_wconf 88' lang='lat' dir='ltr'><strong>debet</strong></span> <span class='ocrx_word' id='word_1_194' title='bbox 915 3039 1108 3105; x_wconf 87' lang='lat' dir='ltr'><strong>domicilium</strong></span> <span class='ocrx_word' id='word_1_195' title='bbox 1123 3002 1162 3104; x_wconf 82' lang='lat' dir='ltr'><strong>ia</strong></span> <span class='ocrx_word' id='word_1_196' title='bbox 1177 3057 1297 3104; x_wconf 75' lang='lat' dir='ltr'><strong>verum</strong></span> <span class='ocrx_word' id='word_1_197' title='bbox 1313 3042 1346 3102; x_wconf 89' lang='lat' dir='ltr'><strong>et</strong></span> <span class='ocrx_word' id='word_1_198' title='bbox 1360 3038 1496 3123; x_wconf 68' lang='lat' dir='ltr'><strong>flottam:</strong></span> 
     </span>
    </p>
   </div>
   <div class='ocr_carea' id='block_1_4' title="bbox 315 3161 1498 3372">
    <p class='ocr_par' dir='ltr' id='par_1_5' title="bbox 315 3161 1498 3372">
     <span class='ocr_line' id='line_1_24' title="bbox 315 3161 1498 3250; baseline -0.004 -21"><span class='ocrx_word' id='word_1_199' title='bbox 315 3184 435 3230; x_wconf 76' lang='lat' dir='ltr'><strong>oerum</strong></span> <span class='ocrx_word' id='word_1_200' title='bbox 459 3171 506 3230; x_wconf 89' lang='lat' dir='ltr'><strong>est</strong></span> <span class='ocrx_word' id='word_1_201' title='bbox 529 3165 722 3229; x_wconf 89' lang='lat' dir='ltr'><strong>domicilium</strong></span> <span class='ocrx_word' id='word_1_202' title='bbox 746 3165 930 3250; x_wconf 87' lang='lat' dir='ltr'><strong>corporalis</strong></span> <span class='ocrx_word' id='word_1_203' title='bbox 944 3165 1166 3249; x_wconf 87' lang='lat' dir='ltr'><strong>praesentiae;</strong></span> <span class='ocrx_word' id='word_1_204' title='bbox 1182 3165 1297 3249; x_wconf 81' lang='lat' dir='ltr'><strong>fictum</strong></span> <span class='ocrx_word' id='word_1_205' title='bbox 1313 3183 1371 3226; x_wconf 92' lang='lat' dir='ltr'><strong>seu</strong></span> <span class='ocrx_word' id='word_1_206' title='bbox 1387 3161 1498 3246; x_wconf 86' lang='lat' dir='ltr'><strong>legale</strong></span> 
     </span>
     <span class='ocr_line' id='line_1_25' title="bbox 315 3285 1498 3372; baseline -0.005 -20"><span class='ocrx_word' id='word_1_207' title='bbox 315 3292 365 3352; x_wconf 90' lang='lat' dir='ltr'><strong>est</strong></span> <span class='ocrx_word' id='word_1_208' title='bbox 380 3288 469 3352; x_wconf 91' lang='lat' dir='ltr'><strong>locus</strong></span> <span class='ocrx_word' id='word_1_209' title='bbox 485 3307 577 3372; x_wconf 90' lang='lat' dir='ltr'><strong>quem</strong></span> <span class='ocrx_word' id='word_1_210' title='bbox 595 3289 644 3350; x_wconf 88' lang='lat' dir='ltr'><strong>ius</strong></span> <span class='ocrx_word' id='word_1_211' title='bbox 667 3288 810 3372; x_wconf 86' lang='lat' dir='ltr'><strong>assignat</strong></span> <span class='ocrx_word' id='word_1_212' title='bbox 825 3287 925 3351; x_wconf 87' lang='lat' dir='ltr'><strong>certis</strong></span> <span class='ocrx_word' id='word_1_213' title='bbox 947 3287 1095 3372; x_wconf 88' lang='lat' dir='ltr'><strong>personis</strong></span> <span class='ocrx_word' id='word_1_214' title='bbox 1118 3285 1158 3350; x_wconf 92' lang='lat' dir='ltr'><strong>ob</strong></span> <span class='ocrx_word' id='word_1_215' title='bbox 1174 3285 1348 3369; x_wconf 87' lang='lat' dir='ltr'><strong>specialem</strong></span> <span class='ocrx_word' id='word_1_216' title='bbox 1364 3303 1498 3348; x_wconf 90' lang='lat' dir='ltr'><strong>earum-</strong></span> 
     </span>
    </p>
   </div>
   <div class='ocr_carea' id='block_1_5' title="bbox 315 3407 1500 3994">
    <p class='ocr_par' dir='ltr' id='par_1_6' title="bbox 316 3407 1500 3622">
     <span class='ocr_line' id='line_1_26' title="bbox 316 3407 1500 3495; baseline -0.004 -21"><span class='ocrx_word' id='word_1_217' title='bbox 316 3411 389 3474; x_wconf 89' lang='lat' dir='ltr'><strong>dem</strong></span> <span class='ocrx_word' id='word_1_218' title='bbox 416 3409 640 3490; x_wconf 86' lang='lat' dir='ltr'><strong>conditionem,</strong></span> <span class='ocrx_word' id='word_1_219' title='bbox 666 3411 789 3474; x_wconf 89' lang='lat' dir='ltr'><strong>etiamsi</strong></span> <span class='ocrx_word' id='word_1_220' title='bbox 814 3427 930 3495; x_wconf 90' lang='lat' dir='ltr'><strong>reapse</strong></span> <span class='ocrx_word' id='word_1_221' title='bbox 953 3408 994 3472; x_wconf 91' lang='lat' dir='ltr'><strong>ibi</strong></span> <span class='ocrx_word' id='word_1_222' title='bbox 1019 3428 1082 3473; x_wconf 88' lang='lat' dir='ltr'><strong>non</strong></span> <span class='ocrx_word' id='word_1_223' title='bbox 1111 3414 1363 3472; x_wconf 86' lang='lat' dir='ltr'><strong>commorentur.</strong></span> <span class='ocrx_word' id='word_1_224' title='bbox 1396 3407 1500 3470; x_wconf 89' lang='lat' dir='ltr'><strong>Prae-</strong></span> 
     </span>
     <span class='ocr_line' id='line_1_27' title="bbox 316 3535 1090 3622; baseline 0.001 -23"><span class='ocrx_word' id='word_1_225' title='bbox 316 3537 428 3622; x_wconf 91' lang='lat' dir='ltr'><strong>cipuae</strong></span> <span class='ocrx_word' id='word_1_226' title='bbox 452 3537 575 3620; x_wconf 88' lang='lat' dir='ltr'><strong>species</strong></span> <span class='ocrx_word' id='word_1_227' title='bbox 599 3536 694 3602; x_wconf 90' lang='lat' dir='ltr'><strong>huius</strong></span> <span class='ocrx_word' id='word_1_228' title='bbox 717 3535 870 3602; x_wconf 90' lang='lat' dir='ltr'><strong>domicilii</strong></span> <span class='ocrx_word' id='word_1_229' title='bbox 895 3537 976 3600; x_wconf 87' lang='lat' dir='ltr'><strong>istae</strong></span> <span class='ocrx_word' id='word_1_230' title='bbox 999 3540 1090 3600; x_wconf 90' lang='lat' dir='ltr'><strong>suut:</strong></span> 
     </span>
    </p>

    <p class='ocr_par' dir='ltr' id='par_1_7' title="bbox 315 3660 1500 3994">
     <span class='ocr_line' id='line_1_28' title="bbox 407 3660 1500 3746; baseline 0.002 -22"><span class='ocrx_word' id='word_1_231' title='bbox 407 3660 438 3746; x_wconf 82' lang='lat'><strong>1)</strong></span> <span class='ocrx_word' id='word_1_232' title='bbox 462 3681 504 3725; x_wconf 85' lang='lat' dir='ltr'><strong>ex</strong></span> <span class='ocrx_word' id='word_1_233' title='bbox 521 3662 554 3726; x_wconf 86' lang='lat' dir='ltr'><strong>il.</strong></span> <span class='ocrx_word' id='word_1_234' title='bbox 570 3663 629 3726; x_wconf 83' lang='lat' dir='ltr'><strong>ult.</strong></span> <span class='ocrx_word' id='word_1_235' title='bbox 651 3660 683 3726; x_wconf 78' lang='lat'><strong>0.</strong></span> <span class='ocrx_word' id='word_1_236' title='bbox 707 3661 758 3727; x_wconf 88' lang='lat' dir='ltr'><strong>De</strong></span> <span class='ocrx_word' id='word_1_237' title='bbox 782 3662 903 3729; x_wconf 81' lang='lat' dir='ltr'><strong>incolis</strong></span> <span class='ocrx_word' id='word_1_238' title='bbox 926 3668 958 3726; x_wconf 93' lang='lat' dir='ltr'><strong>et</strong></span> <span class='ocrx_word' id='word_1_239' title='bbox 980 3663 1040 3726; x_wconf 82' lang='lat' dir='ltr'><strong>ult.</strong></span> <span class='ocrx_word' id='word_1_240' title='bbox 1062 3664 1099 3745; x_wconf 83' lang='lat' dir='ltr'><strong>ff.</strong></span> <span class='ocrx_word' id='word_1_241' title='bbox 1124 3661 1179 3726; x_wconf 78' lang='lat' dir='ltr'><strong>dd</strong></span> <span class='ocrx_word' id='word_1_242' title='bbox 1208 3660 1385 3743; x_wconf 69' lang='lat' dir='ltr'><strong>multicip..</strong></span> <span class='ocrx_word' id='word_1_243' title='bbox 1409 3681 1500 3726; x_wconf 82' lang='lat' dir='ltr'><strong>uxor</strong></span> 
     </span>
     <span class='ocr_line' id='line_1_29' title="bbox 316 3783 1500 3870; baseline 0.002 -22"><span class='ocrx_word' id='word_1_244' title='bbox 316 3784 510 3850; x_wconf 90' lang='lat' dir='ltr'><strong>domicilium</strong></span> <span class='ocrx_word' id='word_1_245' title='bbox 546 3791 577 3849; x_wconf 89' lang='lat' dir='ltr'><strong>et</strong></span> <span class='ocrx_word' id='word_1_246' title='bbox 611 3785 716 3848; x_wconf 83' lang='lat' dir='ltr'><strong>iorum</strong></span> <span class='ocrx_word' id='word_1_247' title='bbox 752 3787 862 3850; x_wconf 93' lang='lat' dir='ltr'><strong>mariti</strong></span> <span class='ocrx_word' id='word_1_248' title='bbox 897 3787 1046 3856; x_wconf 89' lang='lat' dir='ltr'><strong>sortitur,</strong></span> <span class='ocrx_word' id='word_1_249' title='bbox 1071 3783 1262 3868; x_wconf 88' lang='lat' dir='ltr'><strong>ubicumque</strong></span> <span class='ocrx_word' id='word_1_250' title='bbox 1297 3787 1369 3870; x_wconf 88' lang='lat' dir='ltr'><strong>ipsa</strong></span> <span class='ocrx_word' id='word_1_251' title='bbox 1401 3784 1500 3850; x_wconf 87' lang='lat' dir='ltr'><strong>habi·</strong></span> 
     </span>
     <span class='ocr_line' id='line_1_30' title="bbox 315 3909 1500 3994; baseline 0.001 -19"><span class='ocrx_word' id='word_1_252' title='bbox 315 3915 372 3984; x_wconf 84' lang='lat' dir='ltr'><strong>tat,</strong></span> <span class='ocrx_word' id='word_1_253' title='bbox 398 3909 491 3994; x_wconf 89' lang='lat' dir='ltr'><strong>idque</strong></span> <span class='ocrx_word' id='word_1_254' title='bbox 515 3911 609 3975; x_wconf 88' lang='lat' dir='ltr'><strong>etiam</strong></span> <span class='ocrx_word' id='word_1_255' title='bbox 634 3909 786 3976; x_wconf 80' lang='lat' dir='ltr'><strong>defuncto</strong></span> <span class='ocrx_word' id='word_1_256' title='bbox 810 3913 929 3976; x_wconf 89' lang='lat' dir='ltr'><strong>marito</strong></span> <span class='ocrx_word' id='word_1_257' title='bbox 954 3911 1082 3983; x_wconf 87' lang='lat' dir='ltr'><strong>retinet,</strong></span> <span class='ocrx_word' id='word_1_258' title='bbox 1107 3909 1258 3994; x_wconf 90' lang='lat' dir='ltr'><strong>quamdiu</strong></span> <span class='ocrx_word' id='word_1_259' title='bbox 1281 3912 1314 3975; x_wconf 91' lang='lat' dir='ltr'><strong>in</strong></span> <span class='ocrx_word' id='word_1_260' title='bbox 1339 3911 1500 3977; x_wconf 79' lang='lat' dir='ltr'><strong>viduitate</strong></span> 
     </span>
    </p>
   </div>
   <div class='ocr_carea' id='block_1_6' title="bbox 316 4208 1501 4492">
    <p class='ocr_par' dir='ltr' id='par_1_8' title="bbox 316 4208 1501 4492">
     <span class='ocr_line' id='line_1_31' title="bbox 317 4208 1501 4279; baseline 0.001 -16"><span class='ocrx_word' id='word_1_261' title='bbox 317 4211 423 4265; x_wconf 82' lang='lat' dir='ltr'><strong>Bened.</strong></span> <span class='ocrx_word' id='word_1_262' title='bbox 438 4209 485 4263; x_wconf 88' lang='lat' dir='ltr'><strong>XI</strong></span> <span class='ocrx_word' id='word_1_263' title='bbox 491 4211 519 4262; x_wconf 88' lang='lat' dir='ltr'><strong>V.</strong></span> <span class='ocrx_word' id='word_1_264' title='bbox 533 4209 574 4262; x_wconf 82' lang='lat' dir='ltr'><strong>lta</strong></span> <span class='ocrx_word' id='word_1_265' title='bbox 587 4209 658 4279; x_wconf 84' lang='lat' dir='ltr'><strong>apud</strong></span> <span class='ocrx_word' id='word_1_266' title='bbox 672 4209 812 4264; x_wconf 85' lang='lat' dir='ltr'><strong>Romanos</strong></span> <span class='ocrx_word' id='word_1_267' title='bbox 825 4208 905 4263; x_wconf 85' lang='lat' dir='ltr'><strong>locus</strong></span> <span class='ocrx_word' id='word_1_268' title='bbox 917 4209 1050 4264; x_wconf 90' lang='lat' dir='ltr'><strong>domicilii</strong></span> <span class='ocrx_word' id='word_1_269' title='bbox 1064 4215 1125 4264; x_wconf 87' lang='lat' dir='ltr'><strong>erat</strong></span> <span class='ocrx_word' id='word_1_270' title='bbox 1138 4209 1331 4279; x_wconf 82' lang='lat' dir='ltr'><strong>lilonicipium,</strong></span> <span class='ocrx_word' id='word_1_271' title='bbox 1343 4211 1378 4264; x_wconf 80' lang='lat' dir='ltr'><strong>cf.</strong></span> <span class='ocrx_word' id='word_1_272' title='bbox 1391 4212 1410 4263; x_wconf 86' lang='lat' dir='ltr'><strong>l.</strong></span> <span class='ocrx_word' id='word_1_273' title='bbox 1424 4211 1444 4263; x_wconf 83' lang='lat' dir='ltr'><strong>l.</strong></span> <span class='ocrx_word' id='word_1_274' title='bbox 1453 4213 1501 4264; x_wconf 79' lang='lat'><strong>20</strong></span> 
     </span>
     <span class='ocr_line' id='line_1_32' title="bbox 316 4317 1501 4388; baseline 0.002 -18"><span class='ocrx_word' id='word_1_275' title='bbox 316 4318 411 4387; x_wconf 72' lang='lat' dir='ltr'><strong>ffiAd</strong></span> <span class='ocrx_word' id='word_1_276' title='bbox 429 4317 546 4383; x_wconf 49' lang='grc' dir='ltr'><strong>,κακίας</strong></span> <span class='ocrx_word' id='word_1_277' title='bbox 564 4318 636 4371; x_wconf 62' lang='lat' dir='ltr'><strong>etz</strong></span> <span class='ocrx_word' id='word_1_278' title='bbox 659 4317 685 4371; x_wconf 84' lang='lat' dir='ltr'><strong>C.</strong></span> <span class='ocrx_word' id='word_1_279' title='bbox 706 4317 747 4371; x_wconf 88' lang='lat' dir='ltr'><strong>Dc</strong></span> <span class='ocrx_word' id='word_1_280' title='bbox 766 4319 877 4372; x_wconf 82' lang='lat' dir='ltr'><strong>incolis.</strong></span> <span class='ocrx_word' id='word_1_281' title='bbox 898 4317 1088 4371; x_wconf 81' lang='lat' dir='ltr'><strong>Attendnutnr</strong></span> <span class='ocrx_word' id='word_1_282' title='bbox 1113 4318 1186 4372; x_wconf 92' lang='lat' dir='ltr'><strong>enim</strong></span> <span class='ocrx_word' id='word_1_283' title='bbox 1207 4334 1257 4388; x_wconf 90' lang='lat' dir='ltr'><strong>pro</strong></span> <span class='ocrx_word' id='word_1_284' title='bbox 1278 4317 1382 4373; x_wconf 83' lang='lat' dir='ltr'><strong>effectu</strong></span> <span class='ocrx_word' id='word_1_285' title='bbox 1407 4317 1501 4372; x_wconf 88' lang='lat' dir='ltr'><strong>domi·</strong></span> 
     </span>
     <span class='ocr_line' id='line_1_33' title="bbox 316 4421 1383 4492; baseline 0.001 -18"><span class='ocrx_word' id='word_1_286' title='bbox 316 4421 374 4475; x_wconf 92' lang='lat' dir='ltr'><strong>cilii</strong></span> <span class='ocrx_word' id='word_1_287' title='bbox 393 4421 548 4476; x_wconf 84' lang='lat' dir='ltr'><strong>huiusmodi</strong></span> <span class='ocrx_word' id='word_1_288' title='bbox 569 4427 724 4492; x_wconf 84' lang='lat' dir='ltr'><strong>postremae</strong></span> <span class='ocrx_word' id='word_1_289' title='bbox 743 4422 894 4477; x_wconf 83' lang='lat' dir='ltr'><strong>divisiones</strong></span> <span class='ocrx_word' id='word_1_290' title='bbox 913 4424 1004 4477; x_wconf 85' lang='lat' dir='ltr'><strong>factae</strong></span> <span class='ocrx_word' id='word_1_291' title='bbox 1023 4423 1051 4476; x_wconf 91' lang='lat' dir='ltr'><strong>iu</strong></span> <span class='ocrx_word' id='word_1_292' title='bbox 1071 4423 1213 4478; x_wconf 86' lang='lat' dir='ltr'><strong>territorio</strong></span> <span class='ocrx_word' id='word_1_293' title='bbox 1232 4423 1383 4478; x_wconf 83' lang='lat' dir='ltr'><strong>societatis.</strong></span> 
     </span>
    </p>
   </div>
   <div class='ocr_carea' id='block_1_7' title="bbox 0 0 1680 5117">
    <p class='ocr_par' dir='ltr' id='par_1_9' title="bbox 0 0 1680 5117">
     <span class='ocr_line' id='line_1_34' title="bbox 0 0 1680 5117; baseline 0 0"><span class='ocrx_word' id='word_1_294' title='bbox 0 0 1680 5117; x_wconf 95' lang='lat' dir='ltr'><strong> </strong></span> 
     </span>
    </p>
   </div>
  </div>
 </body>
</html>
