3350 5117
738 303 846 351 INDEX
873 303 993 352 RERUM

607 479 625 539 s
646 475 735 530 unica.
756 477 799 530 De
815 474 923 542 cursous
941 477 1123 532 {odientibus

457 581 560 651 scripto
579 581 626 634 oet
645 589 774 635 oretenus
792 580 839 634 uel
858 581 945 634 mixto
964 591 1114 649 summm
1132 585 1276 654 conjectu,

534 700 561 742 ot
579 689 613 744 de
632 689 783 744 audientiis
800 689 849 742 vel
866 690 981 744 secretis
999 690 1048 744 vel
1061 689 1194 759 publicis.

271 845 334 901 391.
352 846 430 909 Quod
448 848 542 903 omnia
560 851 630 903 fiant
648 849 676 902 iu
696 839 929 914 contradictorio,
948 848 1072 918 pertinet
1096 849 1130 902 ad
1153 850 1272 904 formam
1291 849 1333 904 iu·

380 951 528 1006 trinsecam
548 968 691 1022 processus
692 990 1284 1009 ..............
1316 969 1384 1024 pop.
1403 951 1459 1007 418

270 1055 332 1112 392.
352 1055 394 1110 Ad
412 1058 530 1112 formam
548 1058 734 1113 extrinsecam
755 1057 877 1127 pertinet
896 1057 993 1112 modus
1012 1056 1179 1127 procedendi
1198 1062 1248 1113 aut
1266 1059 1332 1114 viva

378 1179 446 1220 voce
465 1169 588 1232 tantum,
607 1171 658 1220 aut
678 1169 785 1220 tantum
809 1182 859 1236 per
877 1166 982 1235 scripta
1001 1170 1077 1231 acta,
1096 1170 1145 1221 aut
1170 1167 1260 1221 mixto
1283 1183 1333 1240 sy·

379 1277 499 1330 stemate
519 1311 1331 1330 ...................
1366 1288 1385 1333 »
1417 1275 1458 1329 ibi

270 1376 331 1432 393.
350 1378 395 1432 lus
414 1394 475 1432 can.
494 1378 612 1434 mixtum
631 1384 756 1450 systema
775 1378 918 1448 adoptavit
920 1417 1331 1434 ..........
1367 1376 1460 1437 »419

270 1481 331 1538 394.
352 1485 390 1539 At
409 1484 452 1538 ius
470 1501 530 1538 cau.
551 1500 648 1538 comm.
668 1500 722 1539 non
742 1483 868 1538 admittit
886 1483 989 1539 iudicia
1010 1483 1123 1554 publica
1144 1524 1331 1542 .....
1367 1484 1454 1542 »421

746 1754 899 1822 SEGTIO
930 1756 974 1820 11.

499 1911 544 1967 De
564 1909 675 1970 ludicii
695 1911 931 1968 introductione
950 1914 984 1966 et
1002 1909 1226 1968 instructione.

267 2125 327 2181 395.
351 2127 514 2197 Explicatur
533 2125 615 2180 huius
634 2127 811 2181 tractationis
830 2127 950 2182 materia
961 2163 1279 2180 ........
1313 2143 1380 2198 pap.
1400 2125 1455 2180 423

267 2229 329 2285 396.
348 2231 480 2286 Traditur
499 2231 571 2285 ratio
590 2231 734 2286 divisionis
736 2269 1326 2285 ..............
1364 2245 1383 2288 »
1399 2231 1455 2286 424

756 2445 917 2502 TITULUS
936 2446 958 2499 l.

676 2606 712 2645 DF.
734 2604 892 2644 osuasloms
916 2603 1037 2643 alanum.

153 2817 157 2826 ,
263 2765 324 2820 397.
344 2766 374 2820 lu
392 2765 502 2822 iudiciis
520 2766 667 2842 ordinariis
686 2771 728 2822 est
747 2767 904 2822 necessaria
921 2765 1030 2821 oblatio
1050 2763 1141 2820 libelli
1177 2805 1185 2821 .
1225 2804 1233 2820 .
1269 2801 1281 2824 .
1311 2782 1380 2837 pap.
1398 2765 1454 2820 425

263 2871 324 2927 398.
344 2873 375 2928 ln
393 2872 491 2929 libello
509 2873 585 2930 clare
603 2873 721 2943 exprimi
740 2873 843 2928 debent
860 2873 929 2927 facti
948 2872 1080 2928 adiuncta
1094 2905 1327 2928 ......
1361 2889 1380 2928 »
1411 2872 1454 2927 ibi

264 2979 325 3036 399.
344 2981 387 3036 Ex
405 2983 472 3037 sacti
491 2983 583 3052 specie
602 2981 759 3037 deducenda
785 2985 828 3036 est
852 2981 925 3035 ratio
943 2979 1056 3050 petendi
1074 2997 1123 3035 eeu
1142 2981 1226 3048 actio,
1245 2979 1325 3034 cuiue

370 3093 464 3144 tamen
484 3090 625 3160 proprium
643 3104 744 3144 nomen
759 3087 920 3158 exprimere
934 3103 1051 3142 necesse
1070 3101 1127 3140 non
1146 3088 1190 3141 cst
1228 3127 1235 3137 .
1272 3124 1279 3138 .
1317 3125 1324 3138 .
1361 3085 1452 3143 »420

263 3189 323 3245 400.
344 3190 428 3244 ludex
451 3189 588 3246 deliberat
613 3209 648 3245 au
675 3189 802 3246 libellum
827 3188 957 3258 excipere
980 3188 1095 3252 debeat3
1115 3203 1171 3260 quo
1194 3187 1324 3254 admisso,

371 3295 428 3349 edit
446 3295 587 3351 decretum
606 3295 748 3350 citationis
775 3329 1320 3348 .............
1357 3308 1376 3350 »
1408 3292 1452 3346 ibi

263 3404 323 3458 401.
344 3405 478 3460 Redditur
496 3403 568 3458 ratio
587 3385 669 3458 huius
691 3393 867 3473 systematis,
887 3418 942 3473 quo
967 3401 1050 3456 iudex
1075 3401 1247 3456 auctoritate
1272 3418 1324 3455 sua

388 3512 417 3565 iu
436 3509 479 3564 ius
497 3514 579 3564 vocat
597 3527 675 3564 reum
686 3545 1322 3563 ...............
1358 3522 1377 3564 u
1409 3505 1452 3561 ibi

262 3615 322 3669 402.
343 3617 525 3686 Explicantur
543 3617 657 3672 effectus
676 3616 764 3670 oblati
784 3613 875 3670 libelli
911 3651 1324 3670 ..........
1360 3613 1452 3670 »428

746 3828 906 3884 TITULUS
930 3827 962 3882 11.

707 3987 749 4025 un
781 3985 1001 4026 oxrnrions.

262 4147 324 4203 403.
342 4149 474 4204 Traditur
492 4149 570 4204 notio
588 4149 731 4204 citationis
772 4187 1274 4206 ............
1306 4166 1375 4220 pap.
1395 4147 1450 4202 430

261 4255 323 4310 404.
342 4254 532 4310 Enucleantur
550 4256 644 4310 variae
663 4256 769 4324 species
790 4253 958 4309 citationum
995 4293 1319 4308 ........
1356 4268 1376 4311 »
1408 4251 1449 4307 ibi

261 4361 321 4416 405.
341 4361 417 4424 Quae
436 4361 553 4432 exprimi
573 4363 693 4418 debeant
712 4362 740 4416 in
759 4362 872 4418 decreto
891 4361 1036 4417 citationis
1044 4397 1321 4417 .......
1358 4358 1447 4418 »431
