3350 5117
312 292 378 360 486
395 278 398 286 ’
849 312 934 360 runs
960 313 981 357 1.

313 437 354 503 ab
378 438 588 505 attestatione
611 436 716 502 danda
738 438 791 521 qui
815 438 983 503 scientiam
1008 440 1064 503 aut
1089 436 1280 523 probitatem
1303 455 1368 499 non
1387 454 1495 518 proe-

314 565 499 627 sumuutur
523 561 645 625 babere
668 566 704 625 ut
726 560 804 627 utile
828 560 936 625 ierant
958 560 1174 627 testimonium
1198 559 1231 623 in
1255 557 1362 642 aliqua
1384 577 1495 623 causa.

318 684 509 752 Huiusmodi
533 687 709 772 prohibitio
732 706 811 752 vero
835 690 893 756 aut
915 692 963 751 est
986 685 1140 752 absoluta
1162 690 1217 751 aut
1238 685 1392 750 relatiua.

402 811 478 876 470.
505 810 659 877 Absolute
683 810 913 897 probibentur:

404 922 436 1019 l)
459 934 536 1001 iure
558 935 722 1009 maturati,
746 936 894 1009 infantes,
913 935 1037 1017 furiosi,
1054 941 1208 1009 amentes,
1224 936 1316 1008 latui,
1332 934 1424 1016 ebrii,
1438 953 1498 998 ae·

313 1061 401 1144 groti
425 1062 478 1144 qui
502 1080 564 1127 uec
589 1082 643 1127 res
667 1063 839 1146 percipere
862 1081 925 1127 nec
947 1062 1019 1127 aliis
1042 1080 1132 1128 suam
1155 1062 1299 1127 notitiam
1319 1060 1498 1125 communi-

313 1204 390 1249 care
412 1186 532 1252 valent.

409 1306 493 1375 lure
510 1328 584 1375 cau.
605 1308 638 1394 2)
660 1306 874 1393 prohibentur
890 1307 1082 1394 impuberes,
1096 1309 1147 1393 qui
1164 1308 1332 1372 infantiam
1348 1326 1501 1372 excesse-

317 1437 394 1497 runt
417 1432 458 1497 ob
483 1433 591 1498 iudicii
616 1430 853 1498 infirmitatem:
879 1432 920 1497 cf.
945 1452 1020 1499 cau.
1038 1433 1080 1496 14
1103 1438 1217 1517 etseq.
1234 1451 1326 1498 caus.
1342 1432 1402 1504 22,
1419 1450 1451 1516 q.
1467 1432 1495 1495 1.

319 1556 442 1622 Tamen
466 1558 540 1641 quia
571 1555 753 1641 impuberes
785 1578 894 1623 rerum
926 1557 1092 1622 scientiam
1124 1556 1246 1621 babere
1276 1560 1419 1641 possunt,
1442 1556 1501 1620 ali-

318 1681 446 1765 quando
470 1682 529 1746 hos
553 1680 723 1745 admittere
754 1682 844 1747 iurat
869 1680 909 1745 ad
936 1680 1165 1765 praestandum
1192 1680 1306 1745 saltem
1333 1678 1497 1744 iudicium

228 1881 231 1886 ,
314 1824 371 1873 seu
395 1804 523 1889 aliquod
548 1806 795 1872 adminiculum
818 1807 974 1871 veritatis.

405 1928 439 2015 3)
464 1928 693 1995 Excluduntur
716 1929 867 2003 feminae,
885 1948 960 2014 orp.
985 1948 1060 2011 cop.
1085 1930 1129 1994 10
1151 1928 1202 1994 De
1224 1926 1314 1994 cerb.
1334 1926 1449 2013 siquis.
1464 1927 1503 1991 X

319 2052 373 2139 (V,
391 2053 458 2141 40),
471 2054 546 2138 quia
562 2053 728 2119 «corium
746 2059 776 2119 et
791 2054 954 2121 mutabile
969 2055 1196 2121 testimouium
1218 2072 1354 2136 semper
1366 2051 1499 2136 semiue

315 2179 477 2262 producit
509 2201 541 2244 ›.
575 2178 637 2245 Sed
668 2179 750 2244 baec
782 2199 847 2243 non
880 2186 928 2244 est
961 2180 1081 2265 reputo
1112 2183 1278 2259 constans,
1309 2184 1360 2245 ast
1392 2180 1501 2264 potius

322 2301 490 2367 monitum
525 2300 620 2367 iudici
652 2301 846 2387 patefactum
877 2322 976 2387 super
1009 2302 1121 2366 valore
1152 2300 1336 2365 earumdem
1369 2306 1499 2367 attesta-

320 2423 454 2487 tionum.
480 2424 695 2499 Quamobrem
719 2422 932 2489 admittuntur
954 2444 998 2488 ex
1021 2445 1048 2489 c.
1072 2444 1099 2489 c.
1124 2422 1159 2505 3,
1179 2424 1211 2488 h.
1235 2429 1255 2487 t.
1280 2424 1315 2487 X
1335 2428 1366 2489 et
1387 2424 1423 2497 2,
1447 2424 1501 2491 De

317 2550 388 2617 iud.
411 2550 449 2615 iu
466 2551 497 2623 6,
524 2550 559 2614 X
579 2551 635 2636 (ll,
656 2552 699 2637 l);
721 2551 785 2616 imo
809 2551 1040 2635 praeferuntur
1061 2550 1233 2634 aliquando
1258 2552 1289 2615 iu
1314 2552 1418 2617 causis
1434 2571 1501 2615 ma·

318 2674 563 2749 trimonialibus‚
588 2690 662 2762 urp.
695 2696 723 2742 c.
748 2697 774 2742 c.
800 2674 860 2751 33,
892 2677 924 2741 b.
958 2682 979 2740 t.
1010 2678 1046 2741 X
1072 2682 1106 2742 et
1134 2674 1168 2743 3.
1194 2676 1258 2749 Qui
1279 2683 1361 2742 mot.
1384 2696 1498 2744 accus.

315 2795 387 2883 (IV,
415 2795 478 2883 18).

407 2918 451 3005 4),
465 2920 549 2995 Quia
574 2926 672 2988 testes
703 2926 836 3006 praeter
866 2921 1054 2996 scientium,
1079 2920 1270 3006 probitatem
1301 2920 1424 2985 habere
1446 2921 1500 2985 de·

321 3044 407 3116 bent,
433 3044 654 3110 excluduntur
680 3046 841 3131 inficietur,
866 3046 1036 3126 baeretici,
1059 3051 1243 3129 apostatae.
1269 3048 1502 3112 eucommuui·

323 3169 400 3251 cuti,
426 3169 482 3234 sed
507 3171 560 3253 qui
586 3170 719 3237 tolerati
743 3176 826 3245 sunt,
851 3177 984 3256 possunt
1007 3170 1144 3236 admitti:
1168 3170 1316 3253 infames
1334 3175 1366 3236 et
1389 3172 1422 3235 in
1445 3192 1499 3256 ge-

326 3313 408 3359 nere
439 3294 623 3361 cm'miuosi.
648 3295 692 3361 At
715 3297 786 3378 quis
809 3294 940 3379 negabit
960 3293 1132 3378 aliquando
1160 3294 1281 3360 utiliter
1311 3296 1371 3361 hos
1399 3316 1499 3381 supra

323 3419 503 3484 recensitos
532 3417 679 3485 adbiberi
707 3439 800 3504 posse
830 3419 871 3483 ad
894 3420 1064 3485 veritatem
1095 3419 1324 3505 detegendam?
1356 3421 1501 3487 Proinde

324 3541 439 3627 regula
472 3541 551 3607 iuris
580 3546 642 3617 est;
666 3562 780 3627 parum
812 3563 924 3608 eorum
956 3543 1210 3609 attestationibus
1232 3541 1393 3609 fidendum
1415 3563 1499 3625 esse,

322 3664 469 3731 sednon
501 3666 600 3731 semel
631 3686 672 3731 ex
697 3686 808 3731 eorum
839 3668 1042 3734 attestatione
1066 3665 1203 3732 iudicem
1224 3669 1395 3732 veritatem
1419 3666 1497 3733 hau·

317 3792 385 3856 rire
408 3810 512 3877 posse.

406 3914 482 3979 471.
507 3912 661 3979 Retuliue
685 3912 904 3979 excluduntur
927 3912 973 3977 illi
996 3914 1050 3997 qui
1073 3915 1106 3979 in
1130 3919 1221 3979 certa
1244 3934 1341 3980 causa
1367 3912 1496 3998 aliquod

317 4038 439 4103 habeut
462 4040 622 4104 interesse
645 4040 786 4121 irrorate,
803 4058 919 4123 nempe
943 4060 985 4103 ex
1008 4040 1106 4103 animi
1122 4036 1292 4105 allectione
1314 4046 1370 4106 out
1387 4040 1495 4125 patri·

318 4163 476 4235 moniale,
501 4164 576 4246 quia
597 4182 697 4229 memo
722 4162 811 4229 testis
835 4162 869 4227 iu
904 4182 1009 4228 causo
1032 4163 1192 4245 propriu,
1217 4164 1308 4229 iuxta
1333 4164 1355 4228 l.
1380 4164 1435 4238 10,
1457 4163 1494 4247 ffi

316 4294 366 4359 De
390 4298 460 4359 test.
480 4310 497 4356 c
514 4290 640 4357 Nullus
655 4290 799 4356 idoneus
824 4289 914 4356 lestis
937 4289 975 4354 iu
997 4308 1036 4354 re
1058 4308 1123 4356 suo
1146 4289 1345 4377 iutettipitur
1359 4311 1390 4355 ›.
1408 4289 1495 4355 Hinc

314 4419 414 4493 testes
436 4432 507 4478 esse
531 4432 595 4477 non
611 4416 755 4497 possunt:
