3350 5117
351 323 418 389 320
878 339 961 387 runs
986 339 1007 384 1.

350 473 500 552 peccam:
528 465 733 550 «quoniam
756 483 857 531 omne
880 463 937 548 (ait
969 465 1038 527 tnn.
1065 463 1115 527 iil
1140 465 1172 526 in
1196 464 1250 530 cit.
1273 465 1316 548 c.)
1343 461 1435 545 quod
1456 479 1527 526 non

350 599 397 658 est
421 612 465 656 ero
488 593 553 676 fide
575 595 751 674 peccatum
767 595 834 671 est‚·
854 589 1013 672 synodali
1035 587 1160 652 iudicio
1176 587 1357 671 definimus
1378 589 1415 650 ut
1430 587 1527 650 nullo

349 721 462 784 vatent
483 717 609 802 absque
633 717 721 784 bona
737 718 804 802 fide
823 717 1049 801 praescriptio
1075 722 1144 781 tom
1169 717 1334 782 canonico
1358 734 1463 799 queant
1480 714 1526 779 ci-

349 840 432 904 citis.
461 841 547 906 dum
570 841 774 925 poneretitor
797 841 837 904 sit
861 840 955 906 omni
978 840 1206 905 comittutioni
1228 845 1330 922 utque
1349 845 1525 906 consuetu-

349 967 422 1030 dini
446 967 656 1051 deropotum‚
681 983 769 1050 quoe
792 965 918 1049 ubsque
934 964 1072 1031 mortali
1094 971 1231 1046 peccato
1255 983 1325 1029 non
1343 969 1453 1046 potest
1469 964 1526 1030 ob-

348 1089 490 1155 servari.
523 1087 616 1154 Unde
640 1094 780 1172 oportet,
809 1094 847 1152 ut
877 1089 936 1172 qui
957 1087 1158 1171 praescribit
1181 1089 1218 1153 in
1239 1089 1338 1152 nutto
1364 1089 1528 1170 temporis

346 1219 446 1299 parte
469 1216 520 1282 rei
544 1214 663 1282 hubent
687 1214 926 1280 summentium
950 1214 1129 1279 atienae».
1157 1215 1206 1277 lta
1228 1212 1418 1278 adumbrato
1436 1233 1528 1298 prae·

349 1341 532 1425 scriptionis
556 1347 722 1424 conceptu.
749 1359 767 1404 a
791 1358 912 1424 genere
936 1338 976 1402 ad
1000 1339 1123 1424 species
1147 1337 1414 1403 descendentibus
1438 1337 1520 1402 iaci-

349 1467 410 1530 lior
433 1461 488 1530 fiet
511 1464 683 1530 discursus.
710 1465 787 1532 Cum
811 1467 923 1549 primis
946 1465 1177 1549 distinguemus
1201 1461 1351 1530 effectum
1381 1467 1523 1550 acquisi-

349 1589 453 1654 tivum
477 1588 516 1652 ub
540 1584 656 1654 effectu
684 1589 947 1673 praescriptionis
978 1589 1169 1658 extinctioo.
1194 1590 1269 1672 quia
1301 1609 1364 1651 non
1396 1590 1525 1671 utrique

348 1713 456 1778 eadem
485 1715 636 1798 requisita
660 1719 817 1778 coustant.

435 1840 509 1906 288.
537 1841 586 1906 Ad
611 1861 678 1906 rem
711 1843 966 1926 praescriptione
989 1840 1217 1923 acquirendam
1249 1843 1389 1924 quinque
1412 1839 1525 1905 condi-

346 1967 449 2031 tiones
475 1969 676 2032 necessariae
700 1972 790 2032 sunt:
819 1965 849 2050 1)
872 1984 928 2030 res
951 1972 1055 2057 opto;
1079 1965 1113 2050 2)
1134 1965 1222 2033 bono
1237 1967 1342 2050 fidem
1365 1967 1399 2052 3)
1415 1967 1524 2031 iustus

347 2093 482 2165 titulus;
508 2093 539 2178 4)
565 2094 652 2158 iusto
672 2093 839 2175 possessio
846 2112 859 2174 ,·
882 2093 916 2172 5)
936 2098 1088 2173 tempus‚·
1106 2091 1189 2156 unde
1209 2093 1403 2157 versiculus:
1423 2115 1442 2152 «
1458 2091 1524 2156 Res

347 2219 477 2290 babilis,
502 2221 593 2304 fides,
620 2220 743 2292 titulus,
766 2220 942 2302 possessio,
968 2226 1099 2302 tempus
1116 2240 1145 2283 ›.

435 2345 510 2410 289.
535 2343 602 2448 Q
617 2349 698 2428 opto
714 2346 959 2430 praescriptioni
985 2363 1027 2408 ex
1051 2347 1122 2408 iure
1141 2365 1211 2409 cass.
1230 2351 1279 2410 est
1302 2365 1522 2430 quaecumque

346 2491 399 2537 res
424 2490 505 2555 quae
529 2490 573 2535 ero
596 2475 723 2534 notura
745 2489 808 2534 suco
833 2471 884 2534 vel
906 2487 951 2534 eor
967 2489 1137 2536 cononum
1154 2471 1371 2561 dispositione
1386 2473 1521 2556 acquiri

344 2593 396 2658 oet
419 2593 565 2658 otienori
588 2571 708 2658 settene
732 2612 754 2657 o
777 2594 876 2659 certis
895 2593 1054 2676 personis
1081 2613 1153 2660 non
1181 2593 1390 2678 prohibetur.
1425 2595 1521 2659 Prae-

344 2718 442 2784 scribi
467 2737 529 2783 nou
554 2721 702 2803 possunt:

436 2841 466 2926 l)
494 2844 548 2907 Em
569 2848 698 2908 notura
720 2861 784 2908 suo
808 2860 862 2906 res
893 2861 975 2925 quae
999 2845 1031 2906 iu
1056 2846 1249 2908 commercio
1273 2862 1337 2906 uon
1361 2851 1520 2925 suntnec

344 2966 462 3050 privati
486 2965 616 3030 dominii
643 2971 718 3030 sunt
749 2985 893 3050 capuces,
918 2967 1015 3031 veluti
1047 2948 1128 3039 aer]-
1147 2955 1272 3039 forum
1292 2969 1345 3030 via
1375 2966 1519 3051 publica;

345 3095 416 3157 iura
439 3091 566 3176 publica
589 3092 715 3161 eccles„
741 3111 794 3157 res
817 3110 932 3156 sacrae
956 3097 988 3156 et
1003 3097 1222 3156 consecratae.
1246 3093 1398 3158 Attamen
1416 3093 1520 3158 buius·

344 3216 427 3282 modi
451 3237 504 3281 res
528 3217 719 3301 spirituales,
745 3219 771 3281 si
788 3235 1051 3290 coussoosurun
1068 3219 1175 3282 unius
1191 3223 1266 3282 sunt
1289 3218 1385 3284 rebus
1401 3225 1519 3304 tempo

343 3345 431 3410 ribus
447 3350 578 3428 possunt
595 3363 665 3408 esse
682 3345 714 3408 in
731 3346 858 3428 privato
882 3342 1030 3416 dominic,
1049 3350 1084 3408 ut
1099 3349 1175 3429 puta
1194 3343 1281 3410 calix
1297 3352 1513 3415 consecratus.

342 3465 495 3531 sacellum
520 3485 577 3530 seu
594 3467 769 3532 oratorium
794 3467 954 3552 privatum
979 3471 1011 3530 et
1033 3467 1203 3551 publicum.
1229 3474 1261 3532 et
1284 3473 1362 3533 tunc
1386 3489 1405 3532 a
1429 3488 1516 3554 prue-

341 3589 516 3674 scriptione
540 3609 604 3654 nou
624 3588 850 3656 excluduntur.

430 3711 465 3794 2)
489 3713 545 3777 Ee
568 3713 786 3796 dispositione
804 3733 975 3781 cononum
999 3716 1175 3800 praescribi
1201 3737 1265 3781 uon
1289 3727 1423 3804 possunt
1439 3717 1517 3784 fines

342 3837 578 3924 parochiarum,
593 3838 772 3904 dioecesum
793 3845 825 3904 et
842 3841 1092 3924 provinciarum,
1109 3842 1235 3925 quando
1251 3845 1371 3927 cogniti
1397 3842 1443 3928 (1)
1455 3847 1516 3910 sint

341 3968 374 4028 et
389 3963 530 4048 legitime
546 3963 685 4030 distincti
704 3985 746 4030 ex
769 3986 795 4031 o.
821 3966 855 4045 4,
882 3965 932 4031 De
951 3968 1105 4048 paroch„
1133 3967 1167 4030 X
1189 3967 1270 4051 (111.
1291 3968 1354 4049 29)
1371 3976 1404 4034 et
1428 3972 1515 4034 iuxta

341 4111 366 4153 c.
392 4109 418 4154 c.
445 4089 471 4158 1.
496 4091 530 4164 2,
556 4089 589 4164 3,
615 4109 689 4156 oon.
716 4091 766 4172 16,
794 4111 826 4176 q.
855 4089 880 4157 3
886 4113 901 4176 ‚·
923 4095 998 4177 quia
1022 4093 1100 4158 ordo
1123 4097 1286 4162 societatis
1308 4096 1513 4172 turbaretur;

429 4373 467 4442 (i)
488 4373 557 4426 Nam
577 4375 598 4426 si
614 4377 682 4429 fines
696 4381 759 4430 sunt
779 4377 853 4431 dubii
874 4385 957 4450 atque
970 4382 1078 4448 incerti,
1092 4383 1240 4450 praescribi
1256 4389 1370 4451 possunt
1389 4383 1515 4454 quodra-

340 4485 456 4548 pouorin
476 4483 701 4550 praescriptione,
720 4499 778 4555 arg.
799 4503 820 4539 c.
843 4485 904 4538 911.
926 4496 943 4539 t.
965 4489 1001 4540 Χ.
