3350 5117
560 288 602 333 oe
628 289 765 343 runicus
790 292 1054 342 accrasmsmcrs
1327 285 1387 349 461
1411 285 1415 291 ’

215 406 310 471 debet
338 411 514 494 peculiaria
542 432 651 477 rerum
675 414 825 481 adiuncta
849 438 988 502 pensare
1010 420 1050 484 ad
1074 422 1233 486 sinceram
1260 426 1306 489 rei
1331 446 1389 489 no-

214 533 316 597 titiam
337 534 558 610 hauriendam,
573 556 654 621 quae
677 556 755 603 sane
779 560 843 603 non
868 546 970 607 scatet
992 542 1032 608 ab
1056 546 1206 609 examine
1229 552 1262 613 et
1284 548 1391 612 obser-

216 662 349 725 vatione
372 662 508 727 alicuius
532 662 664 747 regulae
688 665 892 730 universalis.
957 717 960 721 .

303 787 377 851 438.
396 786 533 852 Adverti
548 808 628 853 vero
643 787 739 853 debet
755 789 814 853 has
838 790 981 875 regulas,
1001 792 1034 857 in
1057 796 1265 878 propositum,
1282 814 1390 861 enun-

213 910 300 977 ciari
316 918 349 975 et
372 911 463 977 tradi
486 930 505 975 a
528 912 720 979 canonialis.
742 948 785 961 --
809 916 847 979 ln
870 920 964 981 textu
980 918 1064 979 enim
1081 918 1160 982 iuris
1176 919 1238 983 hae
1255 939 1319 984 non
1335 941 1384 985 re

214 1038 385 1120 pariuntur
408 1042 441 1101 et
464 1037 631 1104 dumtaxat
654 1038 768 1112 obiter,
787 1043 818 1103 in
843 1041 1006 1106 nonnullis
1022 1022 1222 1127 fragmentis,
1239 1045 1273 1108 in
1297 1064 1389 1108 enar·

213 1161 322 1227 randis
345 1162 469 1230 actibus
492 1164 656 1229 cuiusdam
679 1166 853 1250 peculiaris
876 1166 982 1231 iudicii
998 1168 1179 1234 advertitur
1197 1171 1300 1253 pleae
1323 1189 1388 1233 non

213 1289 312 1354 fuisse
342 1290 510 1375 probatum
540 1292 597 1356 sed
626 1292 817 1375 semiplene.
843 1295 963 1366 Veluti,
988 1315 1040 1359 ex.
1065 1316 1104 1368 c.‚
1128 1296 1162 1360 in
1193 1315 1267 1379 cop.
1291 1296 1315 1359 4
1337 1296 1389 1362 De

212 1414 249 1480 in
265 1416 324 1481 inl.
349 1421 427 1481 rest.
444 1417 478 1480 X
499 1415 537 1500 (I,
555 1416 610 1503 41)
634 1419 806 1482 asseritur:
824 1418 1045 1485 Licetoulern
1062 1418 1246 1501 defraudo
1276 1419 1389 1484 taliter

206 1545 406 1622 perpetratu
432 1560 500 1623 per
531 1542 724 1608 troiosmooi
746 1543 978 1609 iurornentaun
1001 1562 1071 1609 non
1094 1549 1218 1609 constet
1240 1543 1287 1607 od
1305 1544 1385 1625 ple-

209 1685 294 1731 num
315 1670 385 1742 elc.;
403 1672 436 1731 et
458 1668 491 1731 in
515 1686 590 1751 cop.
614 1668 638 1732 6
660 1668 710 1732 De
734 1666 817 1753 frip.
842 1674 874 1732 el
903 1668 1019 1751 males.
1043 1669 1078 1733 X
1097 1669 1170 1753 (IV,
1199 1668 1250 1754 15)
1273 1667 1388 1732 adver-

210 1788 306 1853 titur:
333 1789 494 1861 Quamvis
517 1788 623 1875 ipilur
645 1788 828 1871 semiplene
852 1788 948 1855 nobis
974 1790 1185 1872 oppresseris
1215 1789 1386 1873 quomodo

209 1913 301 1978 dioto
324 1914 449 1979 mulier
471 1932 506 1978 se
525 1912 724 1995 promiserit
755 1912 997 1979 continentiam
1026 1918 1243 1979 sanaturum
1269 1918 1327 1977 etc.
1352 1936 1384 1975 o.

116 2072 121 2093 .
209 2038 300 2113 Quae
327 2039 479 2123 loquendi
504 2040 644 2103 rationes
675 2038 795 2102 nullam
820 2039 966 2123 regulam
999 2039 1119 2105 dictant
1149 2038 1256 2121 iudici,
1279 2058 1387 2122 neque

209 2180 391 2232 mensuram
424 2174 456 2231 et
479 2167 602 2251 pondus
633 2165 856 2252 probationum
887 2165 1050 2232 abstracte
1081 2165 1306 2245 determinant,
1326 2162 1383 2229 sed

208 2294 394 2378 exprimunt
417 2292 499 2376 quod
524 2312 632 2357 rerum
657 2296 773 2355 natura
804 2292 988 2356 continetur
1011 2298 1044 2355 et
1066 2292 1226 2355 communi
1256 2291 1383 2375 eloquio

207 2423 391 2503 usurpatur,
416 2418 567 2483 nimirum
599 2417 769 2502 aliquando
800 2417 1003 2501 probationes
1028 2418 1132 2499 plene
1159 2423 1191 2481 et
1214 2416 1382 2481 evidenter

206 2562 274 2607 rem
300 2540 481 2623 ostendere,
505 2541 676 2625 aliquando
699 2561 769 2606 non
789 2542 900 2624 plene.
925 2577 967 2589 -
993 2541 1119 2605 Exinde
1144 2546 1382 2625 recognoscunt

204 2688 345 2732 canones
356 2668 579 2733 necessitatem
596 2668 777 2751 supplendi
793 2666 952 2731 desectum
967 2666 1163 2750 probationis
1179 2686 1243 2729 non
1256 2668 1382 2748 plenae

204 2793 381 2878 paraliam
406 2792 644 2878 probationem;
670 2798 779 2877 utputa
803 2811 863 2876 per
886 2793 1099 2856 iuramentum
1119 2791 1378 2873 suppletorium,

204 2919 250 2985 uti
274 2917 457 2983 docebimus
481 2919 514 2982 in
536 2919 585 2981 t‘t.
609 2917 660 2982 De
683 2916 918 2981 iureiurando.

294 3042 448 3108 Iudicium
479 3049 595 3125 autem,
620 3045 652 3107 in
683 3043 809 3129 singulo
839 3061 926 3121 casu,
951 3040 990 3104 de
1014 3040 1237 3125 probationum
1260 3041 1293 3105 vi
1316 3061 1377 3105 ea-

203 3188 338 3253 rumque
362 3167 538 3253 aptitudine
561 3166 600 3230 ad
625 3165 881 3231 controversiam
913 3161 1125 3228 definiendam
1157 3166 1257 3227 tolum
1281 3162 1377 3227 relin-

201 3296 309 3380 quitur
340 3278 556 3361 cormcientiae
581 3290 702 3369 iudicis,
720 3290 773 3372 qui
794 3308 900 3372 nsque
924 3288 971 3353 ud
990 3286 1219 3368 prolationem
1249 3291 1378 3351 senlen-

202 3422 267 3491 lioe
292 3417 388 3485 debet
409 3423 530 3483 cuncto
553 3415 695 3497 riinori5
711 3434 753 3478 ex
772 3433 847 3495 cap.
863 3414 907 3477 10
930 3412 980 3476 De
1002 3412 1060 3497 fid.
1079 3412 1152 3476 inst.
1174 3412 1208 3475 X
1229 3411 1286 3495 (u,
1300 3409 1374 3493 22);

201 3546 253 3627 qui
278 3562 341 3607 non
366 3541 532 3607 abstracte
555 3546 588 3604 et
611 3538 845 3605 doctrinaliter
876 3537 916 3600 ad
948 3556 1044 3601 unam
1075 3543 1198 3600 tantum
1229 3537 1376 3620 speciem

196 3668 410 3751 probotionis
434 3667 581 3749 applicet
603 3670 748 3730 mentem
771 3684 870 3729 suono
892 3664 949 3729 sed
968 3682 1013 3726 ece
1029 3660 1303 3743 confessionibus,
1321 3663 1375 3727 de-

195 3792 429 3875 positionibus.
452 3786 710 3874 ollopulionibns
734 3792 764 3852 el
787 3786 865 3851 aliis
896 3803 985 3869 paone
1014 3784 1050 3848 in
1080 3784 1152 3849 eius
1175 3784 1374 3865 praesentio

194 3922 450 4001 proponuntur.
474 3914 600 3997 foronei
630 3912 738 3977 orrinn
769 3911 822 3976 sni
846 3915 973 3974 anoloni
990 3913 1060 3987 ete,
1079 3909 1123 3973 uli
1138 3907 1232 3970 docet
1247 3924 1322 3987 cop.
1340 3907 1374 3985 6,

198 4043 248 4107 De
272 4041 462 4106 renunciat.
487 4040 520 4102 X
542 4036 598 4121 (ΙΙ,
622 4038 666 4121 9).
693 4035 783 4102 Unde
807 4038 839 4099 in
864 4054 938 4118 cup.
963 4035 981 4097 1
1003 4035 1053 4099 De
1079 4038 1160 4098 sent.
1185 4038 1216 4096 el
1239 4051 1279 4096 re
1301 4033 1372 4096 ind.

197 4166 274 4230 ino
297 4166 352 4249 (ΙΙ,
381 4166 433 4247 14)
451 4161 604 4248 gravibus
628 4160 738 4245 poenis
762 4158 917 4224 multatur
940 4157 1037 4221 iudex
1061 4156 1159 4220 edens
1181 4157 1373 4219 senteutiam

197 4292 318 4353 contro
341 4306 440 4350 silom
465 4282 713 4350 conscientiam.

288 4412 500 4475 Nihilominus
524 4408 620 4472 iudex
646 4410 692 4470 rei
717 4411 947 4470 controversae
964 4406 1108 4469 notitiam
1124 4401 1184 4467 sibi
1208 4404 1374 4485 comparat
