3350 5117
333 260 401 327 562
862 280 945 327 ress
970 280 992 326 1.

333 424 395 489 per
417 403 494 469 illud
524 410 631 469 autem
654 404 813 470 tolluntur
836 411 869 469 et
899 404 1128 471 rescinduntur
1158 406 1275 472 omniu
1297 411 1376 472 octo
1398 408 1431 471 in
1457 408 1516 471 tali

333 530 495 598 instantia.

423 652 456 738 4)
480 654 588 737 lpsum
603 652 781 717 remedium
805 650 864 717 sub
881 672 915 717 n.
932 652 958 717 2
981 653 1162 740 expositum
1178 652 1297 739 duplici
1321 656 1448 719 ratione
1463 672 1518 739 ap·

332 777 447 862 plicari
470 782 583 861 potest.
609 778 689 841 Nam
712 777 874 841 sententia
899 773 1064 841 definitiva
1087 776 1140 840 vel
1171 796 1263 842 reum
1287 775 1424 843 absolvit
1447 782 1519 844 tan·

332 904 400 966 tum
423 899 466 966 ab
489 900 696 982 impetitione
726 899 862 971 actoris.
887 898 941 963 vel
972 898 1123 965 absolute
1150 906 1181 965 et
1205 900 1370 967 edumas
1397 918 1518 967 omnes

332 1024 527 1108 pronunciat
548 1025 582 1087 in
605 1021 752 1088 favorem
775 1022 837 1088 rei.

422 1148 579 1233 Exemplo
603 1147 717 1213 melius
747 1147 870 1232 patebit
893 1140 1077 1213 differentia
1106 1148 1193 1213 inter
1214 1146 1446 1213 absolutionem
1470 1148 1518 1215 ab

331 1272 540 1356 impetitione
563 1273 697 1353 actoris,
711 1278 745 1339 et
766 1272 970 1337 sententium
986 1271 1130 1337 absolute
1153 1292 1211 1339 reo
1236 1272 1456 1338 favorabilem.
1469 1307 1517 1321 —

331 1396 365 1461 Si
387 1400 515 1461 actura
537 1415 595 1461 reo
618 1394 760 1461 vindicet
775 1394 921 1469 fundum,
939 1400 1050 1461 actore
1074 1396 1136 1460 iam
1160 1396 1344 1481 incoeptum
1360 1394 1516 1460 iudicium

331 1496 512 1601 deserente,
528 1520 570 1585 ad
590 1522 773 1587 instantiam
799 1521 858 1601 rei,
880 1518 978 1585 iudex
1001 1540 1044 1585 ex
1066 1520 1174 1585 allatis
1196 1518 1437 1605 probationibus
1460 1538 1517 1604 po·

333 1647 397 1707 test
411 1642 591 1708 decernere
606 1642 740 1709 fundum
763 1646 867 1708 actori
884 1663 948 1708 nun
965 1644 1140 1729 pertinere,
1158 1649 1191 1707 et
1206 1643 1250 1707 ita
1268 1641 1406 1707 absolvit
1421 1662 1517 1745 reum

331 1766 373 1830 ab
392 1765 477 1831 illius
494 1767 706 1851 impetitione,
721 1765 802 1831 adeo
818 1772 853 1831 ut
869 1768 896 1831 si
913 1766 1018 1831 denuo
1035 1766 1135 1831 vellet
1149 1766 1300 1833 iudicium
1317 1768 1514 1842 instaurare,

332 1892 551 1977 repelleretur
574 1894 764 1977 exceptione
795 1892 848 1958 rei
870 1892 1049 1959 iudicatae.
1073 1888 1139 1958 Sed
1170 1892 1244 1977 quia
1267 1892 1321 1959 bic
1342 1899 1435 1959 actor
1459 1914 1517 1959 re-

333 2014 475 2101 pellitur,
491 2036 564 2100 'non
589 2016 707 2083 exinde
730 2016 785 2081 alii
810 2016 1060 2102 repellerentur,
1077 2018 1130 2100 qui
1154 2017 1307 2081 nimirum
1330 2022 1441 2102 postea
1463 2018 1517 2081 iu-

332 2141 449 2208 dicium
474 2142 656 2207 instaurare
680 2148 814 2227 possunt
836 2142 877 2207 ad
901 2162 971 2207 rem
993 2140 1231 2225 vindicandam,
1255 2142 1317 2207 nisi
1340 2142 1437 2207 iudex
1452 2141 1513 2207 ab·

330 2265 434 2330 solute
457 2264 613 2329 adversus
644 2284 755 2329 omues
779 2285 850 2329 rem
883 2263 1044 2331 adiudicat
1074 2284 1154 2351 reo,
1174 2263 1353 2331 decernens
1376 2264 1513 2329 fundum

331 2406 388 2450 reo
412 2392 444 2451 et
467 2388 546 2453 nulli
576 2387 630 2452 alii
655 2389 834 2471 pertinere.
868 2387 960 2453 Haec
983 2394 1032 2454 est
1062 2385 1271 2453 favorabilior
1294 2389 1454 2452 sententia
1477 2394 1515 2453 ut

329 2518 426 2599 patet.
451 2512 560 2578 valida
581 2511 739 2577 adversus
761 2530 884 2577 omnes.
1320 2490 1322 2495 ⁵

386 2637 392 2647 '
419 2637 453 2720 5)
478 2637 568 2703 Haec
583 2643 658 2702 suut
680 2635 823 2701 remedia
848 2636 1012 2701 ordinaria
1028 2655 1109 2720 quae
1125 2638 1315 2721 praesertim
1340 2636 1515 2701 consulunt

329 2762 393 2827 iuri
416 2762 616 2846 privaturum
647 2781 703 2826 seu
732 2760 923 2826 iudiciorum
954 2761 1117 2846 legitimae
1149 2760 1355 2847 expeditioni.
1383 2758 1514 2825 -Sed

329 2892 535 2970 comparatae
559 2891 633 2952 sunt
656 2886 752 2951 etiam
772 2905 897 2970 poenae
922 2890 956 2952 ut
979 2886 1170 2951 insolentius
1186 2905 1250 2950 non
1267 2891 1440 2971 spernatur
1462 2887 1515 2953 iu-

329 3012 410 3077 dicis
431 3013 620 3087 auctoritas;
645 3016 678 3077 et
694 3012 756 3077 bae
772 3016 848 3077 sunt
860 3012 1083 3094 pulsationes,
1100 3010 1337 3093 inbubditotes,
1353 3014 1513 3095 mulctae,

329 3136 548 3219 sequestratio
578 3154 641 3201 aec
670 3155 741 3202 non
770 3136 997 3203 ecclesiastico
1021 3154 1176 3207 censure,
1208 3156 1228 3199 a
1258 3134 1372 3219 quibus
1402 3142 1514 3202 tamen

330 3260 562 3344 sapientissime
594 3260 690 3325 (lonc.
718 3258 805 3324 Trid.
838 3260 871 3322 in
899 3260 984 3325 Sese.
1009 3259 1068 3339 25,
1093 3278 1168 3343 cup.
1192 3258 1226 3333 3,
1258 3260 1312 3331 ait,
1340 3226 1525 3324 admodum·

329 3381 574 3468 temperandum
590 3401 661 3447 esse
676 3402 718 3445 ne
733 3381 902 3453 vilescant,
917 3388 948 3445 et
965 3381 1004 3446 ad
1022 3402 1076 3447 eas
1095 3401 1160 3445 non
1176 3380 1411 3447 deveniendum
1427 3401 1511 3449 esse.

330 3505 457 3591 quando
481 3514 654 3571 contumax
678 3507 729 3571 vel
761 3526 821 3592 per
844 3508 1053 3591 privationes.
1075 3527 1134 3591 per
1157 3506 1428 3590 sequestrationes
1455 3512 1513 3572 aut

330 3649 389 3713 per
411 3629 549 3694 mulctas
571 3632 671 3716 possit
694 3630 734 3693 ad
758 3628 901 3694 officium
927 3628 1049 3694 reduci.

419 3755 495 3820 571.
525 3754 646 3820 Contra
677 3773 769 3818 reum
790 3730 1023 3819 'contumacem
1055 3752 1137 3817 haec
1168 3756 1243 3817 sunt
1273 3752 1425 3838 specialia
1455 3772 1512 3818 re·

330 3882 452 3949 media:

261 3979 265 3986 ⁴
421 4006 453 4093 l)
477 4006 623 4091 Speciale
651 4010 700 4070 est
730 4004 835 4089 quoad
868 4024 970 4077 reum,
995 4004 1151 4071 adversus
1174 4004 1262 4069 hunc
1285 4002 1416 4091 procedi
1443 4022 1511 4068 non

330 4150 424 4214 posse
453 4128 493 4193 ad
523 4130 718 4194 sententiam
741 4126 949 4201 definitivam,
979 4128 1009 4193 ei
1039 4128 1152 4193 adbuc
1171 4132 1289 4212 portes
1320 4126 1411 4193 litem
1438 4144 1510 4193 non

329 4248 461 4332 fuerint
482 4256 692 4318 contestatae.
710 4252 763 4316 Ex
782 4249 922 4331 diverso,
939 4254 1050 4315 actore
1074 4255 1273 4331 contumace,
1290 4268 1366 4315 reus
1382 4254 1511 4315 senten·

330 4375 408 4439 tiam
430 4372 627 4441 definitivam
652 4374 798 4440 obtinere
820 4374 918 4447 valet,
942 4376 988 4439 uti
1013 4373 1253 4459 explicavimus.
