3350 5117
308 343 372 410 484
832 360 916 408 rins
940 359 961 406 1.

305 483 512 567 scripturam
534 482 744 569 interrogari
758 501 829 549 non
847 488 993 565 pussant
1009 503 1039 545 s.
1065 482 1191 548 Verum
1205 484 1351 567 quamvis
1374 484 1406 548 in
1421 482 1481 549 ho-

307 628 388 673 nore
403 608 476 673 dein
492 608 601 673 habita
624 608 666 674 sit
681 608 826 694 probatio
851 610 981 695 scripta,
999 614 1106 675 tamen
1125 610 1207 675 haee
1227 608 1407 696 probationi
1424 629 1482 695 per

307 736 405 797 testes
428 733 611 817 praeposita
634 752 698 797 non
723 732 800 809 tuit;
825 734 1054 800 Constantinus
1077 736 1109 799 in
1134 736 1155 798 t.
1179 736 1232 807 15,
1252 731 1331 801 Ood.
1358 732 1411 799 De
1424 734 1481 819 fid.

307 858 382 922 inst.
412 858 475 921 ait:
502 856 574 921 «in
604 857 941 924 manutenentes
966 858 1123 925 eamdem
1145 858 1215 925 aim
1237 833 1385 927 obtinent
1414 864 1502 923 tam·

307 978 390 1065 tides
405 978 708 1045 instrumentorum
732 998 837 1063 qaam
853 980 1078 1063 depositiones
1100 982 1234 1047 testium
1250 1002 1281 1047 s.
1300 981 1483 1065 Insequenti

308 1108 462 1187 tempore,
487 1102 527 1167 ob
557 1108 700 1188 spretum
729 1104 914 1171 litterarum
946 1104 1094 1186 studium,
1119 1104 1265 1189 probatio
1296 1125 1355 1190 per
1385 1109 1483 1169 testes

308 1228 484 1314 praevalet,
509 1228 612 1294 donee
636 1231 684 1294 ius
708 1249 778 1295 ean.
804 1232 921 1295 iterum
945 1232 1052 1315 magni
1070 1230 1148 1296 iacit
1170 1230 1392 1317 probationem
1408 1231 1484 1318 seri·

309 1360 402 1440 ptam.
429 1355 509 1420 Dein
542 1357 574 1419 in
603 1356 706 1438 ltalia,
731 1361 864 1441 propter
894 1356 1026 1423 scholae
1058 1356 1269 1421 Bononiensis
1300 1360 1481 1441 praecepta

308 1502 394 1547 anno
410 1482 494 1547 1454
509 1487 687 1565 coeperunt
702 1479 795 1545 condi
812 1486 932 1547 statuta
946 1480 1060 1565 quibus
1075 1480 1339 1565 proscribebatur
1353 1481 1387 1545 in
1403 1499 1484 1545 non-

233 1662 238 1673 .
309 1608 403 1674 nullis
432 1607 557 1673 casibus
580 1607 725 1693 probatio
750 1628 808 1693 per
832 1612 939 1673 testas.
967 1608 1038 1671 Hoc
1061 1608 1146 1672 enim
1178 1607 1295 1672 aeoidit
1319 1608 1404 1671 inter
1426 1605 1483 1669 ho·

309 1737 410 1801 mines
437 1737 489 1819 qui
522 1734 683 1799 civiliares
707 1730 830 1809 affecti,
855 1734 1011 1799 bonorum
1042 1734 1135 1818 eopia
1167 1728 1358 1809 effeminati,
1383 1729 1484 1815 magis
1522 1788 1525 1793 .

308 1863 399 1927 lucro
422 1881 517 1945 quam
541 1861 669 1926 veritati
693 1858 851 1925 studeant.

397 1988 472 2053 466.
498 1987 569 2052 Han
585 1985 625 2051 de
648 2004 747 2051 eausa
763 1987 858 2049 etiam
884 1986 916 2051 in
933 1983 1095 2051 codicibus
1110 1983 1276 2050 hodiernis
1291 1984 1325 2049 in
1341 2003 1378 2048 re
1398 1983 1485 2049 civili

309 2108 456 2195 probatio
472 2128 531 2193 per
554 2110 653 2172 testes
669 2106 809 2170 maxima
824 2108 858 2170 in
873 2107 1054 2191 suspicione
1077 2105 1216 2171 habetur
1231 2111 1264 2171 et
1283 2126 1365 2190 pene
1380 2105 1486 2192 prohi-

309 2232 413 2297 betur.
431 2266 473 2279 -
492 2232 545 2295 lus
561 2230 750 2295 canonicum
769 2230 905 2295 madiam
920 2234 1011 2296 tenet
1025 2230 1111 2294 viam
1126 2229 1297 2295 admittens
1312 2234 1411 2295 testes
1426 2248 1486 2314 pro

309 2356 456 2423 omuibus
480 2356 720 2437 controversiis,
737 2354 792 2421 sed
816 2354 911 2421 iudici
936 2374 1115 2440 suggerens
1139 2355 1390 2440 quamplurimas
1413 2376 1485 2422 aau-

309 2483 391 2549 telas
404 2490 438 2547 et
460 2480 604 2567 partibus
622 2481 807 2565 relinquens
830 2480 957 2567 plenam
974 2480 1157 2547 libertatem
1173 2481 1354 2566 excipiendi
1372 2488 1486 2547 eontra

309 2626 464 2693 personas
487 2608 614 2673 testium
639 2624 814 2689 eorumque
837 2606 1067 2671 attestationes.

399 2729 471 2795 Hoc
494 2728 631 2793 madium
653 2734 795 2814 systema
818 2730 958 2794 maxime
982 2730 1161 2793 incusatum
1179 2728 1239 2795 init
1261 2725 1301 2791 ob
1324 2726 1486 2811 quamplu-

300 2854 408 2921 ¹rimas
426 2854 556 2939 regulas
571 2873 653 2939 qnae
670 2856 804 2940 proponi
820 2854 927 2919 solent
942 2854 1004 2919 hae
1020 2854 1060 2919 de
1077 2874 1114 2918 re
1132 2875 1153 2917 a
1168 2854 1352 2918 canonistis.
1366 2887 1410 2902 -
1426 2852 1487 2917 Re·

311 2984 445 3044 vooetur
467 2979 551 3063 quod
576 2978 714 3045 diximus
741 2978 780 3043 de
806 2977 1069 3061 probationibns
1092 2980 1124 3042 in
1148 2996 1270 3063 genere
1297 2981 1431 3063 agentes
1455 2982 1488 3041 et

311 3104 342 3167 in
366 3106 511 3169 nostrum
536 3105 730 3188 propositum
755 3102 816 3167 hoo
839 3101 994 3183 addimus,
1018 3121 1082 3166 non
1107 3121 1217 3166 omnes
1242 3101 1372 3187 regulas
1395 3121 1414 3164 a
1437 3120 1487 3165 oa·

310 3226 444 3291 nonistis
466 3227 644 3311 propositas
668 3227 793 3313 legales
816 3246 887 3293 esse
893 3247 907 3309 5
930 3225 1122 3310 easdemque
1147 3225 1276 3312 regulas
1303 3228 1374 3291 iure
1402 3228 1486 3311 posi-

309 3352 375 3415 tivo
391 3350 535 3426 traditas,
552 3370 622 3417 esse
639 3372 768 3417 normas
791 3352 888 3417 iudici
908 3352 948 3417 ad
965 3351 1141 3438 regendum
1165 3353 1233 3418 eius
1253 3351 1413 3423 iudicium,
1430 3350 1487 3416 sad

311 3492 374 3539 nou
398 3476 442 3540 ita
466 3476 586 3559 rigidas
609 3481 642 3542 et
665 3477 866 3541 necessarias
888 3482 1021 3546 assant
1043 3476 1084 3541 ab
1108 3478 1146 3542 iis
1162 3476 1259 3542 iudex
1282 3475 1433 3561 legitimis
1447 3475 1487 3541 de

311 3602 415 3666 nausis
439 3597 612 3667 deflectere¹
635 3620 699 3666 non
724 3602 831 3687 possit.

401 3726 475 3793 467.
502 3725 583 3792 illud
602 3746 679 3791 vero
703 3728 844 3792 maxime
863 3728 988 3792 adverti
1012 3726 1117 3795 debet.
1135 3747 1250 3813 nempe
1273 3729 1487 3795 diversimode

310 3856 408 3917 testes
432 3851 577 3916 adhiberi
602 3853 633 3917 in
658 3855 763 3918 causis
787 3852 940 3919 civilibus
962 3872 1002 3917 aa
1024 3854 1057 3917 in
1081 3852 1317 3919 criminalibus
1340 3860 1373 3919 et
1397 3873 1488 3940 regu·

311 3973 358 4040 las
381 3972 523 4061 proditas
546 3994 604 4060 pro
628 3976 765 4059 negotiis
788 3974 941 4041 astilibus
960 3994 1026 4039 non
1049 3993 1142 4059 posse
1165 3994 1268 4059 aeque
1291 3977 1437 4041 invocari
1453 3977 1487 4041 iu
1602 3985 1609 3993 '

385 4258 424 4329 (1)
443 4258 484 4313 Ex
512 4258 593 4313 Italia
621 4261 648 4314 in
680 4260 800 4315 Galliam
828 4260 984 4316 huiusmodi
1016 4261 1227 4315 reformationes
1254 4266 1284 4315 et
1315 4265 1421 4315 statuta
1446 4261 1487 4315 di-

312 4378 407 4429 gressa
425 4366 490 4417 sunt
510 4366 538 4416 et
556 4362 654 4418 deinde
673 4363 701 4417 in
721 4363 791 4417 alios
809 4367 913 4417 status:
932 4362 967 4415 ef.
992 4360 1106 4427 Partito,
1126 4362 1219 4415 Storia
1237 4365 1285 4419 det
1303 4365 1400 4419 diritto
1424 4364 1489 4418 Ital.

320 4464 347 4531 V,
375 4462 413 4517 vt
429 4464 570 4534 (Proaed.)
589 4470 606 4532 5
625 4466 705 4532 22&
724 4471 754 4521 et
773 4464 877 4531 Dalloz,
896 4462 1009 4534 Re'pert.
1031 4480 1053 4515 u.
1077 4462 1275 4534 obligationes,
1293 4485 1320 4519 n.
1334 4465 1422 4521 4610.
