3350 5117
779 575 961 642 TlTlJLL'S
983 577 1047 642 111.

708 771 760 819 DE
790 773 843 820 BE
878 773 1110 820 teuscus.

717 895 768 936 ttnc
781 893 1100 946 refermrintztitttx.

317 1081 534 1140 Summus
553 1113 587 1126 ·-
605 1085 667 1138 666.
686 1085 743 1140 Res
762 1087 885 1140 inclinatu
902 1085 1024 1141 habetur
1039 1103 1090 1156 per
1107 1088 1278 1141 sententium
1289 1103 1364 1158 qnae
1382 1085 1510 1155 mplius

408 1189 597 1260 appellatione
624 1190 780 1260 impugnari
806 1207 862 1244 nou
886 1197 1042 1260 potest-
1058 1191 1123 1246 661.
1150 1191 1223 1244 Hine
1246 1208 1296 1244 m
1319 1191 1445 1243 mm
1470 1205 1509 1242 ex

405 1298 632 1366 praesumtione
650 1299 721 1349 iuris
740 1305 766 1350 ct
784 1297 821 1350 de
840 1297 903 1350 iure
919 1311 971 1366 pro
994 1299 1112 1351 celime
1139 1295 1271 1350 habetur.
1288 1323 1328 1336 -
1342 1296 1407 1348 662.
1425 1293 1508 1347 Nou·

409 1401 503 1458 nullae
512 1405 668 1458 sententiae
679 1421 819 1474 nunqnam
830 1409 976 1458 transeunt
988 1406 1017 1458 in
1027 1422 1088 1460 rem
1097 1405 1263 1458 indicetanr.
1275 1433 1314 1446 -
1324 1403 1388 1458 663
1401 1403 1511 1456 Huius·

408 1511 480 1566 modi
493 1519 558 1568 sunt
568 1515 725 1568 sententiae
733 1529 805 1584 quae
815 1513 946 1567 laborent
955 1512 1135 1568 substantiali
1149 1513 1271 1568 delectu
1281 1513 1389 1566 -uus
1400 1512 1508 1567 Verum

408 1617 475 1688 quis
496 1616 622 1672 nonnulli
647 1618 772 1673 defectus
796 1619 918 1688 partium
943 1619 1144 1673 ratihabitione
1166 1629 1318 1679 sanantur,
1341 1617 1508 1672 renunties

408 1723 504 1780 taliter
517 1724 611 1779 nullae
630 1730 775 1778 transeunt
788 1724 817 1780 in
835 1741 895 1780 rem
913 1725 1073 1787 iudicatam,
1089 1726 1113 1778 si
1130 1730 1224 1795 partes
1243 1728 1319 1778 iutra
1336 1723 1508 1778 decendium

412 1849 467 1888 non
486 1833 637 1904 appellent.
657 1862 691 1874 —
709 1833 770 1888 665.
790 1833 873 1888 Aliae
890 1833 1049 1888 wumntiae
1076 1848 1132 1886 uon
1157 1837 1305 1887 transeunt
1329 1833 1359 1885 in
1384 1847 1444 1885 rem
1463 1832 1511 1884 iu·

409 1941 539 2006 dicatum,
556 1943 591 1994 ob
616 1943 719 1996 bonnm
744 1941 892 2012 spirituale
910 1955 960 1996 aut
978 1941 1130 2012 publicum
1158 1969 1190 1982 -
1210 1942 1274 1994 666.
1293 1941 1507 1994 Enumerantur

410 2043 566 2098 huiusmodi
586 2061 694 2100 causae.
713 2073 751 2086 -
767 2045 829 2098 667.
851 2044 890 2099 De
907 2045 1054 2100 effectibus
1078 2044 1118 2098 rei
1140 2044 1289 2097 iudicatae.

411 2271 486 2338 660.
513 2273 577 2338 Res
601 2271 740 2339 iudicata
762 2276 900 2339 sumitur
917 2271 1041 2359 duplici
1064 2275 1212 2338 ratione:

413 2395 445 2480 l)
467 2415 527 2482 pro
550 2397 620 2481 ipsa
641 2393 827 2462 defiuitione
849 2397 1092 2460 controversiae
1114 2415 1199 2480 quus
1213 2396 1375 2460 sententis
1396 2395 1510 2459 conti-

322 2525 427 2592 netur,
451 2524 485 2586 et
508 2522 551 2585 itu
574 2519 738 2587 sententia
762 2519 918 2586 sehabet
948 2521 997 2586 cd
1022 2539 1096 2586 rem
1119 2519 1307 2586 inrdicmm
1329 2519 1376 2584 nti
1403 2539 1508 2585 causa

320 2645 361 2710 ad
386 2641 553 2722 effectum

410 2773 444 2860 2)
466 2775 604 2838 sumitur
619 2795 678 2860 pru
694 2775 763 2861 ipsa
778 2775 938 2840 sententie
952 2772 1117 2839 definitiva
1128 2795 1149 2838 a
1162 2794 1227 2859 qua
1242 2775 1383 2840 nonfuit
1396 2775 1508 2860 appel·

321 2901 419 2968 latum
444 2901 531 2964 iutra
550 2897 739 2965 decendium
755 2899 795 2966 ad
811 2919 883 2964 eam
899 2900 1149 2985 impugnandam
1163 2903 1383 2971 constitutum,
1403 2918 1508 2983 quae-

321 3041 384 3105 que
407 3020 542 3107 proinde
565 3021 659 3088 debet
682 3023 866 3089 executioni
889 3021 1095 3097 demandari3
1112 3029 1145 3087 et
1160 3022 1243 3108 apud
1260 3024 1445 3089 canonistas
1460 3023 1508 3087 itu

322 3145 480 3232 accipitur
503 3147 717 3212 communiter
740 3166 796 3213 res
818 3148 979 3217 iudicata.
995 3149 1071 3232 quia
1091 3167 1210 3212 revere
1224 3149 1406 3213 sententiae
1434 3167 1507 3233 pro-

322 3273 486 3338 nunciatio
509 3291 574 3336 uon
599 3275 647 3337 est
670 3269 773 3344 firme,
791 3273 894 3338 donec
910 3273 1054 3359 legitime
1069 3273 1176 3338 voleat
1191 3273 1434 3358 impugnatione
1460 3272 1508 3335 in·

323 3392 457 3460 firmari.

412 3519 488 3586 661.
520 3519 685 3585 Sententia
716 3539 798 3604 quae
828 3522 957 3586 transiit
986 3521 1023 3586 iu
1055 3541 1130 3588 rem
1161 3523 1350 3588 iudicatum
1383 3522 1508 3588 fruitur

272 3620 274 3626 ¹
323 3643 582 3729 praesumptione
604 3643 691 3709 iuris
715 3649 747 3709 et
761 3643 805 3709 de
819 3643 904 3723 iure,
918 3663 1002 3727 quae
1018 3645 1154 3730 amplius
1170 3645 1297 3711 directe
1321 3646 1507 3731 impugnari

324 3787 388 3834 non
412 3773 525 3856 potest,
549 3789 606 3834 seu
628 3788 683 3836 res
705 3768 857 3836 iudicata
875 3787 944 3851 pro
965 3769 1105 3835 veritate
1129 3769 1283 3836 habetur.
1301 3769 1514 3855 Fundamen-¹

323 3897 390 3956 tum
414 3893 683 3977 praesumptionis
707 3897 756 3957 est
779 3892 911 3978 duplex,

414 4017 447 4104 1)
470 4020 544 4103 quia
574 4018 718 4085 creditur
749 4019 847 4084 iudex
874 4019 1018 4105 legitime
1049 4019 1157 4084 omnia
1184 4023 1334 4105 gessisse,
1359 4021 1463 4086 donec
1486 4040 1508 4085 a

325 4139 469 4226 pertibus
491 4141 690 4206 contrarium
714 4139 964 4216 demonstretur.
989 4161 1032 4207 ex
1054 4161 1128 4225 cap.
1152 4142 1204 4224 16,
1229 4143 1279 4211 De
1302 4149 1387 4210 seut.
1411 4149 1508 4210 etro

324 4262 396 4328 iud.
420 4263 454 4328 X
475 4262 530 4348 (11,
556 4261 632 4350 27);

415 4385 449 4472 2)
472 4392 504 4452 et
527 4389 601 4470 quia
623 4393 732 4487 perles
755 4390 851 4454 tacite
875 4390 927 4454 vel
951 4408 1106 4475 expresse
1130 4391 1359 4456 renunciantes
1388 4388 1506 4475 appel·
