3350 5117
750 351 752 358 ¹
787 295 894 344 rausa
921 295 1041 344 aaron

838 525 936 580 carna
950 523 986 579 ll.

542 684 572 716 D!
588 683 699 722 Qunam
715 682 861 718 ammana
876 683 1031 718 amenum
1046 677 1162 724 amomi
1178 685 1290 720 minus

576 780 610 813 AD
626 773 786 814 §Bltssll'l'lss
802 779 988 814 mnemon
1006 780 1248 816 annonarum.

321 955 382 1008 652.
401 951 521 1014 Querela
540 949 679 1005 nullitatis
696 955 741 1006 est
758 949 911 1007 remedium
931 951 1198 1021 extraordinarium,
1217 956 1285 1025 quia
1310 970 1377 1025 sup-

429 1059 507 1128 ponit
525 1059 693 1114 senteutiam
719 1056 912 1148 nullam'eeaa.
933 1058 1004 1112 ilinc
1028 1063 1128 1129 suapte
1153 1064 1254 1115 natura
1278 1077 1377 1132 propo-

429 1166 519 1222 nenda
536 1165 608 1236 apud
626 1166 716 1235 ipsum
734 1165 855 1220 iudicem
874 1166 921 1238 qui
939 1167 1107 1221 seutentiam
1127 1167 1195 1222 tulit
1236 1207 1243 1221 .
1281 1208 1287 1222 .
1325 1209 1332 1223 .
1362 1189 1429 1242 paq.
1448 1173 1504 1227 633

321 1277 382 1333 653.
402 1276 552 1340 Quaeritur
571 1291 607 1330 au
625 1272 695 1328 haec
713 1273 829 1345 querela
849 1276 962 1344 proponi
985 1276 1072 1345 possit
1095 1275 1168 1345 apud
1196 1276 1316 1333 indicem
1334 1296 1378 1333 su-

429 1385 573 1455 periorem.
593 1383 629 1438 Et
647 1383 708 1437 iure
726 1399 787 1437 can.
807 1388 950 1454 receptum
963 1388 1006 1438 eet
1019 1388 1053 1438 ut
1064 1383 1224 1439 cumuletur
1236 1401 1299 1440 cnm
1317 1387 1379 1456 ipso

427 1487 549 1543 remedio
567 1485 772 1558 appellationis,
791 1487 881 1542 etita
899 1487 1078 1557 pertrahatur
1097 1488 1131 1542 ad
1153 1489 1271 1545 iudicem
1295 1509 1377 1563 supe-

427 1596 529 1650 riorem
563 1633 1373 1654 ...................
1412 1601 1501 1658 »634

319 1703 379 1758 654.
400 1702 444 1756 Αιι
462 1699 577 1773 querela
595 1699 735 1755 nullitatis
753 1699 858 1754 moveri
877 1699 979 1757 debead
997 1701 1073 1754 iutra
1090 1701 1284 1758 decendium.
1323 1748 1328 1759 .
1367 1749 1372 1759 .
1411 1708 1502 1767 »635

317 1811 378 1866 655.
398 1807 539 1871 Quomodo
563 1807 728 1863 beneficium
753 1822 839 1862 novae
865 1807 1024 1862 audientiae
1046 1807 1157 1864 differat
1182 1811 1217 1864 ab
1243 1812 1370 1881 appella·

428 1914 504 1969 tione
520 1951 1373 1971 ....................
1411 1919 1501 1976 »636

318 2021 380 2078 656.
400 2021 540 2077 Recursus
558 2020 707 2092 aliquando
732 2020 883 2074 assumitur
908 2036 957 2090 pro
981 2021 1041 2090 ipsu
1065 2021 1254 2092 appellatione
1278 2031 1373 2081 extra·

424 2130 550 2186 iudiciali
569 2146 624 2186 non
642 2129 764 2185 habente
782 2130 913 2186 effectum
932 2131 1124 2200 suspensivum
1141 2173 1371 2190 ......
1409 2153 1427 2194 a
1460 2141 1499 2194 ibi

318 2239 379 2294 657.
398 2237 537 2292 Recursus
556 2236 706 2292 assumitur
725 2251 774 2306 pro
792 2237 853 2306 ipso
872 2237 994 2292 remedio
1013 2237 1236 2293 extraordinario
1257 2241 1372 2295 restitu-

425 2342 509 2398 tionis
529 2343 557 2395 iu
577 2342 717 2411 integrum
742 2380 1373 2399 ...............
1411 2345 1500 2404 »637

318 2451 379 2508 658.
400 2451 514 2506 Demum
533 2467 661 2505 recursus
673 2451 815 2520 siguificat
826 2447 1067 2520 supplicationem,
1079 2467 1135 2522 qua
1149 2453 1300 2522 superioris
1311 2469 1377 2523 gra·

427 2556 467 2610 tia
485 2552 651 2624 imploratur
654 2593 1371 2610 .................
1409 2574 1427 2616 »
1458 2560 1495 2612 ibi

317 2665 379 2719 659.
399 2661 561 2718 Huiusmodi
588 2661 709 2717 remedia
730 2661 952 2716 extraordinaria
976 2677 1084 2729 semper
1106 2661 1238 2716 differunt
1260 2663 1296 2717 ab
1323 2680 1375 2733 ap·

425 2768 585 2840 pellatioue,
603 2769 704 2840 quippe
723 2783 777 2822 ιιοιι
797 2767 902 2822 habeut
920 2769 1048 2824 ellectum
1060 2769 1269 2838 suspensivum
1289 2774 1319 2825 et
1337 2788 1372 2827 ne

311 2897 313 2902 v
424 2873 612 2929 devolutivum
631 2873 742 2943 quidem
760 2871 911 2944 aliquoties
917 2911 1369 2927 ...........
1406 2890 1424 2931 »
1457 2874 1498 2928 ibi

795 3139 955 3196 TITULUS
977 3141 1021 3196 111.

741 3315 783 3354 DE
811 3313 856 3352 R!
885 3313 1074 3354 audaeana.

315 3516 375 3570 666.
397 3513 451 3570 Res
471 3513 591 3568 iudicata
610 3512 729 3568 habetur
748 3529 797 3582 per
815 3513 983 3568 sententiam
1007 3529 1080 3584 quae
1104 3512 1224 3582 amplius
1242 3512 1369 3583 appella·
1407 3519 1411 3524 ’

423 3623 499 3676 tione
517 3620 675 3690 impugnari
695 3635 749 3674 non
769 3624 861 3688 potest
871 3659 1323 3676 ...........
1354 3636 1422 3691 pay,
1441 3618 1495 3673 638

316 3728 376 3782 661.
399 3727 468 3781 Hinc
487 3741 532 3780 res
550 3725 672 3779 iudicata
690 3740 725 3780 ea
744 3726 968 3796 praesumptione
989 3726 1059 3779 iuris
1076 3730 1105 3780 et
1123 3724 1157 3779 de
1176 3725 1237 3779 iure
1256 3741 1306 3795 pro
1324 3741 1373 3780 ve·

425 3837 507 3890 ritate
526 3833 646 3889 habetur
646 3872 1367 3887 .................
1405 3849 1423 3890 a
1454 3833 1496 3888 ibi

315 3943 376 3998 662.
396 3940 554 3997 Nonnullae
572 3941 728 3996 sententiae
747 3957 889 4012 nunquam
907 3945 1053 3997 transeunt
1071 3941 1100 3995 in
1119 3959 1179 3997 rem
1197 3941 1368 3997 iudicatam.
1406 3957 1424 4001 6
1440 3942 1495 3998 639

315 4045 376 4100 663.
396 4045 558 4100 Huiusmodi
577 4048 642 4099 suut
660 4046 815 4101 sententiae
828 4062 901 4118 quae
912 4046 1043 4101 laborant
1060 4045 1239 4101 substantiali
1257 4045 1368 4101 defectu
1404 4061 1423 4105 >
1455 4047 1495 4103 ibi

316 4155 378 4210 664.
397 4153 501 4209 Verum
529 4152 596 4224 quia
614 4151 741 4207 nonnulli
759 4152 884 4209 deiectus
908 4154 1029 4224 partium
1048 4153 1247 4210 ratihabitione
1271 4171 1373 4208 sanan·

423 4265 478 4328 tur,
496 4253 653 4317 sententiae
669 4260 764 4317 taliter
777 4262 872 4317 nullae
884 4267 1031 4319 transeunt
1049 4263 1078 4318 in
1097 4279 1156 4319 rem
1172 4262 1333 4330 iudicatam,
1344 4264 1368 4318 ei

425 4372 516 4440 partes
534 4369 609 4425 intra
627 4369 789 4426 decendium
808 4387 862 4424 nou
881 4368 1024 4442 appellent
1052 4411 1370 4426 ........
1407 4386 1425 4428 r>
1454 4372 1496 4429 ibi
