3350 5117
317 290 362 359 68
842 312 927 361 raus
950 312 973 359 1.

316 436 403 501 aliud
427 436 661 521 expostulando
684 456 704 500 a
727 434 842 501 iudice.
859 435 1074 521 Magistratui,
1093 436 1167 501 iure
1190 438 1345 519 Romano,
1362 444 1498 525 praeter

315 561 548 628 contentiosam
572 559 825 625 iurisdictionem
848 558 971 626 solebat
994 565 1179 645 competere
1195 560 1291 627 etiam
1306 561 1498 630 iurisdictio

319 686 531 759 voluntario,
556 704 598 749 ex
621 685 643 749 t.
666 686 701 759 2,
725 684 776 750 De
797 686 853 768 off.
872 704 969 768 proc.
993 690 1024 749 et
1052 685 1115 771 lep.
1142 684 1189 769 ff„
1214 686 1497 771 comprehendens

316 812 439 895 aliquos
463 830 557 877 casus
575 810 752 894 potestatis
775 809 972 877 executiuoe
992 810 1047 894 qui
1070 809 1142 874 lere
1164 830 1294 896 semper
1316 812 1497 896 exquirunt

315 933 594 1000 extraiudicialem
610 934 836 1019 cognitionem.
847 966 892 979 -
909 931 1019 1006 Quare
1033 926 1219 997 voluntaria
1231 935 1350 1002 transit
1365 935 1398 998 in
1413 953 1495 999 con-

313 1064 484 1127 tentiosam
506 1058 769 1140 iurisdictionem,
787 1059 975 1124 interventu
997 1058 1073 1123 iusti
1092 1058 1350 1125 contradictoris.
1366 1096 1411 1111 —
1427 1062 1494 1127 Ne-

314 1185 401 1271 gotia
424 1184 519 1249 huius
541 1184 672 1269 generis
694 1186 777 1255 sunt,
801 1182 835 1247 in
858 1180 1015 1253 civilibus.
1038 1181 1215 1264 adoptare,
1238 1183 1489 1249 manumittere.

314 1313 396 1377 Item
420 1310 491 1374 iure
514 1310 680 1383 canonico,
697 1304 856 1371 iudicibus
870 1304 1042 1371 ordinariis
1065 1324 1220 1371 concessa
1235 1305 1295 1371 suit
1311 1306 1494 1374 iurisdictio

312 1434 512 1509 voluntaria;
536 1434 568 1496 vi
592 1434 682 1498 cuius
713 1430 791 1517 ipsis
821 1432 982 1515 competit,
1007 1430 1180 1504 ordinare,
1205 1450 1414 1508 consecrare,
1438 1433 1492 1501 be·

310 1557 432 1641 aeficio
455 1554 617 1627 conterre,
643 1573 663 1618 a
684 1554 831 1619 censuris
854 1551 1037 1626 absoluere,
1054 1558 1087 1618 et
1107 1553 1172 1617 alia
1194 1553 1385 1621 huiusmodi.
1398 1556 1488 1662 Ψ

312 1681 494 1745 voluntaria
517 1678 693 1745 iurisdictio
723 1697 789 1742 noo
821 1675 1066 1763 comprehendit
1092 1698 1204 1743 omnes
1231 1684 1322 1744 actus
1345 1681 1399 1763 qui
1422 1701 1489 1748 non

310 1782 431 1871 cedunt
453 1804 511 1869 sub
535 1796 744 1875 contentiosa,
761 1800 817 1867 s'ed
833 1800 986 1886 quosdam
1001 1803 1169 1888 speciales,
1183 1805 1236 1887 qui
1252 1823 1317 1869 non
1336 1810 1411 1870 sunt
1419 1824 1492 1889 po-

310 1929 439 1995 testatis
473 1929 681 2015 leptolotioae
715 1934 747 1993 et
766 1898 983 1993 'iudiciariae
1016 1927 1072 1993 sed
1106 1930 1296 1993 executivae
1331 1949 1389 1994 seu
1421 1929 1488 1995 im·

304 2056 396 2138 perii
420 2054 477 2140 (l).

255 2216 279 2275 s
398 2179 451 2244 43.
476 2179 538 2267 Serl
562 2186 627 2244 tam
644 2180 844 2248 contentiosa
858 2198 953 2263 quam
969 2178 1153 2279 voluntaria
1168 2184 1217 2281 est
1236 2180 1289 2245 vel
1304 2180 1488 2281 ordinem

308 2304 362 2404 vpl
386 2304 551 2405 ,cl-elwa·
575 2303 759 2397 Ipffldictio
781 2302 964 2402 ⁰²”ffltlffla
979 2308 1028 2367 est
1048 2321 1137 2387 quoe
1152 2303 1303 2393 cuipiam
1317 2305 1394 2369 iure
1404 2324 1489 2397 pro·

303 2424 385 2507 prio
410 2444 466 2490 seu
490 2426 615 2508 ratione
639 2424 739 2509 officii
761 2428 817 2489 aut
838 2422 1014 2507 dipuitotis
1040 2442 1118 2487 suae
1142 2410 1309 2513 competit;
1332 2426 1485 2493 mandata

305 2520 324 2615 e
348 2555 463 2615 contra
490 2571 548 2615 seu
571 2550 718 2636 delegata
741 2554 789 2615 est
812 2569 895 2634 quae
917 2550 1013 2614 alicui
1036 2568 1108 2642 non
1129 2549 1205 2643 ipre
1223 2554 1371 2635 proprio
1394 2572 1485 2619 com·

303 2672 385 2755 petit
407 2672 467 2737 sed
490 2671 533 2737 ob
556 2670 624 2737 atio
656 2670 806 2743 habetur,
827 2669 924 2736 cuim
953 2644 1093 2737 nomiae
1122 2642 1310 2738 exercetur.
1335 2674 1483 2759 inquam,

204 2865 208 2871 ,
303 2796 471 2862 mandute
494 2816 551 2861 seu
574 2796 738 2882 delepata,
755 2797 830 2880 quia
853 2797 998 2880 quamvis
1014 2797 1085 2862 iure
1099 2816 1233 2861 romano
1249 2800 1336 2863 iuter
1358 2804 1482 2865 utram-

209 2916 212 2924 ’
303 2940 365 3003 que
399 2919 506 3002 aliqua
532 2919 614 2985 adsit
649 2915 847 2993 differentia3
882 2938 957 3004 orp.
981 2920 1003 2983 l.
1028 2919 1049 2981 l.
1074 2920 1100 2990 1.
1125 2919 1148 3000 S
1170 2923 1189 2985 1
1211 2926 1242 2985 et
1265 2921 1350 3005 211.
1389 2922 1481 2997 Quis,

301 3066 324 3110 a
347 3065 415 3129 quo
449 3046 644 3128 appellatur
672 3046 708 3128 ff.
739 3040 809 3129 (tib.
843 3042 903 3129 49)
933 3043 1013 3108 adeo
1040 3051 1076 3110 nt
1104 3046 1271 3110 mandata
1297 3048 1402 3131 potius
1431 3047 1482 3113 di·

301 3176 396 3236 catur
419 3168 596 3234 iurisdictio
620 3168 710 3252 quasi
732 3166 773 3231 ad
796 3166 1027 3252 particularem
1055 3188 1164 3233 casum
1195 3188 1366 3243 concessa,
1391 3171 1480 3237 dete-

299 3298 381 3374 pata
396 3310 474 3356 vero
490 3291 671 3375 appelletur
693 3309 775 3374 quae
790 3288 831 3353 ad
846 3290 1089 3356 universitatem
1109 3292 1347 3356 causarumve]
1364 3293 1480 3358 saltem

299 3416 338 3480 ad
363 3415 474 3501 plures
497 3434 591 3481 casus
615 3414 785 3489 tribuitur;
809 3434 933 3489 verum,
950 3416 984 3478 in
1007 3416 1078 3479 iure
1101 3435 1173 3480 can.
1190 3423 1363 3501 utrumque
1386 3436 1481 3483 voca-

388 3677 428 3749 (1)
448 3678 538 3739 Quare
564 3676 646 3732 nimis
671 3676 811 3747 generalis
833 3677 944 3731 videtur
969 3678 1047 3731 notio
1071 3694 1088 3730 a
1112 3676 1147 3730 cl.
1168 3657 1340 3733 D'Anoibale
1364 3678 1478 3747 tredits,

297 3782 329 3853 (l,
349 3802 375 3839 n.
394 3786 441 3855 72)
461 3786 592 3841 docente:
607 3803 622 3837 a
639 3785 813 3839 Contentiosa
832 3786 1008 3852 (iurisdictio)
1021 3802 1093 3855 quae
1112 3792 1258 3840 exercetur
1276 3786 1350 3841 inter
1369 3788 1477 3859 eosqui

296 3890 326 3943 io
346 3891 448 3945 iudicio
467 3890 651 3946 contendunt:
670 3907 742 3961 quae
761 3907 815 3945 non
834 3890 1276 3957 sicexe1·cotur‚ostootuntaric
1295 3910 1319 3945 n.
1334 3891 1477 3963 Siquidem

295 3996 324 4047 ia
339 3994 497 4049 voluntaria
510 3996 699 4051 iurisdictione
713 4012 779 4051 sane
792 4014 847 4049 non
861 3996 1020 4051 continetur
1033 4000 1157 4066 potestas
1172 3998 1333 4065 tepislutioo
1348 3998 1478 4068 quamvis

295 4118 351 4157 uon
370 4107 534 4157 exerceatur
556 4105 585 4157 in
608 4104 717 4159 iudicio.
736 4104 807 4158 Nam
833 4103 992 4158 voluntaria
1016 4102 1171 4157 iurisdictio
1196 4107 1238 4157 est
1263 4104 1370 4172 species
1393 4106 1476 4173 poto-

294 4212 377 4265 szatis
396 4214 574 4280 executivae,
593 4216 773 4284 versaturque
800 4212 875 4266 circa
897 4212 1011 4281 negotia
1036 4228 1090 4267 non
1114 4212 1293 4278 contentiosa,
1311 4212 1478 4282 impartiens

289 4324 343 4372 nait
372 4334 574 4389 recognoscens
604 4320 720 4389 privatis
747 4318 882 4373 nonnulla
908 4320 983 4387 iura,
1012 4336 1083 4389 quae
1112 4317 1324 4373 contradictioni
1353 4319 1477 4373 obnoxie

293 4440 348 4481 non
370 4430 443 4480 sunt
