3350 5117
509 369 553 415 nn
582 368 721 416 runicus
749 369 1014 434 nccnnsrssrrcrs
1281 351 1346 418 337

260 489 294 574 3)
319 483 472 556 Actiones
496 511 578 576 quae
609 493 653 558 30
676 493 771 558 annis
801 497 859 558 aut
881 493 998 557 minori
1021 499 1166 577 tempore
1192 492 1351 578 praescri·

173 610 300 687 buntur,
314 635 374 700 per
389 615 454 682 litis
478 619 744 683 contestationem
760 615 843 684 fiunt
854 621 1043 701 perpetuae
1058 635 1162 683 sensu
1177 635 1279 690 rurus,
1292 635 1350 680 seu

172 736 290 802 durant
312 739 354 804 ad
377 741 421 806 40
451 759 552 806 annos
582 741 781 807 inchoandos
805 761 824 806 a
856 747 1002 826 tempore
1024 740 1211 806 cessationis
1232 760 1253 804 a
1274 740 1349 815 lite;

172 864 192 926 t.
215 866 287 938 ult..
308 866 342 932 0.
359 866 410 932 De
428 886 543 950 praee.
569 867 619 934 30
642 869 693 934 vel
717 869 767 934 110
790 887 871 934 ann.
890 867 1111 952 Praescriptio
1138 867 1223 930 enim
1246 868 1350 931 currit

171 987 328 1054 adversus
351 991 562 1076 negligentes,
579 1013 635 1058 seu
658 993 833 1059 desidiosos
857 995 955 1058 cives.
972 991 1034 1060 Sed
1050 994 1103 1076 qui
1118 991 1208 1055 litem
1222 991 1351 1056 inchoa·

171 1113 226 1192 rit,
251 1113 406 1180 solertiae
422 1117 584 1200 specimen
607 1116 694 1182 dedit
711 1122 744 1182 et
769 1119 799 1182 ei
822 1118 950 1204 longius
965 1123 1091 1202 tempus
1106 1115 1295 1183 conceditur
1310 1117 1350 1181 ad

172 1259 226 1306 res
249 1259 325 1305 suas
348 1241 550 1326 repetendas.

262 1363 295 1449 4)
321 1365 426 1430 Etiam
458 1369 603 1434 actiones
628 1367 674 1453 (1)
706 1368 894 1432 criminales
924 1371 1015 1433 certo
1038 1370 1192 1453 temporis
1213 1369 1351 1435 decursu

174 1489 413 1574 extinguendae
436 1497 519 1556 sunt.
545 1491 606 1558 Sed
631 1511 699 1556 rem
725 1493 914 1556 canonicam
938 1488 1021 1574 quod
1044 1496 1178 1576 spectat,
1197 1493 1281 1558 haec
1304 1497 1353 1556 est

175 1613 316 1698 implexa
339 1613 507 1681 admodum
524 1617 677 1700 quaestio,
695 1637 790 1700 quam
814 1583 1024 1682 amandemus
1046 1617 1087 1682 ad
1110 1623 1283 1685 tractatum
1302 1621 1353 1686 De

170 1739 291 1821 poenis
311 1738 368 1826 (2).

267 3423 308 3492 (l)
328 3421 402 3476 llaec
421 3421 556 3491 quaestio,
575 3421 676 3492 quippe
702 3421 822 3490 implexa
842 3422 967 3501 pluribus
985 3423 1076 3477 dubiis
1100 3429 1130 3480 et
1147 3425 1357 3479 difficultatibus

181 3527 207 3579 in
229 3529 290 3580 foro
310 3525 452 3590 canonico,
471 3525 566 3578 oblate
585 3526 638 3578 snit
652 3541 701 3594 pro
720 3541 844 3594 congruo
870 3526 1007 3581 solutione
1020 3529 1121 3583 Sacrae
1140 3526 1357 3598 congregationi

179 3631 286 3687 Concil.
306 3649 323 3686 a
341 3632 425 3685 Curia
438 3631 594 3698 Lublinen.;
608 3637 637 3686 et
655 3635 700 3688 die
713 3634 755 3684 92
772 3635 885 3702 achusti
898 3634 979 3686 1896
997 3634 1120 3687 discussa
1132 3635 1187 3689 luit
1205 3639 1234 3690 et
1246 3651 1358 3704 respon·

179 3759 239 3794 sum
260 3739 376 3810 prodiit:
401 3740 617 3794 Transmittatur
635 3741 672 3793 ud
693 3741 719 3794 S.
738 3741 820 3809 Conp.
835 3740 894 3793 EE.
909 3749 935 3794 et
949 3741 1007 3794 RR.
1021 3743 1059 3794 nt
1077 3740 1146 3795 haec
1166 3741 1285 3796 nondum
1299 3759 1357 3797 rem

180 3849 314 3904 definivit.

271 3957 311 4024 (2)
331 3955 370 4008 cf.
391 3957 462 4010 dcta
482 3957 508 4009 S.
535 3955 624 4023 Sedie,
644 3957 672 4011 V.
694 3957 717 4022 l,
742 3975 771 4026 p.
791 3958 852 4021 110,
872 3956 919 4011 ubi
945 3955 1064 4010 refertur
1088 3955 1190 4010 decisio
1211 3955 1237 4008 S.
1257 3954 1356 4025 Congr.

181 4059 235 4112 ltu.
256 4065 284 4114 et
306 4059 362 4112 RR.
383 4059 541 4124 admittens,
561 4060 807 4130 praescriptionem
826 4061 861 4113 30
875 4075 1010 4114 annorum
1029 4075 1128 4114 sanare
1146 4060 1284 4114 defectum
1304 4062 1357 4115 Be·

181 4164 315 4234 neplaciti
335 4168 431 4235 Apost.
452 4165 479 4218 in
499 4167 688 4220 contractibus
701 4166 881 4220 alienationis
899 4183 992 4220 rerum
1013 4166 1173 4232 ecclesiast.;
1187 4167 1253 4238 quin
1266 4168 1358 4220 obstet

182 4267 274 4322 Const.
297 4267 402 4322 Urbani
423 4266 484 4321 Vlll
505 4269 646 4322 Romanus
672 4269 686 4322 1
691 4269 810 4340 'ontifcm
837 4269 939 4340 quippe
958 4269 1028 4325 haec
1051 4269 1143 4324 Const.
1163 4270 1287 4324 decernit
1310 4285 1357 4322 ne·

183 4375 329 4427 cessariam
347 4390 406 4428 esse
420 4375 666 4444 praescriptionem
687 4377 885 4444 centenariam,
895 4375 1005 4446 quaudo
1014 4376 1088 4430 Eccl.
1102 4377 1131 4429 in
1144 4380 1288 4430 contractu
1302 4375 1360 4429 lae·

183 4481 288 4536 sionem
307 4499 387 4551 passa
406 4481 443 4536 sit
461 4499 583 4550 gravem,

328 4589 389 4641 Sec.
409 4587 494 4658 Lapa.
1217 4591 1253 4643 22
