<?xml version="1.0" encoding="UTF-8"?>
<!DOCTYPE html PUBLIC "-//W3C//DTD XHTML 1.0 Transitional//EN"
    "http://www.w3.org/TR/xhtml1/DTD/xhtml1-transitional.dtd">
<html xmlns="http://www.w3.org/1999/xhtml" xml:lang="en" lang="en">
 <head>
  <title>
</title>
<meta http-equiv="Content-Type" content="text/html;charset=utf-8" />
  <meta name='ocr-system' content='tesseract 3.04.00' />
  <meta name='ocr-capabilities' content='ocr_page ocr_carea ocr_par ocr_line ocrx_word'/>
</head>
<body>
  <div class='ocr_page' id='page_1' title='image "./praelectionesin01legagoog_0332.png"; bbox 0 0 3350 5117; ppageno 0'>
   <div class='ocr_carea' id='block_1_1' title="bbox 326 323 996 393">
    <p class='ocr_par' dir='ltr' id='par_1_1' title="bbox 326 323 996 393">
     <span class='ocr_line' id='line_1_1' title="bbox 326 323 996 393; baseline 0 -3"><span class='ocrx_word' id='word_1_1' title='bbox 326 323 394 390; x_wconf 88' lang='grc'>330</span> <span class='ocrx_word' id='word_1_2' title='bbox 863 345 949 393; x_wconf 77' lang='lat' dir='ltr'>rsus</span> <span class='ocrx_word' id='word_1_3' title='bbox 972 346 996 392; x_wconf 84' lang='grc' dir='ltr'>ι.</span> 
     </span>
    </p>
   </div>
   <div class='ocr_carea' id='block_1_2' title="bbox 243 469 1511 3532">
    <p class='ocr_par' dir='ltr' id='par_1_2' title="bbox 326 469 1506 680">
     <span class='ocr_line' id='line_1_2' title="bbox 326 469 1506 557; baseline 0 -21"><span class='ocrx_word' id='word_1_4' title='bbox 326 473 481 557; x_wconf 85' lang='lat' dir='ltr'>exceptis,</span> <span class='ocrx_word' id='word_1_5' title='bbox 512 477 549 537; x_wconf 88' lang='lat' dir='ltr'>ut</span> <span class='ocrx_word' id='word_1_6' title='bbox 578 471 710 555; x_wconf 90' lang='lat' dir='ltr'>planum</span> <span class='ocrx_word' id='word_1_7' title='bbox 740 475 798 551; x_wconf 77' lang='lat' dir='ltr'>est,</span> <span class='ocrx_word' id='word_1_8' title='bbox 832 470 1050 537; x_wconf 87' lang='lat' dir='ltr'>creditoribus</span> <span class='ocrx_word' id='word_1_9' title='bbox 1080 469 1284 546; x_wconf 87' lang='lat' dir='ltr'>solidalibus;</span> <span class='ocrx_word' id='word_1_10' title='bbox 1307 471 1384 555; x_wconf 82' lang='lat' dir='ltr'>quie</span> <span class='ocrx_word' id='word_1_11' title='bbox 1405 491 1506 536; x_wconf 92' lang='lat' dir='ltr'>unum</span> 
     </span>
     <span class='ocr_line' id='line_1_3' title="bbox 326 593 1044 680; baseline 0 -22"><span class='ocrx_word' id='word_1_12' title='bbox 326 593 474 679; x_wconf 81' lang='lat' dir='ltr'>idemque</span> <span class='ocrx_word' id='word_1_13' title='bbox 497 595 546 660; x_wconf 91' lang='lat' dir='ltr'>ius</span> <span class='ocrx_word' id='word_1_14' title='bbox 570 613 680 658; x_wconf 91' lang='lat' dir='ltr'>omnes</span> <span class='ocrx_word' id='word_1_15' title='bbox 704 599 737 659; x_wconf 87' lang='lat' dir='ltr'>et</span> <span class='ocrx_word' id='word_1_16' title='bbox 759 593 906 678; x_wconf 87' lang='lat' dir='ltr'>singulos</span> <span class='ocrx_word' id='word_1_17' title='bbox 930 595 1044 680; x_wconf 81' lang='lat' dir='ltr'>tangit.</span> 
     </span>
    </p>

    <p class='ocr_par' dir='ltr' id='par_1_3' title="bbox 324 715 1511 2171">
     <span class='ocr_line' id='line_1_4' title="bbox 414 715 1509 803; baseline -0.001 -21"><span class='ocrx_word' id='word_1_18' title='bbox 414 715 491 782; x_wconf 83' lang='lat'><strong>299.</strong></span> <span class='ocrx_word' id='word_1_19' title='bbox 515 718 660 802; x_wconf 89' lang='lat' dir='ltr'>Denique</span> <span class='ocrx_word' id='word_1_20' title='bbox 687 718 881 783; x_wconf 84' lang='lat' dir='ltr'>advertatur</span> <span class='ocrx_word' id='word_1_21' title='bbox 907 737 972 783; x_wconf 94' lang='lat' dir='ltr'>non</span> <span class='ocrx_word' id='word_1_22' title='bbox 995 718 1100 784; x_wconf 89' lang='lat' dir='ltr'>solum</span> <span class='ocrx_word' id='word_1_23' title='bbox 1122 719 1357 803; x_wconf 82' lang='lat' dir='ltr'>passessionem</span> <span class='ocrx_word' id='word_1_24' title='bbox 1387 716 1509 782; x_wconf 89' lang='lat' dir='ltr'>debere</span> 
     </span>
     <span class='ocr_line' id='line_1_5' title="bbox 327 838 1510 925; baseline -0.001 -22"><span class='ocrx_word' id='word_1_25' title='bbox 327 857 397 903; x_wconf 89' lang='lat' dir='ltr'>esse</span> <span class='ocrx_word' id='word_1_26' title='bbox 418 838 764 906; x_wconf 84' lang='lat' dir='ltr'>iustam&#39;continnam</span> <span class='ocrx_word' id='word_1_27' title='bbox 795 838 852 905; x_wconf 89' lang='lat' dir='ltr'>sed</span> <span class='ocrx_word' id='word_1_28' title='bbox 875 839 1045 904; x_wconf 82' lang='lat' dir='ltr'><strong>dumtaxat</strong></span> <span class='ocrx_word' id='word_1_29' title='bbox 1066 859 1088 905; x_wconf 90' lang='lat' dir='ltr'>a</span> <span class='ocrx_word' id='word_1_30' title='bbox 1113 840 1324 925; x_wconf 77' lang='lat' dir='ltr'>possessionis</span> <span class='ocrx_word' id='word_1_31' title='bbox 1347 838 1435 904; x_wconf 83' lang='lat' dir='ltr'>facto</span> <span class='ocrx_word' id='word_1_32' title='bbox 1457 857 1510 902; x_wconf 86' lang='lat' dir='ltr'>re·</span> 
     </span>
     <span class='ocr_line' id='line_1_6' title="bbox 326 961 1511 1051; baseline 0.003 -25"><span class='ocrx_word' id='word_1_33' title='bbox 326 964 391 1046; x_wconf 88' lang='lat' dir='ltr'>poti</span> <span class='ocrx_word' id='word_1_34' title='bbox 413 965 678 1049; x_wconf 85' lang='lat' dir='ltr'>praescriptionis</span> <span class='ocrx_word' id='word_1_35' title='bbox 701 961 880 1029; x_wconf 88' lang='lat' dir='ltr'>efficaciam</span> <span class='ocrx_word' id='word_1_36' title='bbox 904 969 938 1029; x_wconf 90' lang='lat' dir='ltr'>et</span> <span class='ocrx_word' id='word_1_37' title='bbox 960 965 1194 1038; x_wconf 82' lang='lat' dir='ltr'>extensionem,</span> <span class='ocrx_word' id='word_1_38' title='bbox 1207 963 1293 1030; x_wconf 91' lang='lat' dir='ltr'>unde</span> <span class='ocrx_word' id='word_1_39' title='bbox 1308 985 1330 1029; x_wconf 91' lang='lat' dir='ltr'>a</span> <span class='ocrx_word' id='word_1_40' title='bbox 1343 967 1468 1051; x_wconf 80' lang='lat' dir='ltr'>reputa</span> <span class='ocrx_word' id='word_1_41' title='bbox 1483 963 1511 1029; x_wconf 88' lang='lat'><em>3</em></span> 
     </span>
     <span class='ocr_line' id='line_1_7' title="bbox 326 1084 1511 1172; baseline -0.002 -22"><span class='ocrx_word' id='word_1_42' title='bbox 326 1085 413 1152; x_wconf 86' lang='lat' dir='ltr'>iuris</span> <span class='ocrx_word' id='word_1_43' title='bbox 435 1087 473 1152; x_wconf 92' lang='lat' dir='ltr'>in</span> <span class='ocrx_word' id='word_1_44' title='bbox 497 1087 529 1160; x_wconf 89' lang='lat'>6,</span> <span class='ocrx_word' id='word_1_45' title='bbox 564 1108 582 1150; x_wconf 86' lang='lat'>‹</span> <span class='ocrx_word' id='word_1_46' title='bbox 606 1087 679 1154; x_wconf 87' lang='lat' dir='ltr'>sine</span> <span class='ocrx_word' id='word_1_47' title='bbox 705 1084 919 1172; x_wconf 77' lang='lat' dir='ltr'>possessione</span> <span class='ocrx_word' id='word_1_48' title='bbox 943 1088 1174 1171; x_wconf 65' lang='lat' dir='ltr'>praescriptio</span> <span class='ocrx_word' id='word_1_49' title='bbox 1205 1107 1277 1154; x_wconf 88' lang='lat' dir='ltr'>non</span> <span class='ocrx_word' id='word_1_50' title='bbox 1294 1087 1453 1171; x_wconf 81' lang='lat' dir='ltr'>procedit</span> <span class='ocrx_word' id='word_1_51' title='bbox 1477 1108 1511 1168; x_wconf 85' lang='lat'>›,</span> 
     </span>
     <span class='ocr_line' id='line_1_8' title="bbox 326 1207 1511 1297; baseline 0.001 -23"><span class='ocrx_word' id='word_1_52' title='bbox 326 1207 485 1294; x_wconf 84' lang='lat' dir='ltr'>dependet</span> <span class='ocrx_word' id='word_1_53' title='bbox 508 1217 540 1276; x_wconf 92' lang='lat' dir='ltr'>et</span> <span class='ocrx_word' id='word_1_54' title='bbox 562 1212 746 1297; x_wconf 83' lang='lat' dir='ltr'>explicatur</span> <span class='ocrx_word' id='word_1_55' title='bbox 767 1213 831 1276; x_wconf 90' lang='lat' dir='ltr'>alia</span> <span class='ocrx_word' id='word_1_56' title='bbox 854 1213 998 1297; x_wconf 79' lang='lat' dir='ltr'>vulgaris</span> <span class='ocrx_word' id='word_1_57' title='bbox 1023 1231 1133 1280; x_wconf 87' lang='lat' dir='ltr'>‹non</span> <span class='ocrx_word' id='word_1_58' title='bbox 1150 1213 1233 1297; x_wconf 83' lang='lat' dir='ltr'>pias</span> <span class='ocrx_word' id='word_1_59' title='bbox 1250 1210 1511 1297; x_wconf 70' lang='lat' dir='ltr'>praescriptum</span> 
     </span>
     <span class='ocr_line' id='line_1_9' title="bbox 326 1337 1511 1422; baseline 0.003 -21"><span class='ocrx_word' id='word_1_60' title='bbox 326 1355 432 1422; x_wconf 81' lang='lat' dir='ltr'>qaam</span> <span class='ocrx_word' id='word_1_61' title='bbox 449 1356 644 1420; x_wconf 83' lang='lat' dir='ltr'>possessam</span> <span class='ocrx_word' id='word_1_62' title='bbox 660 1359 691 1400; x_wconf 72' lang='lat' dir='ltr'>i.</span> <span class='ocrx_word' id='word_1_63' title='bbox 716 1338 842 1404; x_wconf 90' lang='lat' dir='ltr'>Verum</span> <span class='ocrx_word' id='word_1_64' title='bbox 865 1358 909 1404; x_wconf 81' lang='lat' dir='ltr'>ex</span> <span class='ocrx_word' id='word_1_65' title='bbox 932 1340 1094 1422; x_wconf 87' lang='lat' dir='ltr'>aequitate</span> <span class='ocrx_word' id='word_1_66' title='bbox 1116 1358 1307 1404; x_wconf 88' lang='lat' dir='ltr'>concessum</span> <span class='ocrx_word' id='word_1_67' title='bbox 1328 1338 1391 1404; x_wconf 84' lang='lat' dir='ltr'>fuit</span> <span class='ocrx_word' id='word_1_68' title='bbox 1412 1337 1511 1404; x_wconf 88' lang='lat' dir='ltr'>bene-</span> 
     </span>
     <span class='ocr_line' id='line_1_10' title="bbox 325 1461 1511 1549; baseline -0.001 -21"><span class='ocrx_word' id='word_1_69' title='bbox 325 1461 441 1547; x_wconf 81' lang='lat' dir='ltr'>ficiam</span> <span class='ocrx_word' id='word_1_70' title='bbox 464 1463 664 1530; x_wconf 79' lang='lat' dir='ltr'>accessionis</span> <span class='ocrx_word' id='word_1_71' title='bbox 685 1465 908 1549; x_wconf 82' lang='lat' dir='ltr'>possessionis,</span> <span class='ocrx_word' id='word_1_72' title='bbox 933 1463 1143 1548; x_wconf 90' lang='lat' dir='ltr'>quamobrem</span> <span class='ocrx_word' id='word_1_73' title='bbox 1167 1465 1239 1549; x_wconf 92' lang='lat' dir='ltr'>quis</span> <span class='ocrx_word' id='word_1_74' title='bbox 1253 1465 1345 1549; x_wconf 89' lang='lat' dir='ltr'>quasi</span> <span class='ocrx_word' id='word_1_75' title='bbox 1366 1469 1511 1530; x_wconf 91' lang='lat' dir='ltr'>suamet</span> 
     </span>
     <span class='ocr_line' id='line_1_11' title="bbox 326 1586 1510 1674; baseline 0.003 -26"><span class='ocrx_word' id='word_1_76' title='bbox 326 1586 359 1649; x_wconf 93' lang='lat' dir='ltr'>in</span> <span class='ocrx_word' id='word_1_77' title='bbox 382 1607 417 1652; x_wconf 90' lang='lat' dir='ltr'>se</span> <span class='ocrx_word' id='word_1_78' title='bbox 440 1587 631 1653; x_wconf 76' lang='lat' dir='ltr'>translatam</span> <span class='ocrx_word' id='word_1_79' title='bbox 654 1587 839 1653; x_wconf 83' lang='lat' dir='ltr'>considerat</span> <span class='ocrx_word' id='word_1_80' title='bbox 862 1589 1097 1674; x_wconf 89' lang='lat' dir='ltr'>possessionem</span> <span class='ocrx_word' id='word_1_81' title='bbox 1125 1588 1278 1668; x_wconf 85' lang='lat' dir='ltr'>alienam,</span> <span class='ocrx_word' id='word_1_82' title='bbox 1299 1589 1369 1662; x_wconf 88' lang='lat' dir='ltr'>etsi,</span> <span class='ocrx_word' id='word_1_83' title='bbox 1393 1593 1510 1672; x_wconf 92' lang='lat' dir='ltr'>suapte</span> 
     </span>
     <span class='ocr_line' id='line_1_12' title="bbox 325 1711 1511 1797; baseline 0.003 -24"><span class='ocrx_word' id='word_1_84' title='bbox 325 1715 452 1792; x_wconf 89' lang='lat' dir='ltr'>natura,</span> <span class='ocrx_word' id='word_1_85' title='bbox 464 1711 596 1793; x_wconf 78' lang='lat' dir='ltr'>sactum</span> <span class='ocrx_word' id='word_1_86' title='bbox 612 1714 822 1796; x_wconf 90' lang='lat' dir='ltr'>possessionis</span> <span class='ocrx_word' id='word_1_87' title='bbox 837 1714 871 1777; x_wconf 94' lang='lat' dir='ltr'>in</span> <span class='ocrx_word' id='word_1_88' title='bbox 894 1714 994 1779; x_wconf 91' lang='lat' dir='ltr'>alium</span> <span class='ocrx_word' id='word_1_89' title='bbox 1009 1713 1183 1779; x_wconf 86' lang='lat' dir='ltr'>transferri</span> <span class='ocrx_word' id='word_1_90' title='bbox 1208 1732 1273 1776; x_wconf 94' lang='lat' dir='ltr'>non</span> <span class='ocrx_word' id='word_1_91' title='bbox 1291 1713 1399 1797; x_wconf 84' lang='lat' dir='ltr'>possit</span> <span class='ocrx_word' id='word_1_92' title='bbox 1424 1711 1511 1784; x_wconf 80' lang='lat' dir='ltr'>Quo</span> 
     </span>
     <span class='ocr_line' id='line_1_13' title="bbox 326 1831 1511 1922; baseline 0.001 -24"><span class='ocrx_word' id='word_1_93' title='bbox 326 1833 416 1898; x_wconf 89' lang='lat' dir='ltr'>circa</span> <span class='ocrx_word' id='word_1_94' title='bbox 430 1831 566 1900; x_wconf 88' lang='lat' dir='ltr'>Scevala</span> <span class='ocrx_word' id='word_1_95' title='bbox 581 1833 721 1900; x_wconf 87' lang='lat' dir='ltr'>advertit</span> <span class='ocrx_word' id='word_1_96' title='bbox 744 1837 778 1899; x_wconf 92' lang='lat' dir='ltr'>in</span> <span class='ocrx_word' id='word_1_97' title='bbox 802 1838 824 1901; x_wconf 90' lang='lat' dir='ltr'>l.</span> <span class='ocrx_word' id='word_1_98' title='bbox 840 1836 893 1918; x_wconf 81' lang='grc'>14,</span> <span class='ocrx_word' id='word_1_99' title='bbox 909 1840 956 1922; x_wconf 72' lang='lat' dir='ltr'>ff„</span> <span class='ocrx_word' id='word_1_100' title='bbox 973 1838 1023 1902; x_wconf 88' lang='lat' dir='ltr'>De</span> <span class='ocrx_word' id='word_1_101' title='bbox 1038 1838 1105 1903; x_wconf 86' lang='lat' dir='ltr'>die.</span> <span class='ocrx_word' id='word_1_102' title='bbox 1123 1842 1224 1920; x_wconf 83' lang='lat' dir='ltr'>temp.</span> <span class='ocrx_word' id='word_1_103' title='bbox 1236 1855 1374 1920; x_wconf 82' lang='lat' dir='ltr'>praes:</span> <span class='ocrx_word' id='word_1_104' title='bbox 1391 1855 1411 1900; x_wconf 88' lang='lat'><strong>‹</strong></span> <span class='ocrx_word' id='word_1_105' title='bbox 1428 1837 1511 1900; x_wconf 85' lang='lat' dir='ltr'>Con-</span> 
     </span>
     <span class='ocr_line' id='line_1_14' title="bbox 325 1959 1510 2048; baseline -0.001 -21"><span class='ocrx_word' id='word_1_106' title='bbox 325 1963 442 2028; x_wconf 89' lang='lat' dir='ltr'>sistunt</span> <span class='ocrx_word' id='word_1_107' title='bbox 457 1963 542 2027; x_wconf 89' lang='lat' dir='ltr'>enim</span> <span class='ocrx_word' id='word_1_108' title='bbox 567 1959 794 2046; x_wconf 82' lang='lat' dir='ltr'>(accessiones)</span> <span class='ocrx_word' id='word_1_109' title='bbox 818 1963 853 2027; x_wconf 94' lang='lat' dir='ltr'>in</span> <span class='ocrx_word' id='word_1_110' title='bbox 876 1963 946 2028; x_wconf 89' lang='lat' dir='ltr'>sola</span> <span class='ocrx_word' id='word_1_111' title='bbox 960 1965 1122 2048; x_wconf 89' lang='lat' dir='ltr'>aequitate</span> <span class='ocrx_word' id='word_1_112' title='bbox 1137 1983 1168 2027; x_wconf 86' lang='lat'>›.</span> <span class='ocrx_word' id='word_1_113' title='bbox 1190 1963 1380 2047; x_wconf 86' lang='lat' dir='ltr'>Requiritur</span> <span class='ocrx_word' id='word_1_114' title='bbox 1397 1967 1510 2027; x_wconf 82' lang='lat' dir='ltr'>autem</span> 
     </span>
     <span class='ocr_line' id='line_1_15' title="bbox 324 2055 1314 2171; baseline 0.003 -24"><span class='ocrx_word' id='word_1_115' title='bbox 324 2084 359 2149; x_wconf 91' lang='lat' dir='ltr'>in</span> <span class='ocrx_word' id='word_1_116' title='bbox 380 2083 562 2150; x_wconf 91' lang='lat' dir='ltr'>huiusmodi</span> <span class='ocrx_word' id='word_1_117' title='bbox 585 2085 770 2150; x_wconf 89' lang='lat' dir='ltr'>accessione</span> <span class='ocrx_word' id='word_1_118' title='bbox 794 2055 835 2150; x_wconf 85' lang='lat' dir='ltr'>ad</span> <span class='ocrx_word' id='word_1_119' title='bbox 859 2082 1008 2151; x_wconf 87' lang='lat' dir='ltr'>effectam</span> <span class='ocrx_word' id='word_1_120' title='bbox 1032 2057 1314 2171; x_wconf 81' lang='lat' dir='ltr'>praescriptionis:</span> 
     </span>
    </p>

    <p class='ocr_par' dir='ltr' id='par_1_4' title="bbox 243 2197 1510 2539">
     <span class='ocr_line' id='line_1_16' title="bbox 415 2197 1510 2297; baseline -0.002 -21"><span class='ocrx_word' id='word_1_121' title='bbox 415 2211 448 2297; x_wconf 77' lang='lat'>1)</span> <span class='ocrx_word' id='word_1_122' title='bbox 472 2212 514 2277; x_wconf 91' lang='lat' dir='ltr'>Ut</span> <span class='ocrx_word' id='word_1_123' title='bbox 543 2197 641 2277; x_wconf 86' lang='lat' dir='ltr'>inter¹</span> <span class='ocrx_word' id='word_1_124' title='bbox 660 2212 799 2296; x_wconf 91' lang='lat' dir='ltr'>primum</span> <span class='ocrx_word' id='word_1_125' title='bbox 831 2217 864 2277; x_wconf 90' lang='lat' dir='ltr'>et</span> <span class='ocrx_word' id='word_1_126' title='bbox 898 2211 1076 2278; x_wconf 89' lang='lat' dir='ltr'>secundum</span> <span class='ocrx_word' id='word_1_127' title='bbox 1098 2230 1317 2296; x_wconf 85' lang='lat' dir='ltr'>possessorem</span> <span class='ocrx_word' id='word_1_128' title='bbox 1344 2211 1510 2276; x_wconf 84' lang='lat' dir='ltr'>successio</span> 
     </span>
     <span class='ocr_line' id='line_1_17' title="bbox 323 2336 1510 2423; baseline 0.002 -23"><span class='ocrx_word' id='word_1_129' title='bbox 323 2336 505 2404; x_wconf 87' lang='lat' dir='ltr'>intercedat</span> <span class='ocrx_word' id='word_1_130' title='bbox 527 2358 587 2423; x_wconf 92' lang='lat' dir='ltr'>per</span> <span class='ocrx_word' id='word_1_131' title='bbox 617 2338 743 2404; x_wconf 83' lang='lat' dir='ltr'>iustam</span> <span class='ocrx_word' id='word_1_132' title='bbox 767 2339 903 2406; x_wconf 80' lang='lat' dir='ltr'>titulum</span> <span class='ocrx_word' id='word_1_133' title='bbox 926 2341 995 2405; x_wconf 88' lang='lat' dir='ltr'>sive</span> <span class='ocrx_word' id='word_1_134' title='bbox 1026 2338 1245 2404; x_wconf 76' lang='lat' dir='ltr'>universalem</span> <span class='ocrx_word' id='word_1_135' title='bbox 1268 2337 1338 2402; x_wconf 88' lang='lat' dir='ltr'>sire</span> <span class='ocrx_word' id='word_1_136' title='bbox 1360 2339 1510 2421; x_wconf 83' lang='lat' dir='ltr'>particu-</span> 
     </span>
     <span class='ocr_line' id='line_1_18' title="bbox 243 2441 452 2539; baseline 0.01 -13"><span class='ocrx_word' id='word_1_137' title='bbox 243 2441 246 2448; x_wconf 50' lang='grc'><strong><em>’</em></strong></span> <span class='ocrx_word' id='word_1_138' title='bbox 326 2462 452 2539; x_wconf 90' lang='lat' dir='ltr'>larem;</span> 
     </span>
    </p>

    <p class='ocr_par' dir='ltr' id='par_1_5' title="bbox 323 2569 1509 3019">
     <span class='ocr_line' id='line_1_19' title="bbox 396 2569 1509 2671; baseline -0.004 -20"><span class='ocrx_word' id='word_1_139' title='bbox 396 2569 448 2669; x_wconf 70' lang='lat'>⁶2)</span> <span class='ocrx_word' id='word_1_140' title='bbox 467 2586 609 2668; x_wconf 89' lang='lat' dir='ltr'>Utraque</span> <span class='ocrx_word' id='word_1_141' title='bbox 632 2587 790 2670; x_wconf 87' lang='lat' dir='ltr'>possessio</span> <span class='ocrx_word' id='word_1_142' title='bbox 806 2590 936 2671; x_wconf 90' lang='lat' dir='ltr'>oportet</span> <span class='ocrx_word' id='word_1_143' title='bbox 959 2588 1001 2651; x_wconf 92' lang='lat' dir='ltr'>sit</span> <span class='ocrx_word' id='word_1_144' title='bbox 1023 2585 1063 2650; x_wconf 89' lang='lat' dir='ltr'>ad</span> <span class='ocrx_word' id='word_1_145' title='bbox 1087 2582 1374 2669; x_wconf 90' lang='lat' dir='ltr'>praescribendam</span> <span class='ocrx_word' id='word_1_146' title='bbox 1390 2583 1509 2648; x_wconf 86' lang='lat' dir='ltr'>idonea</span> 
     </span>
     <span class='ocr_line' id='line_1_20' title="bbox 323 2703 1507 2792; baseline 0 -23"><span class='ocrx_word' id='word_1_147' title='bbox 323 2724 386 2772; x_wconf 91' lang='lat' dir='ltr'>nec</span> <span class='ocrx_word' id='word_1_148' title='bbox 409 2705 501 2778; x_wconf 88' lang='lat' dir='ltr'>alius,</span> <span class='ocrx_word' id='word_1_149' title='bbox 519 2707 767 2792; x_wconf 87' lang='lat' dir='ltr'>praescriptioni</span> <span class='ocrx_word' id='word_1_150' title='bbox 782 2711 971 2788; x_wconf 86' lang='lat' dir='ltr'>extraneus,</span> <span class='ocrx_word' id='word_1_151' title='bbox 987 2707 1180 2791; x_wconf 89' lang='lat' dir='ltr'>possessioni</span> <span class='ocrx_word' id='word_1_152' title='bbox 1194 2703 1383 2770; x_wconf 88' lang='lat' dir='ltr'>incumbere</span> <span class='ocrx_word' id='word_1_153' title='bbox 1398 2703 1507 2777; x_wconf 84' lang='lat' dir='ltr'>debet,</span> 
     </span>
     <span class='ocr_line' id='line_1_21' title="bbox 324 2826 1509 2913; baseline -0.003 -22"><span class='ocrx_word' id='word_1_154' title='bbox 324 2827 381 2892; x_wconf 90' lang='lat' dir='ltr'>sed</span> <span class='ocrx_word' id='word_1_155' title='bbox 410 2827 607 2892; x_wconf 82' lang='lat' dir='ltr'>immediate</span> <span class='ocrx_word' id='word_1_156' title='bbox 636 2829 796 2913; x_wconf 89' lang='lat' dir='ltr'>possessio</span> <span class='ocrx_word' id='word_1_157' title='bbox 827 2828 861 2892; x_wconf 92' lang='lat' dir='ltr'>in</span> <span class='ocrx_word' id='word_1_158' title='bbox 890 2849 955 2893; x_wconf 93' lang='lat' dir='ltr'>uno</span> <span class='ocrx_word' id='word_1_159' title='bbox 983 2829 1151 2911; x_wconf 89' lang='lat' dir='ltr'>alteroque</span> <span class='ocrx_word' id='word_1_160' title='bbox 1183 2843 1367 2910; x_wconf 86' lang='lat' dir='ltr'>possessore</span> <span class='ocrx_word' id='word_1_161' title='bbox 1401 2826 1509 2888; x_wconf 85' lang='lat' dir='ltr'>conti·</span> 
     </span>
     <span class='ocr_line' id='line_1_22' title="bbox 324 2952 534 3019; baseline -0.005 -1"><span class='ocrx_word' id='word_1_162' title='bbox 324 2952 454 3019; x_wconf 86' lang='lat' dir='ltr'>uuanda</span> <span class='ocrx_word' id='word_1_163' title='bbox 477 2958 534 3019; x_wconf 90' lang='lat' dir='ltr'>est.</span> 
     </span>
    </p>

    <p class='ocr_par' dir='ltr' id='par_1_6' title="bbox 324 3077 1509 3406">
     <span class='ocr_line' id='line_1_23' title="bbox 412 3077 1509 3162; baseline -0.003 -19"><span class='ocrx_word' id='word_1_164' title='bbox 412 3077 488 3143; x_wconf 89' lang='lat'>300.</span> <span class='ocrx_word' id='word_1_165' title='bbox 519 3077 667 3160; x_wconf 82' lang='lat' dir='ltr'>Tempus</span> <span class='ocrx_word' id='word_1_166' title='bbox 690 3083 739 3143; x_wconf 88' lang='lat' dir='ltr'>est</span> <span class='ocrx_word' id='word_1_167' title='bbox 761 3083 926 3162; x_wconf 87' lang='lat' dir='ltr'>postrema</span> <span class='ocrx_word' id='word_1_168' title='bbox 948 3077 1099 3144; x_wconf 91' lang='lat' dir='ltr'>conditio.</span> <span class='ocrx_word' id='word_1_169' title='bbox 1116 3077 1256 3161; x_wconf 89' lang='lat' dir='ltr'>Tempus</span> <span class='ocrx_word' id='word_1_170' title='bbox 1279 3079 1329 3140; x_wconf 91' lang='lat' dir='ltr'>est</span> <span class='ocrx_word' id='word_1_171' title='bbox 1351 3093 1509 3140; x_wconf 90' lang='lat' dir='ltr'>mensura</span> 
     </span>
     <span class='ocr_line' id='line_1_24' title="bbox 324 3200 1508 3287; baseline 0.001 -21"><span class='ocrx_word' id='word_1_172' title='bbox 324 3203 530 3266; x_wconf 87' lang='lat' dir='ltr'>continuatae</span> <span class='ocrx_word' id='word_1_173' title='bbox 541 3200 703 3286; x_wconf 84' lang='lat' dir='ltr'>legitimae</span> <span class='ocrx_word' id='word_1_174' title='bbox 719 3202 931 3285; x_wconf 89' lang='lat' dir='ltr'>possessionis</span> <span class='ocrx_word' id='word_1_175' title='bbox 946 3201 987 3266; x_wconf 89' lang='lat' dir='ltr'>ad</span> <span class='ocrx_word' id='word_1_176' title='bbox 1003 3201 1305 3287; x_wconf 68' lang='lat' dir='ltr'>praescriptionem</span> <span class='ocrx_word' id='word_1_177' title='bbox 1322 3203 1356 3264; x_wconf 91' lang='lat' dir='ltr'>et</span> <span class='ocrx_word' id='word_1_178' title='bbox 1366 3200 1508 3285; x_wconf 89' lang='lat' dir='ltr'>proinde</span> 
     </span>
     <span class='ocr_line' id='line_1_25' title="bbox 324 3323 1436 3406; baseline 0 -18"><span class='ocrx_word' id='word_1_179' title='bbox 324 3323 420 3392; x_wconf 86' lang='lat' dir='ltr'>debet</span> <span class='ocrx_word' id='word_1_180' title='bbox 441 3343 511 3389; x_wconf 90' lang='lat' dir='ltr'>esse</span> <span class='ocrx_word' id='word_1_181' title='bbox 535 3323 744 3396; x_wconf 83' lang='lat' dir='ltr'>cantianam,</span> <span class='ocrx_word' id='word_1_182' title='bbox 768 3341 839 3389; x_wconf 89' lang='lat' dir='ltr'>nan</span> <span class='ocrx_word' id='word_1_183' title='bbox 862 3323 1104 3406; x_wconf 65' lang='lat' dir='ltr'>intermittam,</span> <span class='ocrx_word' id='word_1_184' title='bbox 1126 3343 1199 3389; x_wconf 90' lang='lat' dir='ltr'>non</span> <span class='ocrx_word' id='word_1_185' title='bbox 1220 3341 1436 3406; x_wconf 77' lang='lat' dir='ltr'>saapensum.</span> 
     </span>
    </p>

    <p class='ocr_par' dir='ltr' id='par_1_7' title="bbox 413 3445 1507 3532">
     <span class='ocr_line' id='line_1_26' title="bbox 413 3445 1507 3532; baseline 0.003 -21"><span class='ocrx_word' id='word_1_186' title='bbox 413 3447 480 3512; x_wconf 89' lang='lat' dir='ltr'>Pro</span> <span class='ocrx_word' id='word_1_187' title='bbox 496 3467 606 3512; x_wconf 90' lang='lat' dir='ltr'>rerum</span> <span class='ocrx_word' id='word_1_188' title='bbox 621 3445 893 3530; x_wconf 90' lang='lat' dir='ltr'>acquirendarum</span> <span class='ocrx_word' id='word_1_189' title='bbox 911 3445 1039 3512; x_wconf 83' lang='lat' dir='ltr'>diversa</span> <span class='ocrx_word' id='word_1_190' title='bbox 1061 3452 1179 3512; x_wconf 89' lang='lat' dir='ltr'>natura</span> <span class='ocrx_word' id='word_1_191' title='bbox 1193 3451 1319 3532; x_wconf 89' lang='lat' dir='ltr'>tempus</span> <span class='ocrx_word' id='word_1_192' title='bbox 1339 3446 1507 3514; x_wconf 86' lang='lat' dir='ltr'>diversum</span> 
     </span>
    </p>
   </div>
   <div class='ocr_carea' id='block_1_3' title="bbox 324 3568 1506 3760">
    <p class='ocr_par' dir='ltr' id='par_1_8' title="bbox 324 3568 1506 3760">
     <span class='ocr_line' id='line_1_27' title="bbox 324 3568 1506 3655; baseline 0 -20"><span class='ocrx_word' id='word_1_193' title='bbox 324 3573 382 3636; x_wconf 86' lang='lat' dir='ltr'>est.</span> <span class='ocrx_word' id='word_1_194' title='bbox 398 3605 441 3618; x_wconf 92' lang='lat'><em>-</em></span> <span class='ocrx_word' id='word_1_195' title='bbox 459 3571 703 3655; x_wconf 85' lang='lat' dir='ltr'>Distinguuntur</span> <span class='ocrx_word' id='word_1_196' title='bbox 720 3591 772 3636; x_wconf 92' lang='lat' dir='ltr'>res</span> <span class='ocrx_word' id='word_1_197' title='bbox 795 3571 939 3646; x_wconf 83' lang='lat' dir='ltr'>mobiles¹</span> <span class='ocrx_word' id='word_1_198' title='bbox 954 3571 995 3635; x_wconf 90' lang='lat' dir='ltr'>ab</span> <span class='ocrx_word' id='word_1_199' title='bbox 1019 3568 1241 3644; x_wconf 90' lang='lat' dir='ltr'>immobilibus,</span> <span class='ocrx_word' id='word_1_200' title='bbox 1259 3589 1335 3633; x_wconf 91' lang='lat' dir='ltr'>nam</span> <span class='ocrx_word' id='word_1_201' title='bbox 1357 3589 1417 3653; x_wconf 91' lang='lat' dir='ltr'>pro</span> <span class='ocrx_word' id='word_1_202' title='bbox 1440 3568 1506 3635; x_wconf 90' lang='lat' dir='ltr'>illis</span> 
     </span>
     <span class='ocr_line' id='line_1_28' title="bbox 324 3675 1506 3760; baseline 0 -18"><span class='ocrx_word' id='word_1_203' title='bbox 324 3685 373 3744; x_wconf 89' lang='lat' dir='ltr'>est</span> <span class='ocrx_word' id='word_1_204' title='bbox 387 3678 513 3743; x_wconf 83' lang='lat' dir='ltr'>facilius</span> <span class='ocrx_word' id='word_1_205' title='bbox 536 3679 774 3760; x_wconf 91' lang='lat' dir='ltr'>commercium,</span> <span class='ocrx_word' id='word_1_206' title='bbox 801 3683 843 3760; x_wconf 89' lang='lat' dir='ltr'>et,</span> <span class='ocrx_word' id='word_1_207' title='bbox 868 3699 910 3744; x_wconf 89' lang='lat' dir='ltr'>ne</span> <span class='ocrx_word' id='word_1_208' title='bbox 934 3679 989 3743; x_wconf 92' lang='lat' dir='ltr'>diu</span> <span class='ocrx_word' id='word_1_209' title='bbox 1005 3680 1166 3744; x_wconf 88' lang='lat' dir='ltr'>incertum</span> <span class='ocrx_word' id='word_1_210' title='bbox 1182 3683 1215 3742; x_wconf 91' lang='lat' dir='ltr'>et</span> <span class='ocrx_word' id='word_1_211' title='bbox 1233 3675 1366 3742; x_wconf 90' lang='lat' dir='ltr'>dubium</span> <span class='ocrx_word' id='word_1_212' title='bbox 1389 3697 1506 3742; x_wconf 92' lang='lat' dir='ltr'>earum</span> 
     </span>
    </p>
   </div>
   <div class='ocr_carea' id='block_1_4' title="bbox 323 3798 1507 3886">
    <p class='ocr_par' dir='ltr' id='par_1_9' title="bbox 323 3798 1507 3886">
     <span class='ocr_line' id='line_1_29' title="bbox 323 3798 1507 3886; baseline -0.003 -20"><span class='ocrx_word' id='word_1_213' title='bbox 323 3801 485 3867; x_wconf 89' lang='lat' dir='ltr'>dominum</span> <span class='ocrx_word' id='word_1_214' title='bbox 507 3806 683 3881; x_wconf 89' lang='lat' dir='ltr'>remaneat,</span> <span class='ocrx_word' id='word_1_215' title='bbox 700 3801 831 3886; x_wconf 80' lang='lat' dir='ltr'>expedit</span> <span class='ocrx_word' id='word_1_216' title='bbox 849 3821 906 3866; x_wconf 87' lang='lat' dir='ltr'>eas</span> <span class='ocrx_word' id='word_1_217' title='bbox 928 3802 1071 3867; x_wconf 89' lang='lat' dir='ltr'>breviari</span> <span class='ocrx_word' id='word_1_218' title='bbox 1086 3806 1233 3885; x_wconf 88' lang='lat' dir='ltr'>tempore</span> <span class='ocrx_word' id='word_1_219' title='bbox 1249 3798 1443 3884; x_wconf 85' lang='lat' dir='ltr'>praescribi.</span> <span class='ocrx_word' id='word_1_220' title='bbox 1460 3837 1507 3850; x_wconf 97' lang='lat'>-</span> 
     </span>
    </p>
   </div>
   <div class='ocr_carea' id='block_1_5' title="bbox 324 3907 1506 4011">
    <p class='ocr_par' dir='ltr' id='par_1_10' title="bbox 324 3907 1506 4011">
     <span class='ocr_line' id='line_1_30' title="bbox 324 3907 1506 4011; baseline -0.002 -19"><span class='ocrx_word' id='word_1_221' title='bbox 324 3924 540 3992; x_wconf 83' lang='lat' dir='ltr'>immobilibus</span> <span class='ocrx_word' id='word_1_222' title='bbox 563 3907 784 3992; x_wconf 76' lang='lat' dir='ltr'>accensentur¹</span> <span class='ocrx_word' id='word_1_223' title='bbox 803 3925 974 4011; x_wconf 80' lang='lat' dir='ltr'>beneficia,</span> <span class='ocrx_word' id='word_1_224' title='bbox 999 3945 1126 3996; x_wconf 90' lang='lat' dir='ltr'>census,</span> <span class='ocrx_word' id='word_1_225' title='bbox 1145 3923 1278 3996; x_wconf 86' lang='lat' dir='ltr'>reditus,</span> <span class='ocrx_word' id='word_1_226' title='bbox 1304 3926 1506 4009; x_wconf 88' lang='lat' dir='ltr'>iuspatrona-</span> 
     </span>
    </p>
   </div>
   <div class='ocr_carea' id='block_1_6' title="bbox 322 4049 1504 4508">
    <p class='ocr_par' dir='ltr' id='par_1_11' title="bbox 322 4049 1504 4508">
     <span class='ocr_line' id='line_1_31' title="bbox 323 4049 1504 4135; baseline 0.001 -21"><span class='ocrx_word' id='word_1_227' title='bbox 323 4055 383 4130; x_wconf 92' lang='lat' dir='ltr'>tus,</span> <span class='ocrx_word' id='word_1_228' title='bbox 397 4049 607 4119; x_wconf 83' lang='lat' dir='ltr'>ususfructus,</span> <span class='ocrx_word' id='word_1_229' title='bbox 625 4050 810 4122; x_wconf 88' lang='lat' dir='ltr'>servitutes,</span> <span class='ocrx_word' id='word_1_230' title='bbox 827 4051 1001 4135; x_wconf 78' lang='lat' dir='ltr'>priuilegia</span> <span class='ocrx_word' id='word_1_231' title='bbox 1017 4055 1049 4114; x_wconf 93' lang='lat' dir='ltr'>et</span> <span class='ocrx_word' id='word_1_232' title='bbox 1063 4049 1195 4123; x_wconf 89' lang='lat' dir='ltr'>similia;</span> <span class='ocrx_word' id='word_1_233' title='bbox 1219 4049 1296 4132; x_wconf 91' lang='lat' dir='ltr'>quia</span> <span class='ocrx_word' id='word_1_234' title='bbox 1319 4050 1379 4114; x_wconf 87' lang='lat' dir='ltr'>ista</span> <span class='ocrx_word' id='word_1_235' title='bbox 1395 4052 1504 4115; x_wconf 91' lang='lat' dir='ltr'>amnia</span> 
     </span>
     <span class='ocr_line' id='line_1_32' title="bbox 323 4171 1503 4239; baseline 0.001 -2"><span class='ocrx_word' id='word_1_236' title='bbox 323 4171 389 4238; x_wconf 84' lang='lat' dir='ltr'>fixa</span> <span class='ocrx_word' id='word_1_237' title='bbox 404 4177 537 4237; x_wconf 87' lang='lat' dir='ltr'>manent</span> <span class='ocrx_word' id='word_1_238' title='bbox 552 4177 584 4236; x_wconf 90' lang='lat' dir='ltr'>et</span> <span class='ocrx_word' id='word_1_239' title='bbox 606 4171 710 4236; x_wconf 91' lang='lat' dir='ltr'>instar</span> <span class='ocrx_word' id='word_1_240' title='bbox 731 4172 941 4238; x_wconf 91' lang='lat' dir='ltr'>immobilium</span> <span class='ocrx_word' id='word_1_241' title='bbox 966 4173 1107 4238; x_wconf 82' lang='lat' dir='ltr'>fructum</span> <span class='ocrx_word' id='word_1_242' title='bbox 1126 4178 1160 4237; x_wconf 89' lang='lat' dir='ltr'>et</span> <span class='ocrx_word' id='word_1_243' title='bbox 1181 4172 1441 4239; x_wconf 88' lang='lat' dir='ltr'>commoditatem</span> <span class='ocrx_word' id='word_1_244' title='bbox 1457 4173 1503 4238; x_wconf 87' lang='lat' dir='ltr'>af·</span> 
     </span>
     <span class='ocr_line' id='line_1_33' title="bbox 322 4295 1503 4386; baseline 0.003 -26"><span class='ocrx_word' id='word_1_245' title='bbox 322 4295 442 4361; x_wconf 85' lang='lat' dir='ltr'>ierunt.</span> <span class='ocrx_word' id='word_1_246' title='bbox 468 4295 515 4362; x_wconf 82' lang='lat' dir='ltr'>(li.</span> <span class='ocrx_word' id='word_1_247' title='bbox 541 4295 639 4362; x_wconf 86' lang='lat' dir='ltr'>Clem.</span> <span class='ocrx_word' id='word_1_248' title='bbox 663 4295 818 4380; x_wconf 57' lang='lat' dir='ltr'>Emisit&amp;</span> <span class='ocrx_word' id='word_1_249' title='bbox 841 4297 995 4364; x_wconf 84' lang='lat' dir='ltr'>Proinde</span> <span class='ocrx_word' id='word_1_250' title='bbox 1018 4297 1060 4364; x_wconf 84' lang='lat' dir='ltr'>cie</span> <span class='ocrx_word' id='word_1_251' title='bbox 1081 4298 1115 4362; x_wconf 92' lang='lat' dir='ltr'>V.</span> <span class='ocrx_word' id='word_1_252' title='bbox 1133 4296 1167 4362; x_wconf 88' lang='lat' dir='ltr'>S.</span> <span class='ocrx_word' id='word_1_253' title='bbox 1185 4298 1240 4385; x_wconf 87' lang='lat' dir='ltr'>(V,</span> <span class='ocrx_word' id='word_1_254' title='bbox 1267 4297 1331 4383; x_wconf 88' lang='lat'>11).</span> <span class='ocrx_word' id='word_1_255' title='bbox 1349 4299 1417 4365; x_wconf 85' lang='lat' dir='ltr'>Res</span> <span class='ocrx_word' id='word_1_256' title='bbox 1430 4318 1503 4386; x_wconf 91' lang='lat' dir='ltr'>pre-</span> 
     </span>
     <span class='ocr_line' id='line_1_34' title="bbox 322 4416 1502 4508; baseline 0.004 -28"><span class='ocrx_word' id='word_1_257' title='bbox 322 4416 423 4481; x_wconf 89' lang='lat' dir='ltr'>tiosae</span> <span class='ocrx_word' id='word_1_258' title='bbox 435 4417 610 4492; x_wconf 89' lang='lat' dir='ltr'>Ecclesiae,</span> <span class='ocrx_word' id='word_1_259' title='bbox 624 4420 684 4484; x_wconf 85' lang='lat' dir='ltr'>etsi</span> <span class='ocrx_word' id='word_1_260' title='bbox 699 4419 764 4484; x_wconf 91' lang='lat' dir='ltr'>sint</span> <span class='ocrx_word' id='word_1_261' title='bbox 780 4418 923 4502; x_wconf 90' lang='lat' dir='ltr'>mobiles,</span> <span class='ocrx_word' id='word_1_262' title='bbox 937 4421 1053 4505; x_wconf 81' lang='lat' dir='ltr'>quoad</span> <span class='ocrx_word' id='word_1_263' title='bbox 1064 4421 1304 4489; x_wconf 83' lang='lat' dir='ltr'>alienationem</span> <span class='ocrx_word' id='word_1_264' title='bbox 1321 4427 1354 4488; x_wconf 90' lang='lat' dir='ltr'>et</span> <span class='ocrx_word' id='word_1_265' title='bbox 1365 4420 1502 4508; x_wconf 92' lang='lat' dir='ltr'>proinde</span> 
     </span>
    </p>
   </div>
   <div class='ocr_carea' id='block_1_7' title="bbox 0 0 1680 5117">
    <p class='ocr_par' dir='ltr' id='par_1_12' title="bbox 0 0 1680 5117">
     <span class='ocr_line' id='line_1_35' title="bbox 0 0 1680 5117; baseline 0 0"><span class='ocrx_word' id='word_1_266' title='bbox 0 0 1680 5117; x_wconf 95' lang='lat' dir='ltr'> </span> 
     </span>
    </p>
   </div>
  </div>
 </body>
</html>
