3350 5117
513 300 556 346 nn
580 299 720 346 ionicus
744 298 1009 348 uccunsmsmcis
1295 280 1365 346 365

187 426 273 510 Papa
295 445 361 490 nou
385 425 447 490 hoc
470 424 602 490 abolere
619 425 841 510 privilegium
866 429 900 489 at
917 445 959 490 ex
983 424 1180 510 plenitudine
1197 425 1363 510 potestatis

185 565 303 616 causas
320 550 432 615 civiles
456 554 488 616 et
511 551 695 615 criminales
726 549 923 616 clericorum
955 549 1110 635 delegare
1141 549 1237 615 iudici
1268 550 1362 632 laico,

185 678 217 739 ut
240 673 335 740 docet
357 673 473 742 Glossa
495 675 529 738 iu
552 694 626 740 can.
650 676 677 738 1.
703 673 795 740 Bene
825 673 900 740 dist.
927 674 983 740 96.
1009 673 1138 766 Exinde
1161 675 1244 740 haec
1268 674 1365 740 docel

184 797 375 864 Ordinarios
397 799 544 864 locorum
568 800 620 864 cit.
639 800 717 865 lust.
736 797 769 864 S.
794 800 832 866 U.
854 801 924 884 Inq.
942 817 971 864 a.
998 799 1102 865 1886:
1130 799 1312 864 «Ceterum
1328 801 1361 863 in

184 923 221 988 iis
236 924 316 989 locis
332 925 365 988 iu
381 923 494 1007 quibus
509 923 573 990 foui
597 925 801 1010 privilegium
826 945 886 1008 per
910 924 1057 990 Summos
1077 921 1252 988 Pontifices
1268 924 1361 989 dero-

181 1055 291 1133 gatum
315 1069 380 1114 non
397 1047 468 1121 fuit,
485 1049 512 1112 si
528 1049 562 1113 in
578 1049 625 1113 eis
639 1067 703 1112 non
720 1047 848 1114 dabitur
863 1050 936 1113 iura
950 1069 1009 1114 sua
1023 1048 1185 1133 prosequi,
1201 1047 1264 1113 nisi
1277 1049 1361 1134 apud

181 1175 302 1242 iudices
316 1175 427 1257 laicos,
446 1180 601 1242 teneatur
623 1175 749 1260 cmpuli
767 1175 872 1258 prius
887 1193 910 1240 a
924 1175 1070 1258 proprio
1089 1174 1244 1258 ipsoram
1263 1172 1359 1240 Ordi-

179 1296 280 1362 aario
303 1295 440 1362 veniam
451 1301 577 1379 petere,
590 1302 627 1360 ot
651 1297 789 1362 clericos
812 1298 850 1361 in
871 1295 988 1379 sommo
1007 1295 1187 1362 convenire
1204 1294 1339 1378 possint
1346 1313 1362 1376 ,·

180 1437 324 1506 eamque
357 1419 534 1486 Ordiaarii
565 1439 744 1506 nunquam
768 1420 993 1506 denepaoum,
1007 1427 1079 1486 tam
1105 1418 1259 1485 maxime
1282 1439 1360 1486 cam

179 1543 245 1626 ipsi
262 1543 501 1610 controversiis
516 1543 604 1610 inter
622 1548 740 1626 partes
757 1543 979 1610 conciliandis
992 1541 1127 1625 smmtro
1142 1562 1285 1626 operam
1301 1542 1359 1608 do-

179 1670 294 1736 dariat
306 1669 363 1757 (1).
377 1669 562 1754 Episcopos
575 1674 688 1734 autem
706 1669 741 1734 io
757 1669 793 1734 id
808 1669 927 1751 forum
944 1668 1070 1753 absque
1082 1668 1180 1733 aonio
1193 1666 1227 1734 S.
1242 1669 1359 1750 Apost.

179 1815 249 1864 noa
273 1795 350 1863 licet
373 1796 561 1863 conuenire.
586 1797 673 1862 Etsi
696 1796 772 1880 quis
794 1815 899 1862 amus
920 1794 1027 1877 saevit
1051 1796 1185 1862 trahere
1200 1796 1247 1861 ad
1269 1795 1358 1860 iudi-

180 1941 252 1988 cem
274 1940 335 1988 sea
354 1921 483 1990 iudices
506 1923 610 1990 laicos
633 1923 683 1989 oet
705 1922 866 1990 clericam
888 1921 962 1988 siae
984 1921 1085 1987 venia
1110 1920 1288 1988 ordinarii
1306 1923 1359 1986 vet

180 2046 392 2130 Episcopum
415 2047 487 2113 siae
510 2047 609 2112 veaia
625 2043 659 2111 S.
676 2044 781 2120 Sectis,
797 2045 835 2110 im
852 2051 1019 2129 potestate
1042 2045 1239 2112 emmmdem
1264 2043 1360 2111 Ordi-

179 2167 364 2236 aarioram
386 2169 449 2235 erit
472 2169 510 2234 im
532 2189 619 2245 cam,
629 2170 835 2253 praesertim
850 2169 881 2236 si
902 2167 1011 2252 fuerit
1030 2169 1182 2244 ctericus,
1198 2168 1359 2234 animod-

179 2297 311 2359 certae
325 2292 445 2376 poenis
467 2297 498 2358 et
521 2293 673 2358 ceamris
695 2290 861 2375 serendae
880 2292 1073 2366 sententiae,
1087 2292 1137 2358 uti
1158 2291 1359 2358 violatorem
1447 2284 1452 2292 ’

174 2414 350 2500 prim'tepii
372 2413 455 2496 fori,
479 2415 509 2480 si
532 2415 570 2482 iol
592 2416 755 2499 expedire
778 2415 815 2480 io
837 2415 984 2483 Domino
1007 2415 1278 2482 iudicaverint».

268 4085 307 4156 (l)
325 4086 446 4142 Notetur
464 4088 672 4159 monitum,quo
692 4087 819 4156 Episcopi
835 4086 989 4140 invitantur
1002 4084 1035 4138 ud
1053 4084 1249 4154 experiendam
1262 4084 1355 4139 litium

177 4191 324 4262 pacificam
337 4191 513 4258 solutionem,
523 4196 672 4262 antequam
686 4193 778 4246 sinant
791 4191 925 4250 clericum
937 4191 997 4262 rapi
1011 4190 1045 4244 ad
1057 4189 1181 4245 tribunal
1195 4189 1306 4245 laicum.
1318 4218 1358 4236 -

177 4296 250 4351 Hinc
270 4295 421 4366 Episcopus
440 4299 555 4352 conetur
579 4296 652 4353 laico
677 4295 849 4368 persuadere,
869 4301 901 4352 ut
925 4314 974 4368 pen
997 4297 1215 4352 transactionem
1237 4301 1286 4351 aut
1305 4313 1356 4366 pen

177 4405 299 4461 arbitros
318 4405 375 4459 suis
394 4405 548 4462 rationibus
568 4407 695 4461 consulat
714 4407 845 4462 adversus
863 4406 1005 4461 clericum.
