3350 5117
317 257 386 325 502
584 289 588 296 ·
844 283 929 329 raas
952 282 975 329 1.

325 403 479 469 videndos
503 412 600 498 testes
623 407 805 493 productos:
824 408 912 473 etad
928 407 1120 473 audiendum
1136 428 1249 475 eorum
1273 410 1434 474 iurament
1455 428 1497 472 m.

218 576 223 585 ·
325 534 479 599 Attamen
502 533 584 598 haec
608 534 723 619 regula
745 536 908 620 generalis
930 536 1071 601 tenenda
1094 541 1160 602 est:
1181 536 1285 602 Testis
1300 536 1358 600 etsi
1375 536 1421 600 uti
1436 536 1496 599 ini-

322 652 446 719 doneus
469 655 519 718 vel
544 662 710 741 suspectus
735 656 775 721 ab
799 658 864 722 alia
887 662 980 744 parte
1000 657 1099 723 tuerit
1119 662 1298 734 accusatus,
1314 658 1341 721 si
1360 655 1499 740 deponat

320 785 434 845 contra
457 778 687 867 producentem
712 781 837 868 probat,
862 781 914 847 vel
939 782 1053 847 saltem
1069 780 1279 847 vehementes
1293 779 1440 845 veritatis
1453 779 1498 842 in·

323 903 408 987 gerit
430 906 717 990 praesumptiones
742 905 894 989 quocirca
916 926 938 970 a
961 904 1158 993 producente
1173 910 1294 990 postea,
1312 904 1442 989 cognita
1455 904 1501 964 at·

320 1030 501 1111 testatione,
519 1030 634 1115 repelli
656 1049 721 1093 non
745 1036 859 1117 potest.
878 1033 960 1096 Item
983 1030 1099 1117 probat
1121 1035 1236 1095 contra
1258 1028 1498 1115 producentem,

322 1152 349 1215 si
373 1151 433 1215 iste
457 1156 533 1217 ante
557 1151 716 1236 cognitam
748 1152 949 1215 contrariam
980 1153 1219 1216 attestationem
1249 1149 1370 1214 nullam
1400 1148 1503 1212 movit

323 1274 562 1361 exceptionem
587 1294 680 1357 quam
706 1276 836 1362 opponit
853 1280 977 1341 tantum
993 1274 1222 1362 posthabitam
1243 1274 1427 1339 contrariae
1441 1270 1501 1337 sibi

311 1382 534 1465 ¹attestationis
558 1402 713 1465 notitiam.
739 1403 911 1487 Excipitur
934 1420 1029 1467 casus
1051 1422 1114 1486 quo
1136 1408 1247 1487 postea
1272 1406 1367 1465 enata
1389 1398 1431 1464 sit
1446 1396 1502 1462 vel

322 1526 454 1609 cognita
478 1525 561 1590 ratio
585 1527 762 1611 personalis
790 1528 1006 1611 exceptionis:
1036 1525 1092 1591 sed
1122 1526 1205 1591 haec
1228 1532 1340 1611 aperte
1370 1522 1504 1609 probari

322 1648 427 1730 debet,
449 1669 524 1716 cau.
544 1668 561 1711 c
580 1650 618 1715 Si
641 1650 730 1717 testis
754 1672 772 1714 a
798 1671 825 1717 c.
851 1626 883 1739 4}
909 1671 940 1736 q.
965 1650 998 1716 3.
1023 1688 1067 1701 -
1092 1652 1249 1735 Exceptio
1271 1670 1352 1715 vero
1375 1652 1407 1713 in
1430 1667 1503 1734 per·

323 1793 435 1838 sonam
459 1780 546 1839 mota
569 1780 644 1839 ante
668 1795 814 1857 examen,
838 1776 919 1841 solet
943 1776 1075 1861 probari
1091 1776 1193 1841 solnm
1217 1780 1289 1862 post
1307 1774 1504 1860 publicatum

326 1918 475 1980 examen,
500 1901 621 1964 utiam
645 1900 795 1973 diximus,
819 1902 881 1966 nisi
911 1903 1039 1966 notoria
1062 1903 1103 1967 sit
1128 1907 1204 1968 ante
1235 1902 1336 1987 ipsum
1365 1920 1505 1965 examen

329 2024 513 2090 inhabilitas
536 2028 635 2091 testie.

419 2148 636 2232 Exceptiones
660 2150 792 2215 secundi
815 2155 848 2215 et
871 2151 959 2215 tertii
982 2152 1113 2236 generis
1135 2170 1199 2218 non
1215 2154 1348 2235 possunt
1369 2150 1508 2234 proponi

326 2273 388 2337 nisi
412 2271 580 2357 publicatis
604 2272 870 2355 attestationibus,
887 2276 933 2339 uti
956 2278 1053 2359 patet,
1070 2280 1103 2339 et
1120 2274 1259 2359 partium
1283 2272 1507 2358 disceptationi

329 2404 407 2462 tunc
431 2398 534 2463 solum
558 2398 717 2465 obnoxiae
740 2406 823 2465 sunt.
849 2435 892 2448 —
917 2402 1010 2486 Ipsae
1034 2402 1256 2467 attestationes
1276 2402 1510 2485 impugnantur

330 2518 403 2583 aliis
435 2520 608 2603 generibus
640 2521 873 2605 probationum.
899 2527 932 2586 at
955 2527 1027 2607 post
1049 2521 1234 2587 earumdem
1257 2521 1508 2607 publicationem

328 2660 388 2726 per
414 2640 542 2707 eosdem
566 2648 621 2707 aut
644 2663 745 2709 novos
767 2648 867 2710 testes
890 2665 955 2709 non
979 2645 1197 2730 impetiuntur‚
1210 2644 1270 2709 nisi
1294 2645 1328 2708 in
1351 2662 1428 2708 casu
1451 2663 1510 2708 ex·

326 2769 483 2853 ceptionis
507 2770 569 2833 iam
586 2768 779 2833 declaratae.
798 2806 838 2817 -
856 2770 924 2835 Per
945 2772 1007 2835 has
1029 2769 1173 2835 cautelas
1187 2772 1236 2835 ius
1252 2770 1441 2834 canonicum
1457 2769 1508 2832 ei-

327 2892 406 2956 iecit
429 2896 464 2956 ut
479 2892 624 2977 probatio
640 2912 699 2978 per
722 2900 820 2959 testes
844 2890 938 2958 tieret
960 2892 1077 2959 efficax
1100 2899 1133 2958 et
1156 2895 1293 2958 sincera.

418 3017 494 3081 488.
520 3018 572 3081 Ex
595 3036 669 3099 cop.
693 3018 745 3090 10,
770 3020 792 3101 g
816 3017 1040 3101 Prosereodo,
1066 3018 1116 3084 De
1138 3017 1290 3101 rescript.
1314 3016 1352 3082 iu
1379 3018 1403 3082 6
1416 3015 1456 3101 (Ι,
1474 3017 1510 3101 3)

330 3144 430 3208 testes
454 3145 528 3206 sunt
552 3140 750 3225 producendi
780 3141 957 3226 sumptibus
984 3142 1083 3228 ipsius
1112 3143 1329 3228 producentis.
1354 3142 1512 3217 Quamvis

329 3268 416 3332 enim
440 3269 531 3332 testis
553 3268 679 3333 lucrum
704 3274 874 3353 reportare
897 3288 962 3333 non
985 3268 1110 3341 debeat,
1134 3274 1241 3334 tamen
1256 3288 1362 3351 neque
1384 3269 1512 3352 praeiu-

333 3391 461 3465 dicium,
477 3394 568 3459 iuxta
583 3393 730 3479 adagium
747 3394 895 3479 officium
910 3412 1009 3459 suum
1026 3393 1156 3459 nemini
1174 3391 1269 3458 debet
1284 3412 1354 3459 esse
1368 3394 1511 3459 damno·

336 3534 422 3580 sum.
449 3514 510 3580 Sed
534 3516 617 3599 parti
641 3518 765 3581 victrici
782 3536 847 3579 non
864 3515 963 3579 semel
981 3533 1143 3598 expensae
1159 3512 1265 3577 iactae
1288 3511 1512 3578 refundendae

340 3643 416 3703 sunt
431 3638 471 3703 ab
487 3636 551 3702 alia
573 3644 666 3723 parte
682 3658 741 3723 per
757 3638 922 3704 decretum
947 3638 1059 3703 iudicis
1082 3636 1324 3702 condemnantis
1339 3634 1513 3718 aliquando

338 3768 463 3849 partem
487 3764 605 3829 victam
629 3764 669 3829 ad
685 3764 836 3830 terendas
852 3764 959 3830 iudicii
976 3782 1150 3849 expensas,
1171 3764 1262 3828 iuxta
1277 3762 1435 3847 principia
1449 3767 1514 3826 sta·

335 3888 463 3971 tuenda,
480 3888 519 3955 de
543 3889 656 3973 quibus
678 3910 811 3976 agemus
834 3910 892 3956 suo
914 3891 999 3957 loco.
