3350 5117
549 263 592 308 na
617 260 753 310 romeus
777 261 1042 311 eccnasmsrrcrs
1320 248 1384 312 487

298 382 329 469 l)
355 383 531 469 Litigantes
555 384 615 471 ipsi
638 383 691 449 vel
717 403 828 447 eorum
861 382 1010 449 aduocati
1041 390 1074 452 et
1101 394 1328 470 procuratores
1350 388 1385 452 in

206 509 311 573 causis
334 509 367 574 in
391 508 503 593 quibus
526 516 636 595 agunt.

296 635 330 722 2)
355 637 515 701 Parentes
538 654 597 721 pro
621 632 695 701 filiis
719 640 752 700 et
774 636 933 717 vicissim,
957 641 1054 720 atque
1069 637 1103 700 in
1126 657 1248 723 genere
1270 657 1386 705 ascen-

206 760 319 828 dentes
342 767 375 827 et
398 759 640 842 descendentes,
665 762 741 827 item
766 762 797 825 in
823 762 911 827 linea
938 761 1117 826 collaterali
1148 762 1278 844 fratres,
1302 784 1384 829 con-

206 887 385 973 sanguinei,
402 884 515 951 affines
532 887 565 949 in
581 886 765 952 testimonio
779 884 968 967 fauorabili
983 886 1117 952 ferendo
1132 907 1192 971 pro
1214 889 1279 952 suis
1295 893 1387 955 arcte

207 1012 388 1077 coniunctis
412 1017 485 1077 sunt
508 1012 659 1097 suspecti.
684 1010 732 1077 cf.
757 1028 830 1093 cup.
856 1010 917 1083 22,
943 1010 973 1075 b.
999 1016 1019 1075 t.
1043 1011 1084 1074 X.
1102 1012 1223 1077 Desunt
1245 1011 1387 1076 disertae

206 1136 287 1199 iuris
311 1137 494 1201 sanctiones
518 1140 696 1201 statuentes
719 1135 855 1220 gradum
880 1133 919 1199 ad
951 1154 1045 1219 quem
1072 1136 1105 1199 in
1137 1134 1387 1202 collateralibus

206 1260 321 1345 legalis
344 1263 562 1347 praesumptio
586 1261 776 1347 suspicionis
798 1280 834 1325 se
859 1260 1023 1326 extendat.
1040 1261 1224 1325 Communis
1239 1260 1387 1329 doctrina

206 1387 363 1451 canonica
382 1384 477 1450 docet
499 1406 564 1449 non
589 1386 675 1453 ultra
691 1386 821 1451 tertium
848 1383 982 1470 gradum
999 1384 1160 1451 inclusive
1175 1386 1281 1450 solere
1295 1404 1387 1470 prae·

207 1511 290 1575 sumi
321 1510 360 1575 de
391 1507 561 1575 affectione
591 1515 692 1577 testes
721 1514 888 1594 suspectos
919 1508 1084 1575 reddente.
1111 1510 1322 1576 Nihilominus
1352 1512 1385 1577 in

207 1633 499 1700 matrimonialibus
523 1636 628 1699 causis
652 1632 697 1719 (1)
721 1633 868 1719 aliisque,
893 1633 924 1698 id
955 1654 1067 1720 genus,
1092 1635 1310 1719 spiritualibus
1332 1636 1387 1700 ali-

207 1761 334 1845 quando
357 1761 542 1825 necessario
565 1762 712 1826 invocari
728 1760 823 1829 debet
839 1761 1057 1827 testimoninm
1073 1762 1385 1845 consanguineorum

207 1894 239 1950 et
262 1883 415 1957 affinium,
441 1882 587 1967 idemque
607 1886 716 1969 magni
740 1884 926 1949 laciendum
942 1889 1000 1949 est.
1018 1883 1065 1950 cf.
1083 1902 1157 1966 cop.
1174 1882 1208 1966 3,
1227 1884 1289 1955 Qui
1303 1889 1384 1949 mut.

205 2026 315 2075 accus.
340 2008 375 2071 X
395 2005 467 2091 (IV,
495 2007 557 2092 le).

296 2128 329 2214 3)
354 2130 526 2195 Domestici
549 2150 609 2215 pro
634 2129 767 2196 dominis
791 2136 956 2205 testantes,
982 2137 1015 2195 et
1045 2130 1164 2196 domini
1195 2149 1253 2215 pro
1276 2128 1385 2195 dorne-

206 2254 304 2325 sticis,
333 2254 412 2321 socii
437 2274 497 2339 pro
521 2255 625 2336 sociis,
647 2254 766 2318 inimici
790 2255 824 2318 in
848 2274 948 2320 causa
964 2256 1164 2320 inimicorum
1181 2255 1296 2319 merito
1312 2258 1387 2319 sunt

205 2377 359 2461 suspecti;
445 2438 448 2445 .

296 2502 328 2587 4)
354 2502 406 2567 Ex
430 2522 502 2586 cup.
520 2502 571 2574 14,
590 2502 620 2565 b.
643 2506 674 2583 l,
690 2502 792 2567 laicus
816 2503 850 2566 in
875 2521 973 2567 causa
989 2503 1148 2568 criminali
1173 2501 1386 2568 criminaliter

204 2630 279 2689 acta
304 2630 416 2690 testem
441 2645 540 2711 agere
563 2627 673 2709 nequit
703 2631 819 2690 contra
851 2625 1017 2691 clericum.
1042 2625 1104 2691 Sed
1132 2624 1241 2690 Abbas
1263 2625 1300 2690 ia
1323 2624 1386 2691 hoc

205 2754 317 2834 capul,
344 2754 433 2813 recte
456 2748 605 2829 advertit,
631 2748 662 2813 id
685 2747 796 2813 valere
821 2748 862 2813 de
887 2748 1007 2813 clerico
1031 2769 1096 2812 non
1126 2748 1302 2833 degradato
1324 2768 1382 2812 seu

204 2874 374 2941 iudicando
398 2894 418 2937 a
440 2874 523 2939 laico
547 2878 579 2938 et
602 2874 728 2957 quando
752 2874 859 2938 adsint
877 2877 975 2937 testes
998 2872 1185 2970 clericivel
1209 2871 1292 2935 aliae
1315 2870 1382 2934 sul-

293 3100 334 3172 (Ι)
353 3101 420 3156 Insa
440 3102 517 3155 Aust.
538 3105 581 3155 cit.
601 3100 680 3154 Card.
701 3100 851 3168 Rauscher,
865 3100 935 3155 baec
949 3104 1030 3154 cavet
1048 3100 1078 3154 ia
1098 3098 1383 3169 propositnm5155:

204 3203 439 3273 ‹Consanguinei
459 3204 608 3272 coniugum
626 3220 644 3257 a
662 3204 823 3257 testimonio
848 3218 899 3272 pro
924 3202 1102 3256 matrimonio
1125 3208 1175 3256 aut
1199 3205 1297 3256 contra
1313 3199 1383 3256 illud

202 3308 317 3364 ferendo
336 3314 395 3365 tum
415 3314 523 3363 tantum
544 3308 706 3364 excludendi
733 3314 807 3377 sunt,
826 3310 937 3380 quando
961 3327 996 3365 ex
1021 3309 1162 3364 individua
1186 3326 1266 3363 casus
1282 3313 1384 3363 natura

203 3413 360 3482 peculiares
373 3416 499 3469 oriantur
512 3415 642 3481 rationes,
653 3431 700 3469 eos
710 3414 743 3469 de
755 3416 876 3485 partium
887 3415 979 3470 studio
989 3420 1132 3484 suspectos
1142 3414 1382 3483 habere»,§156.

201 3522 269 3576 «ln
295 3522 471 3576 diiudicanda
496 3522 681 3579 credibilitate
707 3525 978 3593 consanguineorum
1002 3529 1032 3579 et
1056 3524 1179 3579 omnium
1204 3540 1383 3594 personarum

203 3644 320 3700 quarum
340 3629 375 3683 ad
394 3631 526 3699 coniuges
545 3630 645 3685 relatio
663 3631 785 3700 partium
805 3630 889 3684 studii
909 3631 1095 3699 suspicionem
1113 3631 1228 3697 inducit,
1246 3630 1382 3701 imprimis

202 3738 432 3793 considerandum
452 3748 502 3807 est,
522 3758 557 3792 an
577 3739 710 3809 coniuges
728 3739 891 3795 nullitatem
914 3740 1085 3794 matrimonii
1109 3744 1250 3810 exoptent,
1269 3756 1320 3795 nec
1337 3758 1382 3796 ne.

121 3860 124 3865 ·
201 3846 219 3907 ἓ
241 3844 315 3897 157.·
334 3863 349 3897 ‹
370 3842 472 3900 Omnes
490 3846 509 3899 ii
529 3846 563 3900 de
588 3847 688 3917 quibus
712 3846 922 3917 supponendum
946 3851 989 3902 est
1013 3847 1087 3918 qnod
1111 3847 1382 3900 circumstantiarum

201 3968 274 4025 quae
293 3954 323 4007 in
341 3952 483 4007 nullitatis
502 3954 692 4023 quaestionem
710 3953 846 4007 inflexum
866 3957 1008 4019 exercent,
1027 3954 1098 4009 bene
1116 3955 1196 4023 gnari
1214 3954 1279 4021 sint,
1297 3955 1382 4009 etiam

201 4067 269 4115 tunc
290 4060 379 4115 audiri
399 4060 501 4116 debent
520 4060 629 4131 quando
647 4077 703 4131 qua
721 4065 808 4117 testes
828 4062 983 4132 repellendi
1001 4064 1102 4127 forent,
1115 4062 1181 4133 quia
1197 4062 1384 4131 depositiones

201 4181 296 4220 eorum
318 4164 557 4233 praesumptiones
575 4163 701 4217 stabilire
720 4180 752 4217 ac
765 4164 839 4217 viam
862 4162 1044 4218 ulterioribus
1057 4164 1199 4219 recludere
1216 4169 1331 4233 possunt
1342 4165 1384 4219 di·

201 4270 418 4325 lucidationibus
431 4288 456 4325 ».
471 4268 529 4323 Hae
543 4270 774 4339 praescriptiones
787 4270 958 4341 respondent
970 4271 1137 4325 examussim
1150 4270 1299 4325 intentioni
1312 4273 1381 4326 iuris

200 4374 371 4428 communis:
391 4375 424 4427 cf.
445 4372 559 4427 Schulte
578 4373 658 4426 Proc.
678 4383 742 4427 iiiut.
762 4377 780 4439 g
800 4375 846 4427 51.
