3350 5117
368 259 432 325 608
890 282 974 330 raas
999 282 1021 328 1.

367 405 538 487 perierem,
563 404 589 468 si
613 405 838 490 interfuitque
856 405 1036 478 Praelatus,
1053 408 1097 471 uti
1122 408 1156 471 in
1180 406 1246 472 hac
1262 409 1336 493 ipsa
1353 407 1435 471 tacti
1455 409 1554 493 specie
1631 435 1633 470 ε

367 528 454 594 iubet
477 549 551 613 cap.
575 531 612 595 11
633 530 684 596 oe
706 534 830 615 appan.
854 532 892 596 a
915 532 939 596 c
964 532 1080 616 oris)
1103 539 1137 598 et
1159 532 1203 597 cc.
1227 502 1312 599 ese.
1340 533 1366 597 e
1389 539 1425 599 ee
1446 534 1488 599 15
1510 534 1554 599 ne

367 672 511 721 concess.
530 657 650 740 praee.
674 658 710 723 X
730 656 805 742 (ΙΙΙ,
831 657 875 742 8).

455 779 530 846 625.
555 782 789 868 Appellationis
812 782 975 868 explicata
1006 786 1131 856 naturt,
1155 782 1251 847 modo
1275 782 1467 851 videamus,
1491 787 1551 866 qui-

366 920 440 967 nam
463 905 527 969 sint
549 905 617 968 eius
639 899 783 971 effectus.
808 938 852 953 -·
875 903 958 977 Quia
980 905 1115 969 intentio
1137 906 1373 990 appellationis
1390 912 1444 971 est
1469 928 1490 971 a
1511 909 1551 971 iu-

366 1032 436 1097 dice
466 1032 634 1115 superiore
664 1032 843 1096 sententiae
873 1028 1021 1095 obtinere
1052 1030 1277 1095 rescissionem
1311 1036 1374 1095 aut
1408 1032 1552 1097 emenda·

366 1158 495 1236 tionem,
518 1153 581 1219 duo
605 1158 782 1237 sequuntur
805 1154 1030 1239 appellationis
1052 1150 1197 1219 effectus.

457 1276 487 1364 1)
512 1278 603 1342 Alius
619 1282 668 1342 est
686 1278 923 1360 ,suspensivum
942 1279 1103 1358 nimirum,
1118 1278 1289 1360 pendente
1304 1280 1551 1361 appellatione,

366 1402 568 1488 suspenditur
591 1404 640 1468 vis
661 1403 841 1467 sententiae
864 1407 897 1467 et
922 1401 1038 1468 iudicis
1065 1404 1290 1488 competentia,
1316 1404 1404 1468 adeo
1438 1412 1476 1469 ut
1504 1405 1553 1469 hic

365 1526 521 1611 prolatam
544 1526 734 1589 sententiam
759 1526 875 1608 exequi
899 1544 965 1590 non
983 1526 1099 1606 valeat,
1115 1545 1178 1591 nec
1200 1526 1322 1610 aliquid
1340 1529 1510 1592 innovare
1525 1531 1552 1590 in

252 1666 254 1671 ·
365 1671 401 1716 re
424 1650 562 1734 litigiosa
586 1655 704 1716 contro
728 1650 781 1715 ins
804 1650 1018 1733 appellantis.

453 1771 586 1853 Inquam
613 1770 820 1853 -pendente
851 1771 1080 1853 appellatione
1104 1790 1230 1854 -quae
1261 1770 1443 1856 pendentia
1476 1792 1551 1837 exo
1631 1775 1633 1780 '

368 1897 450 1963 citur
480 1897 586 1961 statim
616 1914 655 1959 ac
681 1896 897 1981 pronunciata
927 1901 976 1961 est
999 1898 1160 1962 sententia
1181 1896 1342 1961 iudicialis
1365 1896 1548 1963 definitiva.

363 2040 382 2084 a
409 2039 471 2103 qua
501 2024 606 2104 potest
635 2019 810 2105 appellari;
834 2024 914 2084 tunc
944 2020 1030 2084 enim
1059 2021 1172 2105 incipit
1202 2019 1387 2086 decurrere
1420 2028 1547 2105 tempus
1631 2045 1633 2058 ·

364 2144 508 2211 decendii
539 2150 690 2209 statutum
717 2142 757 2208 ad
784 2143 1028 2228 appellandum,
1051 2164 1114 2228 quo
1142 2143 1351 2222 decurrente,
1382 2144 1470 2215 nihil
1501 2162 1545 2207 est

362 2271 593 2345 innovandum
618 2269 791 2355 pendentia
819 2290 899 2334 vero
926 2272 1132 2354 prosequitur
1161 2290 1235 2336 cum
1267 2271 1417 2356 legitime
1449 2272 1545 2335 inter·
1631 2355 1633 2366 Ι

364 2401 493 2484 ponitur
520 2397 700 2481 appellatio.
729 2394 829 2465 cte.
857 2395 880 2460 7
905 2396 935 2460 h.
960 2403 981 2461 t.
1007 2397 1043 2462 in
1066 2398 1105 2468 6,
1137 2397 1201 2474 hoc
1230 2416 1395 2481 expresse
1426 2397 1541 2461 decer·
1631 2377 1633 2420 Ι

362 2541 452 2587 nens.

453 2648 489 2710 ln
513 2645 727 2731 appellatione
750 2664 828 2708 vero
852 2644 1089 2710 extraiudiciali
1114 2648 1222 2728 utpote
1246 2664 1331 2728 quae
1356 2650 1410 2709 est
1423 2664 1542 2727 proco

365 2772 450 2837 cotio
474 2770 521 2835 nd
547 2789 687 2837 cotesque
710 2788 766 2833 seu
790 2767 899 2833 iudicii
928 2768 1134 2838 introductio,
1158 2770 1294 2852 effectus
1321 2770 1541 2851 snspensieus
1631 2746 1633 2772 ¹

360 2903 450 2961 actus
466 2895 718 2962 extraiudieialis
741 2895 853 2978 incipit
875 2915 896 2958 a
918 2899 1078 2958 momento
1101 2913 1163 2976 quo
1179 2913 1276 2959 causa
1292 2892 1381 2978 apud
1402 2894 1540 2977 superio
1631 2929 1633 2994 ἰ

362 3044 430 3089 rem
455 3022 679 3089 introducitur.
705 3020 746 3085 Et
768 3025 845 3084 tunc
869 3017 967 3084 iudex
997 3018 1052 3082 dat
1078 3017 1322 3090 inhibitionem,
1347 3038 1392 3081 ne
1424 3015 1541 3101 aliquit
1631 2997 1633 3030 ³

361 3147 540 3213 innovetur,
559 3154 591 3209 et
615 3146 640 3208 si
665 3163 746 3227 quae
769 3143 892 3207 fuerint
914 3144 1076 3213 innovata,
1094 3141 1126 3204 in
1150 3142 1322 3225 pristinum
1346 3146 1467 3203 statum
1492 3158 1541 3202 re
1631 3133 1633 3146 ²

360 3288 477 3333 vocare
500 3268 596 3333 valet.
623 3267 670 3332 Oi.
688 3266 728 3331 cl.
753 3268 845 3332 Santi
870 3265 901 3330 h.
919 3270 940 3330 t.
956 3285 990 3329 n.
1007 3264 1041 3338 3,
1066 3269 1099 3329 et
1123 3261 1289 3328 Reiffenst.
1308 3263 1341 3326 lt.
1360 3269 1383 3327 t.
1400 3284 1438 3328 n.
1454 3262 1540 3328 207.

361 3391 432 3472 Sed,
449 3391 608 3477 pendente
631 3390 854 3476 appellatione,
872 3390 970 3456 iudex
991 3409 1014 3454 a
1029 3408 1096 3474 qao
1112 3387 1296 3473 appellatur
1313 3388 1358 3452 uti
1375 3408 1435 3451 sua
1449 3392 1541 3471 pote
1631 3457 1633 3466 ¹

360 3519 442 3581 state
466 3533 529 3578 non
552 3515 638 3579 valet
661 3514 780 3597 aliquid
803 3513 1001 3580 innovando
1025 3518 1145 3579 contro
1168 3511 1221 3576 ins
1243 3509 1465 3593 appellantis.
1493 3509 1541 3571 ln·
1631 3525 1633 3620 p

360 3661 454 3725 quam
472 3646 625 3709 -contra
648 3641 702 3707 ins
724 3640 931 3725 appellantis
947 3676 965 3689 -
985 3661 1059 3705 nam
1082 3638 1238 3703 nonnulla
1260 3638 1377 3703 iudicis
1399 3648 1475 3703 acta
1502 3636 1540 3699 ai
1631 3631 1633 3712 ῥ

360 3764 590 3850 expediendam
618 3766 866 3851 appellationem
893 3750 1051 3848 ordin'ata,
1074 3764 1175 3830 veluti
1197 3765 1240 3829 ad
1263 3764 1404 3828 iudicem
1432 3763 1540 3849 appel·
1631 3833 1633 3872 ἓ

359 3889 487 3952 lationis
516 3888 737 3953 instruendum
768 3888 807 3953 de
832 3890 950 3953 merito
973 3907 1107 3960 causae,
1130 3885 1171 3951 ad
1195 3907 1265 3952 rem
1288 3887 1465 3971 litigiosam
1494 3906 1539 3948 se
1631 3879 1633 3894 '

360 4018 490 4096 questro
510 4014 699 4097 ponendam,
716 4032 757 4079 ue
781 4014 939 4078 iacturam
962 4012 1070 4093 iaciat,
1087 4018 1120 4076 et
1134 4012 1200 4075 alia
1222 4010 1254 4075 id
1276 4030 1378 4097 genus
1405 4022 1538 4095 per-acts

360 4135 472 4200 adius
502 4136 729 4219 appellantium
755 4134 1014 4208 custodiendum,
1038 4153 1115 4199 saue
1143 4154 1208 4197 non
1231 4132 1447 4219 prohibentur
1482 4132 1538 4195 su'o

359 4262 432 4347 lege
454 4267 693 4327 attentaturum.
719 4260 767 4325 Gt.
795 4258 1005 4326 Reiffeustuel
1029 4261 1060 4324 h.
1085 4266 1106 4325 t.
1130 4280 1166 4327 n.
1190 4260 1276 4325 220.

449 4385 492 4450 Vi
516 4384 738 4469 appellationis
761 4404 840 4449 vero
864 4384 1057 4469 intelligitur
1086 4384 1240 4470 suspendi
1270 4380 1379 4447 iudicis
1409 4401 1533 4466 compe
