3350 5117
515 322 559 369 aa
584 320 723 369 runicus
746 320 1011 369 ecciesiasrrcrs
1296 302 1356 368 161

180 448 318 509 curator
341 443 528 511 adsertam
559 445 740 512 iudicialem
772 446 957 513 instantiam
985 446 1186 517 constitutus,
1209 444 1362 531 prosequi

179 582 247 627 nou
264 562 353 629 valet
375 564 634 650 appellationem,
648 583 731 648 quae
747 563 834 629 aliud
853 564 1078 651 complectitur
1094 564 1263 629 iudicium:
1285 582 1361 651 arp.

179 706 258 771 cap.
283 687 338 763 14,
362 688 412 755 De
430 694 608 771 procurat.
632 688 700 753 XX
719 686 758 773 (Ι,
779 688 845 775 38).

178 996 204 1077 ,ξ
228 994 262 1060 2.
279 994 437 1099 Qm
456 998 703 1091 procuratores
718 995 921 1091 constituere
929 1017 942 1078 ,·
958 997 1100 1091 patriam
1116 996 1273 1063 constitui
1282 1016 1364 1081 pos·

272 1117 362 1215 siam
384 1122 416 1183 et
438 1119 608 1208 quomodo
631 1118 834 1183 mandatam
853 1118 1136 1201 procuratorium
1158 1124 1269 1185 cesset.

182 1358 460 1418 summarium-
480 1362 538 1417 129.
561 1362 670 1429 Orines,
691 1382 747 1419 nora
761 1364 906 1437 prohibiti,
921 1376 1039 1435 possunt
1054 1375 1256 1435 procuratores
1268 1367 1366 1419 consti·

276 1478 367 1524 tuere.
387 1498 422 1511 -
444 1468 502 1524 130.
526 1470 634 1537 Orines,
653 1488 709 1525 ucri
725 1472 868 1542 prohibiti,
886 1480 1004 1541 possunt
1022 1488 1083 1526 asse
1103 1482 1313 1542 procuratores.
1330 1500 1367 1515 -

281 1575 340 1629 131.
360 1576 400 1631 De
419 1578 507 1632 modis
525 1578 627 1648 quibus
645 1582 736 1633 cessat
754 1578 915 1633 maridatum
934 1580 1163 1648 procuratorium.

282 1808 357 1875 129.
378 1808 552 1875 Declarata
567 1816 685 1877 natura
700 1817 732 1877 et
748 1808 866 1919 ellectu
881 1810 1021 1876 mandati
1038 1812 1265 1897 procuratori,
1281 1832 1367 1877 nunc

189 1932 324 1999 facilior
350 1934 432 2001 haec
465 1935 572 2001 evadit
601 1936 777 2021 inquisitio,
809 1956 924 2022 nempe
955 1937 1098 2021 quinam
1124 1943 1369 2020 procuratores

182 2060 403 2143 constituam
426 2066 458 2127 et
479 2061 621 2145 quinam
645 2061 801 2129 coristitui
820 2062 962 2143 possint.

280 2182 392 2258 Quoad
409 2186 544 2270 primam
561 2186 781 2269 quaestionem
798 2183 1066 2270 respondendum,
1082 2203 1232 2273 «piures
1247 2184 1369 2250 cousti-

183 2316 287 2407 ·tuere
306 2329 409 2398 posse
422 2315 675 2411 prpp-uratores,
686 2310 748 2407 qui
763 2329 833 2375 uon
848 2309 1072 2393 reperiuntur
1082 2309 1247 2391 prohibiti
1262 2330 1292 2373 ιι.
1312 2310 1371 2373 Est

191 2436 279 2499 enim
292 2454 394 2519 usqne
406 2433 567 2499 seruanda
578 2436 658 2501 iuris
670 2435 784 2521 regula
800 2434 862 2513 (68
876 2436 943 2499 iur.
956 2434 994 2499 in
1010 2434 1047 2515 6)
1067 2439 1207 2516 «potest
1221 2435 1298 2519 quia
1303 2454 1371 2518 per

189 2555 301 2620 atium
325 2554 419 2639 quod
436 2559 549 2637 potest
569 2554 686 2637 socero
703 2574 771 2638 per
794 2554 944 2637 seipsum
961 2574 992 2617 ι.
1018 2552 1179 2627 Quocirca
1202 2553 1242 2617 de
1264 2554 1371 2637 aliqua

189 2701 228 2745 re
249 2682 302 2765 qui
321 2679 519 2745 contrahere
542 2679 662 2753 valent,
680 2680 719 2745 de
736 2680 848 2745 eadem
864 2700 924 2765 per
938 2686 1184 2763 procuratorem
1199 2680 1371 2766 disponere

189 2810 335 2891 possunt.
362 2806 399 2868 ln
425 2826 461 2869 re
486 2811 609 2886 nostra,
633 2804 674 2870 ad
698 2806 771 2871 lites
794 2811 1025 2891 procuratores
1048 2806 1164 2870 constit
1165 2826 1244 2869 uere
1265 2806 1372 2891 prohi-

190 2928 311 2994 beatur
334 2929 388 3011 qui
410 2948 523 3025 rerum
547 2950 678 3021 suarum
709 2934 764 2993 aut
795 2929 976 2997 alienarum
1006 2927 1140 2992 liberam
1171 2928 1372 2994 administra

191 3020 315 3119 tionem
339 3074 404 3118 non
428 3054 566 3129 habent;
536 3059 641 3120 tseu
655 3054 832 3140 legitimam
849 3074 913 3118 non
930 3054 1051 3119 habent
1037 3060 1246 3138 tpersonam
1268 3054 1371 3119 standi

190 3178 226 3241 in
248 3176 377 3242 iudicio.
403 3138 512 3251 Quare

285 3301 316 3383 l)
342 3300 464 3399 pupilli,
489 3303 632 3367 minores
655 3306 794 3366 tutorem
818 3301 872 3364 vel
896 3304 1081 3364 curatorem
1107 3300 1280 3375 habentes;
1304 3297 1374 3399 filii·

192 3422 374 3487 familias
353 3442 418 3523 [¹1.
430 3420 521 3486 bonis
543 3424 645 3509 patris
668 3422 941 3487 administrationi
956 3420 1088 3486 subiect
1067 3428 1108 3486 tis
1124 3417 1187 3505 (l);
1203 3420 1236 3484 hi
1252 3439 1373 3492 omnes

190 3512 311 3529 ut

190 3549 396 3634 respective,
422 3547 508 3612 vel
500 3567 533 3612 m
557 3552 663 3612 tumre
686 3548 770 3612 vel
763 3568 796 3611 ιιι
820 3552 972 3612 curatore
1000 3546 1084 3611 rel'
1076 3566 1109 3610 ιιι
1132 3552 1226 3631 patre
1252 3544 1374 3610 habent

282 3797 323 3869 (l)
345 3796 417 3849 Nam
435 3794 610 3849 filiifamilias
626 3796 656 3849 iu
675 3796 755 3849 bonis
775 3796 832 3849 suis
852 3796 1039 3851 castrensibus
1058 3800 1265 3865 procuratorem
1286 3793 1374 3849 libere

193 3902 380 3967 constituunt,
400 3897 444 3953 rel
463 3898 515 3968 ipsi
538 3899 628 3971 quoad
654 3898 747 3954 aliena
765 3900 880 3969 negotia
906 3902 1052 3953 iudicialis
1077 3899 1122 3953 vel
1147 3899 1375 3953 eatrciiudiciolia

192 4010 391 4076 procuratores
416 4006 549 4059 constitui
575 4010 698 4075 possunt,
724 4005 810 4059 ctiam
830 4004 919 4059 invito
938 4010 1032 4074 patre:
1052 4003 1153 4058 nullibi
1172 4004 1248 4059 enim
1266 4001 1295 4056 in
1313 4004 1374 4057 iure

192 4106 379 4179 prohibentur
397 4109 432 4162 ab
451 4106 504 4162 boc
523 4124 651 4163 munere:
665 4110 699 4161 cl.
714 4126 736 4162 c.
750 4126 772 4162 c.
787 4108 830 4175 14,
844 4110 869 4160 b.
883 4118 901 4161 t.
917 4108 960 4161 X:
980 4113 1009 4161 et
1023 4110 1054 4173 5,
1072 4108 1098 4160 li.
1114 4116 1131 4158 t.
1150 4109 1179 4160 in
1200 4107 1228 4173 o,
1248 4111 1276 4161 et
1295 4104 1374 4159 Reis-

192 4214 315 4270 fcustuel
334 4218 361 4269 b.
380 4226 399 4268 t.
418 4234 445 4268 n.
464 4216 515 4268 44.
527 4244 563 4256 —
576 4214 612 4269 Et
630 4216 653 4268 si
670 4215 768 4280 minor,
781 4218 879 4269 contra
898 4216 1100 4284 praescriptum
1113 4214 1193 4284 legis,
1207 4215 1259 4267 sibi
1273 4214 1376 4268 consti·

192 4328 257 4379 tuat
279 4327 489 4394 procuratorem
510 4327 539 4379 et
559 4323 612 4377 iste
631 4323 731 4378 minori
748 4323 892 4376 mandanti
911 4323 1080 4377 sententiam
1098 4322 1251 4377 obtinuerit
1269 4322 1376 4374 favora-

194 4431 291 4496 bilem,
311 4428 381 4485 haec
401 4431 441 4483 uti
462 4430 555 4484 valida
573 4429 700 4485 habenda
714 4430 781 4484 erit:
794 4446 874 4484 secus
886 4430 908 4482 si
923 4431 1064 4483 contraria
1082 4430 1157 4485 edita
1172 4429 1209 4482 sit
1227 4426 1374 4483 sententia

342 4536 402 4589 Soc.
423 4536 509 4605 Lapa.
827 4528 829 4535 ’
1236 4534 1265 4589 ll
