3350 5117
820 662 935 730 Garun
959 663 1002 728 lI.

572 870 619 924 DE
638 871 856 927 AC'l'lONlBUS
876 871 1041 926 PRODITIS
1060 871 1109 926 Ab
1127 869 1247 926 ACTUS

453 976 526 1030 VEL
546 976 689 1032 NULLOS
709 975 974 1032 bnccnunubos
994 975 1066 1032 VEL
1086 976 1202 1032 MINUS
1221 975 1366 1038 AEQUOS

430 1083 480 1138 Ab
498 1081 740 1144 AEQUITATEM
762 1071 1003 1138 REDUCEND'OS
1023 1083 1095 1140 VEL
1114 1083 1392 1140 RESCINDENDOS.

539 1244 588 1285 unc
603 1243 709 1286 feroran«.
724 1245 768 1287 ru.
780 1242 814 1297 tc,
828 1244 864 1298 u,
879 1242 913 1298 rs,
929 1244 977 1287 niu.
994 1245 1012 1298 1,
1028 1245 1050 1288 x
1064 1250 1088 1288 er
1102 1244 1135 1298 u,
1151 1245 1199 1290 rra.
1209 1245 1240 1298 11,
1254 1245 1285 1287 x.

323 1438 538 1495 summarium„
556 1468 593 1481 -
611 1440 671 1494 249.
693 1441 858 1495 Declaratur
878 1441 951 1495 ratio
970 1446 999 1496 et
1017 1442 1156 1497 obiectum
1176 1441 1273 1496 barum
1296 1442 1446 1496 actionum.
1463 1469 1505 1482 -

411 1543 472 1596 250.
493 1542 657 1598 Declaratur
680 1547 782 1597 natura
807 1544 926 1598 actionis
952 1544 1098 1599 nullitatis.
1116 1573 1154 1587 -
1170 1545 1232 1602 251.
1253 1543 1360 1598 Dantur
1385 1543 1503 1612 regulae

410 1667 460 1721 pro
478 1651 646 1706 dimetiendo
666 1649 761 1706 valore
781 1655 895 1706 actuum
908 1651 1081 1706 iudicialium
1099 1657 1129 1706 et
1147 1651 1212 1706 hinc
1224 1652 1407 1721 designantur
1419 1667 1504 1704 casus

410 1763 439 1814 et
457 1760 540 1825 modi,
558 1761 659 1832 quibus
678 1761 867 1831 interponitur
885 1765 956 1816 actio
975 1763 1123 1816 nullitatia.

410 1975 486 2040 249.
510 1976 674 2056 Actiones,
690 1974 731 2040 de
750 1975 865 2059 quibus
890 1974 982 2041 modo
998 1975 1229 2062 dispiciendum
1253 1981 1314 2050 est,
1331 1975 1503 2041 ordinatae

320 2097 458 2163 suntad
481 2097 724 2184 impediendum,
753 2118 816 2183 quo
840 2100 946 2164 minus
971 2120 1013 2164 ex
1036 2099 1160 2168 actibus
1183 2101 1378 2167 nostrisve]
1402 2101 1503 2165 nullis

320 2221 374 2286 vel
396 2222 501 2287 minus
524 2221 688 2308 perfectis,
713 2221 785 2288 aliis
809 2224 882 2288 iura
905 2225 1080 2310 gignantur
1103 2225 1136 2290 in
1160 2231 1305 2291 nostrum
1336 2224 1502 2312 praeiudi-

321 2347 415 2412 cium.
441 2347 570 2411 Revera
585 2351 687 2428 actus‚
703 2351 815 2433 utputa
838 2353 1024 2414 contractus
1042 2349 1246 2424 venditionis,
1263 2356 1312 2416 est
1326 2348 1502 2434 aliquando

314 2473 428 2538 nullus
443 2473 483 2538 ob
499 2473 659 2539 defectum
676 2493 862 2549 consensus,
877 2475 929 2540 vel
946 2477 973 2540 si
990 2476 1096 2542 nullus
1111 2495 1175 2540 non
1192 2481 1250 2558 est,
1267 2481 1375 2541 tamen
1391 2477 1502 2560 aliquo

318 2599 446 2664 laborat
469 2597 607 2669 defectu,
623 2599 723 2664 veluti
746 2601 880 2683 erroris,
897 2601 971 2674 doli,
989 2605 1100 2674 metus,
1125 2602 1212 2667 unde
1235 2603 1377 2686 iniquum
1403 2609 1499 2678 esset,

319 2725 359 2805 ei,
380 2724 434 2808 qui
456 2721 574 2788 exinde
592 2721 747 2788 damnum
773 2725 905 2809 patitur,
930 2745 995 2790 non
1023 2745 1218 2791 succurrere
1242 2746 1302 2812 per
1331 2728 1501 2794 cetimum
1536 2767 1540 2774 ·

318 2849 493 2924 uutlituttr,
510 2847 550 2912 ad
573 2847 857 2914 demonstrandum
882 2857 989 2915 actum
1005 2850 1129 2915 nullum
1146 2871 1227 2924 esse,
1244 2856 1300 2916 aut
1321 2871 1382 2936 per
1402 2852 1499 2917 aliam

319 2974 478 3040 actionem
500 2971 673 3036 adactum
703 2973 814 3039 taliter
846 2974 1071 3059 imperfectum
1095 2974 1147 3040 vel
1173 2975 1420 3042 rescindendum
1444 2977 1499 3041 vel

319 3094 557 3181 corrigendum,
580 3096 687 3180 prouti
711 3097 855 3178 aequitas
878 3096 1027 3180 postulat

408 3219 484 3286 250.
510 3221 556 3283 De
580 3220 656 3283 vitio
672 3219 736 3284 doli
759 3223 793 3285 et
816 3224 919 3287 metus
941 3228 975 3285 et
998 3219 1037 3286 de
1060 3221 1238 3288 actionibus
1259 3227 1316 3288 aut
1336 3225 1501 3309 exceptic

319 3345 413 3409 nibus
436 3343 509 3409 inde
533 3344 667 3429 proditis
681 3344 768 3408 inira
783 3343 937 3418 dicemus,
956 3346 1032 3412 item
1056 3346 1095 3411 de
1118 3345 1260 3412 remedio
1276 3347 1500 3414 restitutionis

319 3469 357 3535 in
378 3469 559 3554 iutcyrum.
577 3470 769 3534 -Interea
791 3468 912 3553 aliquid
936 3470 1106 3537 innucmus
1130 3470 1170 3536 de
1193 3470 1324 3553 actione
1339 3492 1397 3537 seu
1420 3489 1499 3557 que·

318 3592 393 3659 reta
415 3592 590 3658 nullitatis.
642 3565 692 3580 .-
1367 3581 1368 3584 ¹

408 3716 500 3783 Haec
530 3718 682 3802 competit
704 3717 744 3782 ad
768 3717 975 3783 obtinendam
999 3723 1095 3785 actus
1121 3719 1209 3786 nulli
1232 3717 1497 3804 declarationem,

318 3842 386 3907 sive
409 3847 500 3907 actus
523 3843 565 3907 sit
587 3842 745 3908 iudicialis
770 3843 839 3906 sive
864 3841 1127 3910 extraiudicialis.
1153 3880 1196 3894 -
1220 3847 1321 3912 Actus
1344 3866 1424 3912 vero
1448 3854 1499 3913 est

318 3966 393 4033 iure
415 3965 569 4032 naturali
591 3967 706 4040 nullus,
723 3966 850 4050 quando
869 3967 952 4032 desit
974 3968 1103 4052 aliquod
1125 3969 1335 4036 substantiale
1358 3972 1498 4044 elemen-

318 4093 395 4161 tum,
412 4089 511 4154 veluti
527 4090 552 4153 si
574 4109 670 4154 error
691 4089 837 4156 adfuerit
861 4091 964 4175 quoad
988 4090 1198 4156 substantiam
1222 4097 1323 4158 actus.
1341 4093 1399 4160 Est
1422 4095 1498 4159 nul·

319 4211 370 4276 lus
391 4233 434 4277 ex
457 4212 533 4278 iure
550 4213 706 4295 positivo,
731 4215 758 4280 si
790 4219 903 4279 carcat
934 4235 972 4279 ee
1002 4216 1119 4289 torma,
1143 4236 1163 4280 a
1191 4216 1266 4301 lege
1296 4221 1499 4304 praescripta

319 4331 359 4397 ad
383 4332 534 4398 calorem
557 4339 662 4400 acute.
681 4335 806 4401 -Nos
829 4334 950 4420 aliquid
973 4337 1111 4402 innuere
1134 4335 1286 4402 debemus
1309 4335 1350 4402 de
1373 4337 1498 4404 actibus

318 4457 527 4524 iudicialibus.
