3350 5117
528 332 571 379 nu
596 331 734 379 memus
757 332 1022 380 scoresmsrrcrs
1306 314 1372 381 467

195 458 272 522 inre
300 454 468 537 faciendis
491 474 547 519 seu
571 456 603 518 in
627 456 731 539 primo
754 454 862 518 iudicii
894 454 1007 526 stadio,
1031 457 1087 520 lite
1119 456 1261 521 nondum
1291 476 1369 521 cou-

196 581 326 642 testata.

196 760 198 763 .
287 704 361 767 443.
387 702 448 768 Sed
465 701 674 769 confessionis
691 722 767 766 usus
790 704 822 765 iu
847 700 972 766 iudiciis
987 704 1131 777 invaluit,
1148 706 1223 788 quia
1238 705 1294 769 ille
1318 706 1370 769 cui

196 827 353 913 probandi
377 836 458 891 onus
482 826 645 907 incumbit,
670 826 710 891 ab
733 825 923 891 adversario
938 826 1172 893 consessionem
1187 830 1376 915 exprimere

193 953 311 1034 studet,
336 952 483 1017 eumdem
515 951 749 1037 interpellando
773 956 808 1016 ut
830 950 960 1034 aliquod
984 951 1104 1017 iactum
1133 960 1301 1018 asseveret
1323 953 1376 1019 vel

198 1077 281 1143 idem
305 1082 410 1162 neget.
428 1076 643 1150 Quamobrem
668 1077 716 1139 ius
738 1077 930 1139 canonicum
954 1077 1189 1141 consultissime
1205 1078 1374 1160 quemdam

197 1200 344 1265 adhibuit
365 1200 502 1279 modum,
516 1206 551 1263 ut
573 1199 845 1283 interrogationes
868 1198 962 1263 utiles
985 1198 1174 1272 evaderent,
1198 1220 1256 1265 suo
1279 1221 1377 1287 scopo

197 1326 343 1411 apprime
367 1324 607 1410 respondentes.
633 1323 793 1389 Videlicet
808 1324 843 1387 iu
858 1323 930 1387 foro
947 1344 1013 1389 ecc.
1034 1325 1223 1409 iampridem
1245 1325 1372 1391 adhibi-

195 1456 250 1516 tae
266 1457 341 1517 suut
353 1450 545 1533 positiones
562 1450 667 1534 prouti
692 1449 862 1514 innuimus.
888 1484 931 1497 -
955 1448 1005 1513 Ad
1029 1450 1226 1535 propositum
1246 1450 1372 1531 positio

197 1578 248 1638 est
270 1592 352 1659 pura
375 1578 407 1639 et
429 1572 529 1637 nitida
551 1572 702 1657 allegatio
718 1572 854 1636 alicuius
871 1572 947 1638 facti
966 1572 1006 1635 ad
1022 1592 1152 1638 causam
1168 1576 1372 1659 pertinentis,

198 1701 232 1763 in
256 1700 383 1785 scriptis
407 1704 439 1762 et
462 1696 520 1763 sub
544 1699 714 1769 iuramenti
731 1695 794 1762 fide
809 1696 954 1762 exhibita
969 1695 1013 1784 (si
1028 1700 1091 1765 boc
1104 1700 1212 1767 iudea
1227 1708 1287 1767 aut
1303 1702 1374 1768 otio

195 1842 284 1905 pars
306 1823 431 1909 eaipot,
448 1824 540 1907 quod
562 1841 632 1887 non
655 1824 737 1888 solet
758 1821 987 1910 frequentari)
1010 1824 1051 1889 ad
1075 1824 1162 1890 bunc
1177 1837 1323 1910 scopum,
1340 1831 1377 1891 ut

198 1949 227 2011 si
249 1948 370 2014 factum
394 1947 434 2011 ab
458 1967 522 2011 una
544 1947 718 2032 allegatum
742 1946 782 2009 ab
805 1947 909 2011 altera
930 1953 1022 2033 parte
1037 1950 1234 2025 admittatur,
1252 1952 1316 2015 iam
1339 1956 1375 2016 ut

198 2069 294 2153 plene
318 2070 485 2155 probatum
509 2069 676 2135 habeatur.
702 2068 727 2131 F
729 2070 854 2133 ormula
878 2071 1069 2155 positionum
1094 2071 1176 2136 baec
1199 2076 1265 2137 est:
1286 2073 1370 2139 Dico

197 2200 232 2259 et
254 2213 408 2261 assevero
432 2214 486 2261 ene
510 2194 568 2259 tibi
591 2195 685 2261 titulo
708 2194 818 2259 mittut
842 2196 974 2261 dedisse
999 2201 1142 2261 centum.

291 2320 433 2403 Utraque
456 2340 531 2404 pars
556 2317 726 2385 efformare
749 2321 836 2384 valet
859 2320 1038 2385 huiusmodi
1063 2321 1236 2405 positiones
1266 2342 1375 2407 respe

199 2449 286 2513 ctive
309 2448 404 2511 alteri
428 2448 511 2531 parti
539 2446 746 2520 exhibendas,
772 2468 831 2531 pro
863 2467 1007 2533 congrua
1038 2450 1209 2532 negatione
1239 2454 1296 2516 aut
1328 2450 1379 2515 af-

201 2570 392 2635 firmatione.
418 2570 500 2643 Quia
531 2570 644 2655 positio
677 2590 773 2635 uuum
805 2576 928 2635 tantum
958 2571 1079 2636 factum
1103 2572 1238 2657 vattingit
1261 2578 1293 2639 et
1316 2575 1375 2641 sub

202 2714 357 2779 expressa
390 2691 603 2758 affirmatione
637 2698 693 2758 aut
728 2696 908 2778 negatione,
932 2696 1110 2778 periculum
1145 2698 1248 2782 magis
1278 2704 1372 2767 arcet

199 2821 364 2905 captiosae
394 2819 656 2903 interrogationis
686 2824 718 2884 et
744 2819 903 2883 obscurae
933 2823 1138 2903 quaestionis.
1162 2823 1378 2891 Nihilominus

203 2947 290 3026 patet
312 2942 345 3006 in
369 2941 575 3025 positionibus
597 2940 727 3007 subesse
750 2946 1030 3029 interrogationes,
1044 2948 1077 3008 et
1096 2945 1173 3009 binc
1189 2946 1295 3019 iudex,
1309 2966 1376 3012 ser-

203 3070 277 3129 rata
304 3066 494 3150 positionum
518 3066 703 3146 intentione,
728 3085 787 3151 per
810 3066 972 3152 simplices
1002 3069 1273 3154 interrogationes
1296 3092 1374 3137 con-

201 3192 351 3255 fessionis
374 3190 594 3275 probationem
619 3193 791 3275 exquirere
808 3193 903 3275 valet,
921 3195 966 3260 uti
991 3202 1103 3280 aperte
1118 3196 1319 3282 significatur
1342 3202 1378 3265 in

201 3332 277 3396 cap.
302 3314 328 3377 2
351 3314 381 3377 b.
399 3319 419 3377 l.
437 3314 474 3377 io
497 3313 652 3398 6(11‚9),
677 3316 738 3378 boc
762 3316 977 3381 decernente:
1005 3338 1021 3379 e<
1040 3319 1072 3383 Si
1097 3326 1166 3403 post
1182 3323 1372 3404 praestitum

203 3436 350 3499 veritatis
373 3440 429 3499 aut
452 3436 630 3500 calumniae
655 3438 868 3501 iuramentum
886 3458 961 3503 reus
984 3440 1036 3503 vel
1060 3450 1254 3525 procurator
1268 3445 1378 3527 ipsius,

202 3558 411 3643 positionibus
434 3560 473 3622 ab
505 3558 692 3624 adversario
716 3559 901 3632 sibilastis,
927 3563 1146 3648 interrogatus
1170 3567 1337 3649 iussusque
1360 3590 1381 3635 a

203 3681 319 3757 iudice,
344 3682 539 3766 respondere
571 3682 689 3766 absque
713 3683 895 3747 rationabili
927 3705 1026 3751 causa
1055 3694 1192 3769 recuset,
1217 3698 1273 3757 aut
1301 3694 1383 3759 nolit

205 3827 261 3871 seu
286 3808 519 3873 contumaciter
542 3826 576 3871 se
593 3807 748 3881 absentet,
767 3808 881 3873 baberi
904 3809 999 3875 debet
1015 3833 1112 3897 super
1128 3814 1187 3887 bis,
1205 3815 1245 3879 de
1268 3818 1382 3901 quibus

204 3933 239 3997 in
266 3932 420 3998 eiusmodi
450 3932 657 4017 positionibus
686 3935 906 4018 interrogatus
937 3938 1058 4010 extitit,
1091 3958 1150 4022 pro
1183 3941 1331 4007 confesso
1348 3966 1380 4010 ›.

206 4056 394 4122 Huiusmodi
418 4078 493 4122 usus
517 4058 705 4141 positionum
730 4058 879 4123 laudatur
901 4080 922 4123 a
945 4061 1043 4130 clem.
1062 4062 1093 4127 V
1109 4065 1142 4160 iu
1161 4065 1270 4130 Cobet.
1287 4067 1379 4134 inter

208 4182 522 4248 consuevere.
539 4183 600 4269 sig.
617 4185 732 4248 aiente:
752 4204 769 4247 e
787 4184 830 4249 Et
853 4186 927 4268 quia
943 4189 1117 4270 positiones
1139 4189 1179 4254 ad
1204 4191 1383 4259 faciliorem

205 4302 442 4387 expeditionem
465 4304 566 4369 litium
591 4311 723 4391 propter
747 4308 886 4390 partium
910 4310 1147 4375 confessionem
1171 4318 1204 4377 et
1227 4314 1383 4380 articulos

202 4422 247 4487 ad
270 4421 441 4489 clariorem
474 4423 695 4509 probationem
726 4448 800 4492 usus
830 4428 1010 4514 longaevus
1040 4432 1182 4509 admisit;
1208 4454 1266 4500 nos
1290 4456 1383 4502 usum
