3350 5117
519 348 563 394 ns
587 347 725 395 romeus
750 347 1017 396 sconnsnisrrcrs
1290 329 1353 394 371

174 474 394 558 permanserit
416 471 471 558 (1).
498 473 569 538 Hoc
589 479 754 558 receptum
779 473 838 538 fuit
870 475 941 539 iure
964 493 1048 554 can,
1073 472 1160 538 facta
1187 470 1356 538 dumtaxat

170 601 368 685 exceptione
391 619 449 684 pro
474 600 577 665 causis
593 598 893 679 matrimonialibus,
912 598 1038 684 qnando
1063 597 1179 664 mulier
1201 600 1354 682 separata

173 730 229 790 est
252 745 273 790 a
293 727 366 790 viro
396 724 499 809 quoad
530 725 635 790 forum
660 729 693 790 et
718 722 989 790 cohabitationem
1019 723 1072 788 vel
1102 724 1155 787 vir
1186 722 1356 788 mulierem

175 849 336 914 malitiose
359 848 548 914 deseruerit.
566 849 674 914 Tune:
694 869 712 912 s
731 846 850 914 Priori
873 867 956 914 casu
972 845 1030 932 (ait
1046 849 1123 913 lust.
1149 847 1242 914 Aust.
1262 845 1357 934 590)

170 973 339 1060 quaelibet
362 993 438 1058 pars
462 975 510 1039 ius
533 973 704 1038 accusandi
731 981 847 1039 contra
870 972 1010 1038 alteram
1038 977 1164 1058 partem
1194 971 1255 1057 ipsi
1279 989 1367 1036 eom.

173 1099 291 1180 petens
320 1115 430 1160 coram
463 1097 619 1181 Episcopo
637 1095 801 1177 dioecesis,
829 1095 882 1160 nbi
908 1096 992 1160 baec
1015 1093 1211 1160 domicilium
1243 1091 1360 1180 hahet,

168 1235 337 1282 exercere
367 1217 470 1282 debet.
495 1217 682 1284 Posteriori
705 1235 787 1284 cusu
810 1237 896 1282 uror
925 1191 1008 1301 apul
1041 1217 1236 1301 Episcopum
1264 1216 1357 1282 intra

170 1343 271 1408 ouius
292 1342 464 1408 dioecesim
487 1343 555 1406 eius
578 1339 771 1406 domicilium
795 1342 890 1407 situm
915 1346 973 1422 est,
1004 1343 1166 1405 sotionem
1190 1341 1362 1405 instituere

175 1471 286 1550 potest
308 1487 337 1529 ›.
363 1464 435 1530 Hoc
457 1463 626 1530 confirmat
649 1463 680 1530 St
698 1465 732 1532 Ο.
751 1465 797 1529 De
820 1461 917 1550 Prop.
936 1463 1014 1530 Fide
1031 1466 1084 1529 cit.
1104 1465 1182 1529 lnst.
1200 1483 1252 1527 an.
1273 1461 1360 1528 1883

172 1591 260 1675 §2-

271 1713 303 1798 2)
321 1713 502 1798 Religiosus
525 1715 558 1778 in
580 1715 652 1780 loco
675 1714 863 1780 monasterii
887 1715 939 1779 cui
962 1713 1144 1797 adscriptus
1170 1717 1228 1784 est.
1259 1711 1363 1777 domi·

172 1836 290 1901 cilium
322 1835 428 1916 habet,
453 1836 535 1920 quod
560 1838 678 1901 retinet
701 1833 851 1920 quamdiu
874 1835 915 1900 ad
943 1834 1029 1899 aliud
1052 1833 1282 1898 monasterium
1304 1851 1364 1895 vo·

173 1961 304 2026 luntete
327 1962 503 2046 superioris
527 1981 590 2025 non
613 1960 843 2026 transferatur.
870 1959 1016 2044 Pirhing.
1043 1959 1073 2023 b.
1100 1963 1121 2024 t.
1144 1979 1179 2023 n.
1195 1959 1250 2022 17.

272 2084 305 2166 3)
328 2083 474 2150 Clericus
495 2085 619 2148 ratione
642 2081 789 2149 beneficii
810 2084 916 2148 forum
936 2083 1051 2168 fictum
1075 2083 1222 2146 sortitur.
1240 2081 1363 2146 Tamen

178 2226 235 2272 res
260 2213 333 2293 eget
348 2207 560 2274 distinctione.
579 2209 658 2272 Nam
683 2211 708 2272 si
725 2205 916 2273 beneficium
939 2205 1019 2271 illud
1040 2205 1247 2271 residentiam
1264 2223 1364 2290 expo·

174 2331 278 2396 stulat
310 2337 349 2396 et·
373 2333 511 2396 clericus
541 2331 758 2396 aresidentia
789 2332 1059 2416 dispensationem
1091 2329 1267 2395 obtinuerit
1298 2327 1358 2413 (2),

154 2442 349 2524 ‘conveniri
374 2459 406 2522 in
431 2460 501 2524 loco
525 2457 671 2524 beneficii
696 2466 807 2544 potest,
822 2460 918 2523 etiam
943 2458 1046 2543 quoad
1060 2477 1109 2532 ,ea
1132 2477 1215 2541 quae
1237 2454 1358 2521 benefl·

174 2585 268 2648 cium
288 2603 352 2646 non
377 2589 597 2659 concernunt;
621 2587 647 2649 si
671 2604 751 2650 vero
774 2581 965 2649 beneficium
989 2603 1053 2648 non
1077 2584 1119 2647 sit
1143 2583 1362 2665 residentiale,

175 2709 376 2772 convenitur
398 2713 522 2772 tantum
544 2709 577 2772 in
601 2709 706 2773 causis
729 2705 920 2772 beneficium
947 2706 1204 2792 respicientibus.

273 2828 305 2914 4)
330 2829 452 2912 Vagus,
466 2829 518 2911 qui
535 2847 650 2914 nempe
669 2829 780 2894 nullibi
797 2827 898 2893 fixum
915 2827 1109 2895 domicilium
1125 2829 1288 2912 autquasi
1304 2827 1363 2893 do·

178 2953 335 3018 micilium
351 2952 458 3033 habet,
475 2951 527 3016 vel
547 2953 659 3018 relicto
676 2973 732 3018 sno
749 2951 912 3016 domicilio
928 2953 1056 3034 quaerit
1068 2972 1130 3034 quo
1155 2972 1190 3016 se
1213 2952 1364 3018 conferat

178 3085 279 3163 atque
313 3078 365 3144 ubi
398 3080 560 3159 consistat,
591 3078 707 3162 ubique
737 3078 847 3143 forum
879 3079 1024 3158 sortitur,
1047 3084 1079 3142 et
1111 3077 1150 3142 de
1180 3078 1362 3145 huiusmodi

181 3219 265 3284 vago
297 3199 433 3283 intelligi
464 3198 558 3263 debet
591 3199 727 3286 vulgare
759 3197 890 3278 dietum,
922 3197 981 3264 ubi
1012 3203 1044 3263 te
1070 3197 1233 3263 inuenero
1259 3197 1306 3265 ibi
1331 3205 1362 3266 te

181 3321 350 3388 iudicabo.
377 3321 485 3386 Abbas
507 3322 544 3386 in
574 3341 648 3404 cup.
673 3323 730 3386 ult.
757 3322 789 3386 b.
817 3327 837 3386 t.
861 3343 895 3388 n.
920 3319 971 3386 13.
999 3321 1070 3385 Hoc
1093 3340 1157 3384 uon
1181 3327 1286 3406 potest
1308 3343 1363 3408 ap·

181 3447 299 3532 plicari
322 3450 505 3532 peregrino,
530 3450 583 3532 qui
614 3450 646 3511 in
677 3449 785 3532 aliquo
812 3449 884 3513 loco
908 3452 1060 3512 versatur
1084 3445 1189 3511 obiter
1212 3454 1245 3512 et
1273 3451 1363 3532 quasi

180 3571 396 3654 praeteriens,
428 3591 621 3636 reversurus
651 3571 691 3636 ad
723 3573 889 3657 proprium
916 3571 1119 3636 domicilium.

274 3689 307 3774 5)
331 3689 471 3755 Tandem
503 3693 636 3776 quisque
659 3690 770 3774 fidelis,
795 3693 880 3758 idest
896 3691 1036 3755 clericus
1052 3697 1085 3758 et
1100 3692 1211 3775 laicus,
1238 3695 1363 3760 Romae

176 3817 335 3878 censetur
368 3813 562 3878 domicilium
598 3815 730 3898 habere,
755 3817 846 3883 iuxta
882 3816 1053 3881 classicum
1087 3836 1242 3882 romanae
1265 3817 1361 3882 domi·

179 3939 323 4006 nationis
353 3945 543 4026 conceptum
574 3943 607 4006 in
637 3941 839 4027 legislatione
871 3943 1029 4007 canonica
1058 3941 1250 4024 traductum,
1273 3962 1364 4008 enm-

276 4132 314 4200 (l)
334 4133 399 4187 lnde
418 4135 492 4188 saeta
511 4141 553 4189 est
572 4137 699 4206 exceptio
719 4136 833 4204 regulae
853 4137 1002 4201 communi,
1017 4135 1083 4206 quia
1103 4151 1173 4189 uxor
1195 4138 1253 4191 siue
1271 4139 1365 4191 actrix

180 4241 242 4292 sice
263 4249 396 4294 conuenta
413 4244 539 4310 sequitur
558 4247 653 4313 forum
673 4245 776 4297 mariti.

275 4345 314 4412 (2)
333 4343 361 4397 Si
381 4344 507 4412 clericus,
527 4363 560 4400 ox
580 4346 784 4417 dispensatione
803 4347 858 4402 duo
877 4347 980 4402 habeat
1000 4348 1136 4402 beneficia
1162 4349 1365 4416 residentialiu,

180 4451 238 4505 duo
258 4451 342 4506 bnbet
360 4452 549 4519 domicilin,et
569 4453 680 4524 planum
700 4461 754 4510 est.
