3350 5117
502 328 545 373 us
570 328 709 375 inurens
733 326 998 373 rccunsrnsrrcts
1275 308 1343 372 189

161 454 303 520 canonis
326 455 378 519 oel
401 453 542 526 ordinis,
560 470 773 537 quoacunque
796 452 922 517 vallato
938 450 1138 520 munimine.
1151 450 1342 516 facultatem

161 576 310 644 concedit
331 576 541 643 «huiusmodi
559 576 714 642 iratribus
730 594 857 641 necnon
874 582 907 641 et
929 575 1001 641 aliis
1019 576 1190 661 Religiosis
1211 574 1342 658 quibus-

161 697 248 778 libet,
265 698 325 783 qui
341 699 498 764 simililer
513 698 595 763 dnm
613 702 721 764 essent
736 698 773 761 in
789 700 925 763 saeculo
941 697 1179 763 tabellionatus
1194 695 1342 780 officiani

161 819 353 885 babuerunt
368 826 401 886 et
420 826 650 893 exercuerunt,
665 819 828 904 quibusvis
845 820 947 886 eliam
963 812 1094 885 clericis
1110 817 1344 885 saecularibus

159 944 309 1029 officium
337 944 452 1029 ipsum
475 944 672 1011 habentibus
696 942 832 1029 (etiamsi
858 944 955 1008 iidem
986 944 1108 1009 fratres
1130 940 1285 1026 Religiosi
1309 949 1343 1007 et

160 1070 280 1135 Clerici
302 1072 367 1135 siut
389 1073 422 1135 in
445 1072 547 1137 sacris
569 1069 734 1137 ordinibus
750 1070 936 1153 constituti),
954 1067 1128 1135 exercendi
1145 1067 1247 1131 libere
1269 1062 1339 1129 offi-

160 1196 246 1260 cium
259 1198 363 1281 ipsum
376 1196 481 1279 quoad
495 1196 672 1281 praemissa
687 1200 748 1259 etc.
763 1216 793 1259 ›.
809 1194 899 1260 Unde
912 1193 1075 1259 concludit
1086 1192 1201 1257 citatus
1217 1193 1341 1260 auctor,

159 1320 191 1383 ri
204 1320 323 1384 harum
347 1321 615 1392 constitutionum,
633 1318 778 1384 omnibus
794 1320 924 1384 clericis
936 1320 995 1384 etsi
1008 1317 1185 1382 minoribus
1198 1322 1230 1383 et
1243 1315 1345 1380 bene-

159 1440 269 1507 ficium
284 1463 348 1507 nou
364 1442 555 1509 habentibus
570 1442 776 1509 interdictum
794 1463 866 1507 esse
881 1443 1061 1507 notariatus
1076 1438 1227 1520 officium,
1247 1442 1342 1505 etiam

160 1568 194 1629 in
220 1566 295 1631 foro
319 1568 547 1632 ecclesiastico.
567 1568 702 1651 Reapsa
720 1560 798 1631 lun'c
820 1568 985 1652 temporis,
1003 1564 1193 1632 tabelliones
1209 1584 1266 1628 seu
1288 1584 1343 1628 no·

157 1690 236 1753 larii
268 1690 300 1753 vi
329 1688 569 1773 dispositionum
600 1690 680 1754 iuris
712 1692 856 1769 romani,
887 1691 921 1754 in
952 1688 1038 1755 Noe.
1063 1687 1120 1759 117,
1145 1706 1220 1769 cap.
1245 1686 1289 1751 12
1311 1694 1346 1753 el

157 1814 248 1881 Νου.
275 1816 333 1889 90,
357 1815 475 1899 cap?
497 1821 529 1880 et
551 1815 626 1879 alibi
651 1816 683 1879 in
709 1816 853 1901 Corpore
877 1818 966 1888 iuris,
984 1813 1111 1900 publice
1128 1811 1345 1878 conficiebant

158 1942 388 2012 instrumenta,
413 1945 503 2005 certa
525 1946 620 2025 pacta
650 1939 810 2013 mercede,
835 1961 926 2006 more
956 1942 1208 2025 negotiatorum;
1233 1958 1344 2021 quam-

157 2060 275 2127 obrem
299 2081 395 2125 nemo
419 2082 483 2127 non
506 2062 594 2127 videt
617 2068 816 2147 quantopere
839 2064 1020 2128 huiusmodi
1044 2060 1183 2127 officium
1207 2061 1345 2126 clericos

158 2188 329 2262 dedeceat
360 2190 414 2273 qui
436 2209 457 2253 a
479 2189 700 2255 saecularibus
723 2192 861 2275 negotiis
884 2190 1065 2255 abhorrere
1089 2189 1206 2255 debent
1230 2194 1242 2270 (
1265 2193 1288 2271 l.

253 2312 316 2377 Sed
341 2313 514 2398 Fagnanus
538 2314 571 2377 in
595 2313 616 2376 l.
641 2332 669 2377 c.
695 2314 797 2377 citans
824 2313 934 2398 plures
958 2314 1150 2385 canonistas,
1175 2314 1269 2377 aliam
1301 2314 1346 2377 al-

155 2436 251 2522 legat
274 2439 452 2513 rationem
476 2437 627 2502 nimirum
651 2435 877 2502 tabellionatus
899 2434 1051 2521 officium,
1076 2442 1189 2521 suapte
1215 2442 1342 2507 natura,
1404 2451 1409 2461 ’

156 2559 305 2644 ignobile
329 2580 409 2625 esse.
426 2560 517 2634 Quod
535 2560 717 2646 negandum
741 2560 879 2632 videtur,
896 2561 923 2625 si
938 2558 979 2624 ab
996 2560 1058 2625 hoc
1074 2580 1209 2625 munere
1229 2580 1346 2645 scopus

155 2684 369 2770 disiungatur
390 2686 626 2769 negotiationis.
653 2687 801 2750 Resona
824 2705 904 2749 vera
927 2705 1021 2749 nemo
1045 2684 1138 2765 dicet,
1158 2686 1223 2749 vile
1246 2703 1345 2749 exer·

155 2814 271 2878 cuisse
295 2808 436 2875 osticium
452 2811 604 2876 notarios
618 2811 833 2896 ropionarias
850 2810 973 2875 Romae
991 2811 1181 2876 constitutos
1202 2810 1243 2873 ad
1267 2830 1346 2874 con-

154 2935 337 3003 scribenda
359 2943 541 3021 martyrum
564 2941 654 3009 acta;
671 2936 813 2999 notarios
837 2935 871 2998 in
890 2934 1041 2999 Conciliis
1065 2942 1138 2997 acta
1153 2939 1345 3007 exarantes;

155 3082 225 3127 nec
256 3080 322 3125 non
353 3062 504 3126 Notarios
535 3064 568 3125 et
599 3061 847 3125 protonotarios
878 3062 912 3123 in
942 3062 1087 3125 Itomana
1117 3064 1209 3126 curia
1239 3062 1346 3127 adhuc

155 3192 294 3250 creatos
316 3184 448 3270 ignobili
465 3185 557 3250 titulo
573 3184 739 3251 distinctos
763 3204 844 3249 esse.
869 3222 910 3232 -
937 3185 1062 3249 Eruditi
1081 3206 1157 3250 vero
1175 3188 1346 3251 innumera

155 3317 348 3397 congerunt
375 3312 533 3396 exempla,
555 3311 668 3395 quibus
696 3311 812 3377 docent
840 3332 939 3394 usque
971 3313 1004 3375 in
1032 3312 1180 3377 Ecclesia
1206 3313 1347 3377 clericos

156 3440 345 3505 notariatus
361 3458 497 3502 munere
522 3438 649 3503 sanctos
672 3438 779 3503 fuisse.
807 3438 854 3503 Cs.
877 3439 1087 3510 Thomassin.‚
1113 3440 1179 3503 Vol.
1204 3445 1236 3503 et
1257 3438 1345 3503 Noc.

156 3566 252 3631 Ercl.
280 3562 422 3645 discipl,
447 3562 486 3626 Ρ.
514 3562 540 3626 I.
564 3560 636 3628 Lib.
664 3562 710 3636 II,
743 3582 769 3627 c.
796 3562 865 3625 104
892 3566 934 3626 et‘
954 3562 1133 3634 Zaccarias,
1165 3562 1215 3626 Do
1238 3561 1346 3628 Nola·

154 3686 224 3752 riis
249 3683 503 3751 Ecclesiasticz's.

256 3808 400 3873 Proinde
431 3807 593 3893 dispositio
621 3807 701 3870 iuris
734 3806 951 3871 Decretalium
982 3810 1031 3869 est
1060 3807 1235 3892 praecipuo
1263 3807 1346 3870 rei·

157 3930 269 3996 reuda
301 3912 406 3995 ad'ea
429 3933 610 4011 temporum
634 3925 794 3999 adiuncta,
820 3925 947 4009 quando
978 3925 1040 3989 hoc
1071 3947 1173 4011 genus
1201 3928 1346 4011 negotia·

253 4232 294 4303 (l)
314 4230 435 4284 Proinde
454 4228 522 4283 haec
542 4230 724 4299 praescriptio
744 4248 802 4299 cop.
824 4230 844 4282 8
863 4232 906 4283 cil.
928 4230 1087 4283 continetur
1111 4230 1139 4281 iu
1162 4229 1246 4283 titulo
1266 4248 1281 4281 e
1300 4230 1347 4284 Ne

155 4339 263 4394 clerici
283 4335 329 4389 uel
343 4336 469 4388 neonaclu'
480 4336 673 4389 saecularibus
688 4336 807 4404 nepotiis
821 4352 850 4388 so
865 4336 1038 4387 z'mnu'sceant
1050 4352 1075 4398 a,
1086 4334 1120 4386 cil
1135 4334 1268 4398 Ferraria,
1284 4335 1346 4386 Bib.

158 4464 228 4503 care.
248 4462 273 4498 v.
294 4444 430 4497 Notarius
448 4462 474 4495 n.
494 4443 530 4495 21
549 4460 603 4512 seq.
