3350 5117
320 323 389 391 214
848 345 932 392 enas
956 345 978 391 1.

326 470 417 535 nulla
440 471 528 535 facta
550 470 691 535 bominis
713 489 778 536 non
802 473 1010 537 continentur
1025 473 1056 536 in
1081 472 1187 558 aliquo
1210 473 1324 538 ordine
1343 493 1441 559 supra
1456 494 1507 541 re-

324 595 457 676 censito,
482 594 538 659 sed
561 600 658 660 extra
680 601 860 681 vagantur;
884 601 991 662 tamen
1016 596 1071 662 lex
1098 597 1251 683 disposuit
1274 620 1317 665 ex
1341 599 1395 664 illo
1418 599 1505 667 lacto

327 721 467 805 aliquem
490 720 585 786 alteri
608 720 745 808 obligari
769 721 811 786 ad
833 721 953 806 aliquid
977 721 1169 793 iaciendum,
1183 724 1420 808 praestandum.
1440 725 1508 792 Ve-

322 844 381 911 luti
404 845 431 909 si
459 845 529 928 quis
559 846 592 908 in
623 843 723 910 fundo
750 865 808 910 suo
839 844 1038 910 aedificando
1067 851 1124 910 aut
1153 844 1353 912 detrahendo
1384 847 1504 932 aliquid

326 967 494 1053 pristinam
510 968 626 1033 faciem
650 969 757 1052 operis
780 974 893 1050 mutet,
911 969 995 1034 unda
1017 970 1050 1034 in
1074 969 1172 1034 fundo
1196 971 1330 1036 alterius
1353 970 1504 1036 damnum

326 1094 434 1159 timeri
449 1093 558 1179 possit,
572 1098 684 1178 utputa
708 1094 803 1158 ruina
819 1093 966 1166 aedilicii,
984 1095 1039 1160 lex
1064 1093 1191 1161 domino
1215 1097 1305 1162 istius
1329 1094 1419 1160 fundi
1433 1116 1506 1181 pro·

322 1219 429 1304 spexit
451 1220 480 1283 ei
506 1218 721 1304 comparando
746 1216 922 1286 remedium
946 1222 1175 1288 mundationis
1200 1222 1280 1288 aovi
1302 1220 1416 1304 operis
1439 1240 1502 1304 quo

330 1343 411 1409 alius
428 1341 588 1429 obligatur
602 1343 643 1409 ad
667 1345 939 1429 supersedendum
956 1365 997 1410 ne
1015 1346 1149 1412 ulterius
1170 1346 1366 1431 producatur
1384 1365 1504 1410 novum

326 1486 421 1554 opus;
445 1475 477 1533 et
499 1470 629 1534 interim
653 1489 770 1535 novum
788 1487 868 1555 opus
884 1469 1092 1554 denuncians,
1109 1475 1253 1556 tempore
1268 1472 1348 1544 utili,
1364 1469 1506 1556 probare

327 1592 424 1658 debet
445 1593 503 1658 sibi
529 1613 644 1680 reapse
667 1593 817 1659 damnum
843 1594 960 1660 exinde
983 1591 1054 1660 lieri
1078 1600 1134 1660 aut
1157 1597 1336 1661 imminere.
1352 1595 1504 1662 -Haeo

326 1737 407 1783 vero
430 1717 592 1804 obligatio,
609 1720 718 1784 oriens
741 1738 784 1784 ex
806 1720 950 1806 legitime
973 1719 1165 1786 denunciato
1188 1741 1271 1786 novo
1295 1741 1403 1806 opere,
1424 1739 1506 1786 sane

328 1842 509 1910 immediate
532 1843 710 1928 repetenda
725 1848 774 1910 est
797 1864 840 1910 ex
863 1844 1000 1929 positiva
1014 1845 1095 1931 legis
1119 1844 1335 1931 dispositione,
1359 1846 1507 1930 quamuis

328 1969 512 2034 necessarie
535 1968 703 2035 subaudiat
725 1968 846 2035 iactum
868 1970 1018 2036 hominis.

418 2093 493 2160 183.
510 2093 592 2159 Dein
608 2093 833 2177 inquirendum
851 2099 899 2159 est
916 2093 1090 2179 quotuplioi
1105 2115 1201 2160 sensu
1217 2094 1393 2160 nonnullae
1409 2094 1505 2160 aetio

326 2237 386 2282 nes
408 2215 561 2284 dicuntur
583 2218 729 2284 minatae:

322 2453 444 2504 tractum
469 2455 497 2506 et
515 2451 595 2521 quasi
620 2454 803 2518 contractum,
818 2451 951 2506 delictum
976 2457 1005 2508 et
1023 2451 1101 2524 quasi
1125 2451 1274 2518 delictum3
1298 2451 1343 2506 uei
1362 2467 1398 2505 an
1417 2451 1504 2507 etiam

326 2554 467 2609 addendus
484 2555 522 2610 sit
540 2557 654 2627 quintus
678 2560 751 2627 sores,
769 2556 901 2614 videlicet
921 2557 976 2611 len.
996 2556 1081 2611 Gaius
1098 2554 1151 2610 hoe
1170 2555 1279 2610 videtur
1298 2560 1393 2624 aperte
1412 2555 1505 2609 incul-

324 2678 389 2717 care
409 2661 437 2714 in
457 2660 475 2715 l.
495 2663 557 2727 1,ff.
574 2663 616 2716 De
635 2664 691 2717 obl.
713 2674 738 2717 el
752 2673 804 2718 oct.
823 2664 914 2717 aiens:
934 2679 950 2716 s
968 2663 1156 2732 obligationes
1174 2671 1223 2716 aut
1241 2679 1278 2716 ex
1296 2671 1438 2716 contractu
1451 2679 1503 2716 aa·

325 2778 443 2823 scantur
465 2779 514 2822 aut
541 2786 577 2822 eoo
600 2770 751 2840 maleficio,
769 2780 818 2823 aut
833 2773 951 2842 proprio
971 2769 1090 2840 quodum
1108 2771 1172 2823 iure
1191 2786 1228 2822 eoo
1247 2771 1335 2822 uariis
1354 2785 1504 2822 cananiam

325 2877 426 2946 figuris
440 2893 464 2930 a.
485 2875 617 2933 Nonnulli
632 2876 800 2944 interpretes
818 2875 968 2944 opinantur
981 2890 1034 2928 non
1054 2873 1149 2929 baberi
1169 2879 1281 2944 praeter
1299 2879 1419 2944 quatuor
1431 2874 1506 2927 ordi·

323 2985 417 3037 uarios
435 2985 527 3041 tantm
545 2983 631 3036 alium
650 2982 831 3052 obligationis
850 2983 977 3052 quintum
997 2983 1110 3047 sontem,
1129 2997 1228 3050 nempe
1247 2981 1346 3050 legem,
1367 2981 1432 3051 quia
1457 2980 1503 3036 lex
1543 2965 1548 2976 ’

323 3087 512 3158 obligationes
537 3105 646 3158 semper
669 3089 791 3142 mediate
816 3087 950 3156 producit,
978 3088 1137 3140 turmodiute
1155 3102 1222 3140 vero
1247 3085 1358 3156 aliquod
1382 3085 1506 3140 hominis

325 3199 430 3252 sactum
449 3196 558 3251 licitum
577 3198 636 3253 siue
655 3197 794 3252 illicitum.
815 3196 918 3251 Verum
943 3197 1033 3265 magis
1056 3195 1147 3265 placet
1165 3196 1304 3251 sententia
1324 3195 1435 3250 illorum
1455 3197 1503 3266 qui

316 3311 483 3374 autumant,
502 3307 586 3360 etiam
606 3307 666 3361 inre
685 3321 809 3372 romano,
827 3306 978 3377 aliquando
996 3305 1183 3374 obligationes
1204 3306 1363 3360 immediate
1382 3305 1449 3358 oriri
1468 3321 1503 3359 ex

324 3412 505 3482 dispositione
524 3411 604 3482 legis.
624 3412 739 3483 inquam
753 3413 840 3466 -iure
859 3428 976 3466 romano
989 3438 1003 3452 ·
1014 3427 1076 3463 nam
1097 3409 1177 3463 modo
1189 3409 1316 3480 quaestio
1335 3413 1379 3463 est
1391 3409 1424 3462 de
1443 3408 1505 3462 iure

328 3522 490 3584 connitum
506 3535 563 3589 quo
580 3517 716 3572 nonnulla
734 3519 808 3571 fecta
827 3533 899 3587 quae
919 3532 971 3570 non
992 3520 1171 3570 recensentur
1190 3515 1264 3569 inter
1281 3519 1442 3568 contractus
1454 3519 1506 3568 aut

323 3627 403 3698 quasi
422 3629 591 3689 contractus,
609 3621 713 3677 delicta
730 3626 780 3675 aut
798 3621 878 3692 quasi
898 3620 1010 3684 delicta,
1029 3625 1131 3685 tamen,
1150 3619 1263 3674 iubente
1289 3617 1361 3688 lege,
1380 3617 1504 3689 aliquam

324 3733 437 3803 pariunt
455 3731 665 3801 obligationem.
685 3729 728 3782 Ita
746 3729 897 3798 opinantur
916 3726 949 3781 cl.
964 3726 1097 3796 Ruggeri,
1118 3743 1160 3797 op.
1175 3727 1227 3791 cit,
1241 3743 1300 3797 cop.
1315 3725 1360 3792 ll,-
1379 3731 1408 3779 et
1420 3723 1504 3779 Sera·

323 3841 382 3907 riui,
401 3841 469 3894 Inst.
483 3841 514 3893 di
525 3840 620 3893 diritro
639 3839 744 3904 renea
766 3837 829 3903 100,
845 3837 857 3901 i
872 3835 935 3888 157
947 3851 1016 3906 seq-3
1028 3833 1271 3898 lindissemfini,
1286 3831 1427 3912 Pandere,
1440 3831 1501 3886 331.

324 3977 357 3989 -
377 3946 419 4002 Re
437 3963 504 4000 sane
523 3961 590 4000 vera
608 3943 636 3996 in
655 3944 730 3996 facto
749 3940 828 3996 licito
847 3945 1006 3996 contractus
1024 3938 1069 3994 vel
1091 3939 1170 4010 quasi
1196 3941 1364 4003 contractus,
1382 3936 1504 3992 habetur

324 4070 475 4108 consensus
488 4068 634 4121 expressus
643 4049 688 4106 vel
699 4053 893 4120 praesumptus
905 4051 955 4102 aut
967 4047 1049 4100 fictus
1062 4044 1096 4100 ad
1109 4045 1277 4116 gignendam
1290 4044 1502 4112 obligationem,

323 4161 352 4214 in
371 4161 446 4214 facto
464 4157 566 4212 illicito
585 4156 665 4211 dolus
684 4160 798 4210 notatur
816 4160 866 4209 aut
885 4154 981 4224 culpa;
1001 4155 1030 4209 in
1049 4153 1113 4208 aliis
1130 4153 1212 4207 lactis
1231 4167 1299 4206 vero
1319 4150 1412 4205 nuilus
1434 4167 1503 4205 oon·

321 4286 420 4325 sensus
438 4267 557 4322 babetur
576 4282 665 4336 neque
684 4263 782 4334 alege
799 4265 918 4335 fingitur
937 4281 984 4319 seu
1000 4265 1210 4334 praesumitur,-
1223 4259 1301 4314 nulla
1320 4260 1398 4315 adest
1410 4259 1504 4332 eulpa,

322 4389 409 4445 quare
428 4372 457 4425 in
476 4370 520 4425 his
538 4370 572 4423 sd
592 4369 793 4440 obligationem
810 4368 1032 4422 constituendam
1051 4367 1131 4437 viget
1149 4369 1310 4422 imonediata
1329 4365 1400 4435 legis
1412 4365 1503 4434 dispo·

323 4479 443 4532 sitio.-
452 4476 526 4531 idem
539 4476 709 4546 praecipitur
720 4473 784 4529 Cod.
793 4473 852 4528 Ciu.
864 4473 1041 4540 Gallico,art
1052 4473 1129 4539 1101,
1144 4473 1255 4536 tardet
1267 4469 1409 4536 eodltal,
1422 4469 1501 4524 1097.
