3350 5117
494 321 539 368 or
563 321 700 370 romeus
722 321 989 371 accunsrnsrrcrs
1264 303 1327 372 241

152 459 240 507 num
255 441 312 528 (1).
336 476 382 491 -
404 442 467 509 Sed
489 443 572 508 haec
594 446 755 530 possessio
781 445 868 510 dicta
890 450 941 513 ast
963 463 1059 510 sensu
1084 445 1276 531 improprio,
1300 449 1334 514 et

153 565 311 650 cuiusque
332 565 489 631 iuridieae
517 567 662 633 tuitionis
684 587 805 653 expers
828 567 899 642 init,
921 569 1037 654 quippe
1061 571 1184 632 remota
1207 567 1247 632 ab
1270 566 1334 632 illis

155 686 390 754 conditionibus
423 689 517 769 tacti,
549 708 632 774 quae
661 689 800 756 instituti
833 689 1022 776 possessorii
1054 707 1152 754 causa
1186 693 1221 756 et
1250 687 1335 753 ratio

155 807 300 874 fuerunt

249 939 358 1002 Atius
377 939 579 1016 canonicum,
592 938 789 1034 inomnibus
812 938 945 1007 studens
968 940 1130 1028 aequitati,
1147 959 1336 1026 aggressum

259 1019 271 1028 ⁵
296 1021 552 1036 ‘hm-Q
591 1021 604 1032 θ·

163 1067 213 1127 est
234 1081 368 1147 operam
394 1061 555 1149 perficere
585 1066 763 1150 praetoris,
787 1064 983 1132 emollientis
1012 1065 1119 1129 civilis
1142 1065 1221 1130 iuris
1244 1083 1339 1148 aspe-

161 1183 307 1258 ritatem
331 1189 365 1249 et
380 1184 498 1251 exinde
520 1185 949 1272 anptnvitinrinnuausi
960 1187 1226 1269 putidissimam,
1251 1206 1340 1252 reco-

162 1327 324 1393 gnoscens
346 1310 418 1374 iura
439 1330 565 1395 qnoque
587 1312 768 1396 spiritualia
784 1317 816 1376 et
832 1312 1017 1404 personalia
1032 1313 1101 1376 sive
1121 1311 1249 1408 publica
1269 1311 1341 1408 sive

162 1437 294 1535 privata
324 1413 565 1522 possideriset'
580 1407 719 1504 actions
731 1405 931 1524 possessorio
961 1437 1135 1522 quemlibet
1165 1437 1343 1503 defenden-

165 1559 242 1658 dum
261 1562 413 1648 assequi
437 1581 458 1626 a
480 1582 538 1627 suo
561 1563 633 1628 iure
655 1561 758 1628 libere
782 1561 968 1642 exercendo
987 1529 1227 1628 deturbaretur.
1245 1563 1294 1628 lta
1311 1561 1343 1625 in

165 1703 242 1768 cap.
266 1683 301 1758 3,
326 1683 376 1749 De
399 1702 489 1750 cous.
511 1703 603 1767 poss.
626 1689 658 1750 et
676 1703 779 1767 prop.
795 1685 829 1749 X
844 1683 900 1770 (II,
922 1684 973 1772 12)
990 1686 1235 1770 recognoscitur
1254 1683 1344 1768 quasi

165 1811 325 1896 possessio
341 1809 421 1874 iuris
443 1807 581 1894 eligendi
606 1810 796 1896 praelatum,
814 1815 846 1874 et
869 1811 1057 1876 decernitur
1072 1831 1131 1897 per
1154 1810 1344 1876 electionem

166 1937 221 1997 ter
248 1931 368 1999 iactam
402 1931 540 1998 obtineri
573 1935 654 1999 iuris
687 1933 828 2019 eligendi
856 1935 945 2019 quasi
975 1935 1218 2021 possessionem.
1254 1933 1294 1998 In
1317 1953 1344 1999 c.

168 2079 198 2126 c.
222 2059 256 2132 8,
279 2059 334 2133 10,
357 2058 411 2130 12,
442 2058 493 2125 De
523 2065 600 2126 rest.
630 2059 857 2144 spoliatorum
879 2061 913 2124 X
941 2059 997 2146 (Il,
1024 2061 1078 2145 13)
1101 2059 1252 2124 statuitur
1275 2058 1348 2122 iura

170 2183 356 2268 coniugalia
389 2183 562 2268 possideri,
594 2183 674 2248 adeo
705 2188 741 2247 ut
773 2182 1029 2249 succurrendum
1064 2185 1118 2256 sit,
1155 2183 1249 2248 uxori
1280 2183 1348 2246 sive

169 2311 254 2381 viro,
278 2328 340 2393 per
362 2309 522 2374 actionem
547 2305 791 2393 recuperandae
813 2309 903 2390 quasi
927 2309 1135 2393 possessionis
1161 2307 1277 2371 horum
1301 2307 1351 2371 iu-

171 2431 266 2502 rium.
291 2430 319 2493 si
342 2428 453 2494 iisdem
476 2429 638 2493 violenter
660 2427 806 2512 espoliati
830 2428 903 2492 sint.
930 2427 1038 2503 Quare
1060 2429 1094 2492 in
1118 2428 1169 2492 his
1192 2427 1350 2514 possessio

173 2557 283 2617 est-
297 2535 405 2616 status
425 2549 511 2631 facti
533 2551 649 2636 quoad
671 2549 873 2616 eucratium
895 2551 1042 2634 appositi
1057 2550 1143 2617 iuris
1166 2569 1188 2615 α
1211 2550 1287 2614 iure
1302 2568 1353 2614 re-

173 2677 331 2764 capnias
345 2682 377 2742 et
386 2681 569 2759 protectus.
583 2712 627 2726 -
644 2676 800 2741 Nimirum
823 2676 870 2740 illi
895 2676 1036 2742 naturali
1052 2677 1255 2762 possessioni,
1272 2695 1355 2760 quae

177 2805 334 2886 cuiusque
357 2803 437 2868 iuris
460 2803 617 2866 exercitio
642 2801 801 2871 inhaeret.
818 2819 979 2886 quamque
995 2803 1054 2887 ipsi
1071 2802 1207 2866 Romani
1223 2801 1358 2866 admise-

175 2934 256 2992 runt
279 2925 336 2991 sed
363 2925 500 2991 iuridica
522 2925 656 2990 tuitione
678 2945 744 2990 non
767 2925 963 2998 munierunt,
976 2926 1026 2990 ius
1049 2926 1238 2990 canonicum
1262 2945 1357 2990 reco-

176 3054 357 3139 gnitionem
380 3057 414 3118 et
436 3053 516 3118 iuris
538 3053 707 3119 tuitionem
730 3071 794 3115 non
818 3050 1001 3137 denegavit.
1027 3051 1168 3117 Proinde
1191 3071 1255 3116 non
1271 3051 1356 3116 dice-

177 3199 251 3243 mus
275 3177 325 3243 ius
347 3178 539 3242 canonicum
562 3177 746 3242 immutasse
773 3181 829 3240 aut
859 3175 1056 3242 subvertisse
1083 3177 1260 3242 institutum
1283 3195 1357 3262 pos-

178 3302 355 3368 sessorium
380 3302 459 3367 iuris
482 3302 619 3374 romani,
643 3300 700 3366 sed
722 3301 832 3366 verius
857 3305 915 3382 est
940 3301 1023 3366 idem
1048 3302 1226 3368 institutum
1250 3307 1359 3367 exten·

178 3445 252 3491 sum
276 3423 376 3489 luisse
399 3421 440 3488 ad
462 3424 558 3509 plura
580 3424 644 3488 alia
666 3424 801 3499 obiecta;
823 3431 855 3490 et
874 3425 938 3489 hoc
962 3431 1052 3492 notat
1075 3425 1218 3512 Savigny
1233 3445 1287 3508 op.
1306 3424 1358 3491 cit.

180 3548 299 3615 Sese
320 3547 416 3630 549.
439 3581 484 3596 -
511 3547 525 3611 l
548 3566 585 3612 sa
608 3567 687 3612 vero
700 3548 810 3637 tuitio
839 3549 1050 3634 possessionis
1080 3546 1244 3614 efficacior
1274 3547 1362 3612 facta

169 3676 233 3760 ‘ast
260 3689 362 3755 opera
392 3670 471 3733 iuris
498 3689 569 3733 can.
600 3670 775 3754 praecipue
802 3668 844 3735 ob
872 3671 1104 3754 eorreptionem
1130 3670 1248 3754 spotii5
1277 3667 1364 3734 unde

181 3795 380 3881 principium
404 3829 423 3842 -
448 3792 612 3875 spotiatus
634 3797 713 3859 ante
735 3793 853 3859 omnia
876 3793 1103 3860 restituendus
1118 3797 1165 3859 est
1191 3827 1220 3874 -,
1245 3789 1364 3875 qualis-

182 3940 325 4005 oumque
348 3919 390 3986 de
415 3919 487 3985 iure
510 3921 653 4004 quaestio
676 3918 733 4000 sit,
757 3924 929 4004 antequam
953 3921 1093 4005 spolians
1116 3918 1301 3984 admittatur
1323 3917 1364 3982 ad

183 4065 245 4112 sua
270 4046 343 4109 iura
364 4045 400 4108 in
421 4042 539 4109 iudicio
561 4042 737 4108 asserenda
759 4049 793 4108 et
813 4043 1008 4110 vindicanda
1027 4041 1084 4128 (2).

35 4268 39 4486 q
281 4323 322 4394 (ll
340 4324 384 4378 lta
400 4322 545 4377 dicebatur
556 4324 682 4392 potestas
695 4321 834 4390 maritalis
847 4321 900 4376 viri
914 4322 941 4375 in
957 4337 1079 4376 uxorem.
1099 4321 1139 4376 Cl.
1153 4321 1260 4390 Gaium,
1275 4315 1299 4390 Ι,Ι
1312 4323 1370 4376 ill.

280 4427 321 4499 (2)
339 4425 476 4489 Quocirca
503 4424 585 4496 spolii
613 4427 741 4495 exceptio
765 4441 800 4480 eo
824 4429 947 4495 spectat,
973 4430 1004 4480 ut
1031 4441 1223 4498 quaecumque
1247 4424 1371 4481 violenta

336 4538 397 4591 Soc.
417 4535 504 4606 [aequ
1152 4519 1166 4540 ¹¹
1231 4535 1263 4588 16
