3350 5117
852 706 966 773 carm
990 707 1017 770 1.

738 921 784 975 DE
809 920 1018 976 PRlVlLEGIO
1042 921 1136 976 FORI.

349 1272 567 1330 summarium.
585 1303 622 1316 -
640 1275 702 1328 327.
722 1273 762 1330 De
786 1275 897 1346 origine
918 1275 1065 1346 privilepii
1081 1278 1148 1346 [ον-ι’,
1166 1293 1266 1346 nempe
1288 1277 1434 1346 quaeritur
1451 1293 1488 1328 an
1506 1292 1526 1327 a

432 1381 495 1436 iure
513 1381 607 1436 divino
624 1381 669 1438 vel
688 1399 706 1436 a
725 1383 785 1436 iure
804 1383 938 1437 canonico
956 1382 1009 1436 hoc
1027 1383 1207 1452 privilegium
1225 1383 1405 1452 repetendum
1423 1382 1469 1434 sit.
1487 1410 1522 1422 -

431 1488 494 1542 328.
509 1489 548 1544 lle
561 1489 766 1544 conditionibus
785 1490 963 1560 praescriptis
975 1489 1093 1557 clericis,
1102 1495 1135 1544 ut
1151 1491 1205 1544 fori
1224 1490 1372 1560 privilegio
1383 1492 1520 1544 fruantur.

434 1595 496 1650 329.
516 1597 559 1650 An
579 1595 685 1664 clerici,
704 1611 754 1666 pro
772 1594 863 1663 libito,
882 1597 1012 1650 amittere
1031 1600 1061 1651 et
1078 1612 1220 1652 resumere
1237 1596 1350 1652 valeant
1367 1597 1421 1650 tori
1440 1595 1525 1666 privi-

432 1704 547 1775 legium.
566 1733 601 1746 -
620 1703 681 1759 330.
701 1707 745 1758 An
771 1704 854 1759 iudex
872 1703 970 1760 eccles.
990 1705 1027 1758 ait
1045 1685 1207 1774 competens
1224 1705 1254 1759 in
1278 1705 1395 1760 clericos
1412 1705 1521 1758 ratione

432 1810 536 1864 iunium
554 1816 604 1865 aut
622 1811 769 1866 eriminum
788 1816 996 1866 contractorum
1020 1821 1086 1865 ante
1109 1810 1313 1880 susceptionem
1330 1815 1422 1864 status
1440 1809 1524 1865 cleri-

427 1916 504 1970 calis.
524 1945 559 1958 -
579 1916 641 1972 331.
661 1917 692 1972 ln
718 1918 910 1988 quaestionem
938 1936 975 1970 an
993 1919 1057 1988 quis
1080 1919 1117 1971 sit
1140 1919 1275 1984 clericas,
1293 1924 1455 1987 competens
1477 1922 1520 1972 est

433 2027 543 2078 tentum
572 2024 655 2078 iudex
679 2023 778 2079 eccles.
796 2051 833 2064 -
852 2022 913 2076 332.
933 2022 1066 2088 Ecclesia,
1082 2023 1214 2091 gravibus
1238 2022 1320 2077 editis
1343 2022 1449 2093 poenis,
1467 2021 1523 2076 hoc
1639 2018 1640 2039 ¹

433 2132 612 2202 privilegium
636 2135 738 2186 tuetur.
763 2159 798 2174 -
819 2129 881 2185 333.
901 2131 960 2185 Hoc
985 2131 1107 2200 pertinet
1129 2131 1164 2185 ad
1182 2133 1398 2201 competentiam
1422 2147 1520 2185 acces-

425 2251 539 2288 sartam

427 2521 506 2590 327.
543 2523 572 2588 A
607 2523 741 2589 criterio
775 2523 954 2590 ordinario
989 2525 1235 2608 competentiam
1269 2523 1521 2606 determinante,

339 2667 459 2733 nempe
475 2645 609 2720 obiecto,
626 2646 763 2733 gradum
786 2647 922 2712 facimus
936 2646 978 2712 ad
998 2647 1164 2713 criterium
1187 2649 1518 2725 entraordiaartum,

339 2794 458 2860 nempe
481 2772 522 2839 ad
537 2772 723 2857 qualitatem
737 2793 961 2859 personarum,
977 2774 1062 2839 unde
1078 2774 1207 2840 clericis
1222 2781 1442 2861 comparatum
1457 2775 1517 2841 fuit

333 2895 554 2982 priuilepium
576 2893 656 2977 fori.
1201 2885 1203 2889 ’

432 3021 505 3087 Hoc
521 3021 667 3087 consistit
682 3021 715 3086 in
731 3022 937 3106 exemptione
952 3023 1146 3087 clericorum
1162 3041 1183 3086 a
1198 3021 1270 3087 foro
1288 3021 1398 3088 laicali
1412 3022 1517 3108 quoad

338 3149 410 3212 iura
432 3145 624 3233 temporalia
647 3165 705 3212 seu
726 3165 842 3212 causas
864 3145 985 3212 civiles.

428 3269 531 3356 Origo
548 3269 640 3335 istius
654 3267 815 3355 privilegii
831 3288 897 3333 non
912 3273 1004 3334 earet
1019 3269 1242 3334 controversia
1256 3268 1378 3354 agitata
1396 3289 1517 3356 magno

337 3395 519 3462 animorum
550 3400 643 3460 aestu
672 3395 758 3460 inter
781 3393 847 3458 DD.
871 3393 1048 3460 catholicos
1070 3396 1103 3460 in
1134 3393 1214 3459 duas
1243 3399 1409 3460 extremas
1438 3414 1515 3460 sen·

333 3521 455 3588 tentiae
477 3518 643 3586 abeuntes.
659 3555 705 3569 —
722 3519 873 3586 Nonnulli
890 3541 963 3586 cum
979 3520 1104 3587 Abbate
1120 3522 1152 3585 in
1167 3540 1242 3605 cap.
1261 3521 1315 3597 te,
1331 3521 1513 3601 Damnst,

333 3665 368 3711 a.
394 3645 427 3720 6,
445 3645 559 3732 Fagn„
583 3663 658 3729 cup.
674 3643 726 3726 19,
742 3644 794 3711 De
809 3651 923 3720 const,
939 3665 974 3711 a.
998 3645 1055 3721 10,
1073 3650 1106 3710 et
1124 3647 1157 3711 in
1180 3666 1254 3730 cop.
1278 3647 1331 3722 10,
1355 3647 1407 3715 De
1429 3648 1510 3724 iud„

329 3791 366 3836 a.
382 3770 452 3854 663
476 3769 630 3852 Barbosa,
655 3769 715 3836 Ius
729 3771 819 3846 eccl„
836 3772 857 3837 l.
881 3771 909 3853 l,
934 3782 1010 3856 cap.
1025 3771 1124 3854 29.§
1147 3771 1179 3847 4,
1196 3776 1365 3838 autumant
1378 3773 1420 3838 ab
1442 3775 1512 3858 ipso

332 3895 406 3960 inre
430 3893 539 3961 divino
559 3893 697 3960 clericos
719 3913 740 3959 a
764 3895 984 3961 iurisdictione
1006 3896 1070 3961 fori
1092 3897 1233 3963 seculari
1255 3899 1415 3964 immunes
1429 3919 1510 3970 esse,

330 4024 364 4084 et
388 4020 575 4084 innituntur
597 4019 738 4084 maxime
753 4018 817 4104 legi
838 4019 967 4085 Veteris
983 4020 1068 4086 Test.
1084 4020 1255 4088 eximentis
1270 4021 1455 4089 sacerdotes
1476 4026 1509 4086 et

327 4141 447 4206 levitas
470 4161 490 4206 a
514 4141 735 4208 iurisdictione
761 4143 918 4218 seculari;
942 4142 998 4208 sed
1022 4145 1096 4229 quia
1118 4141 1246 4209 Novum
1268 4146 1507 4211 Testamentum

325 4269 381 4331 est
415 4265 631 4331 excellentius
655 4269 788 4349 eiusque
811 4265 996 4332 sacerdotes
1026 4245 1100 4332 suut
1121 4269 1310 4350 sanctiores,
1333 4271 1433 4349 aiunt,
1455 4265 1508 4331 ali

325 4408 450 4455 sonum
482 4389 653 4456 esseistos
684 4391 795 4456 subiici
824 4391 973 4476 potestati
997 4392 1136 4459 iudicum
1157 4392 1326 4460 laicorum.
1350 4396 1427 4461 Iure
1447 4413 1505 4479 po·
