3350 5117
306 262 352 327 92
831 284 915 331 rens
940 286 962 331 1.

307 429 391 473 mam
416 408 520 473 standi
533 410 564 472 in
576 408 693 473 iudicio
710 410 939 486 ecclesiastiea
957 415 989 475 el
1004 410 1082 475 hinc
1097 410 1263 483 hactenus,
1276 429 1336 495 per
1352 408 1482 474 easdem

308 533 445 600 intendit
456 534 608 599 ordinare
620 554 805 621 processum
818 536 1011 602 iudicialem.
1025 536 1072 603 Gl.
1085 536 1285 623 Schmalzgr.
1298 538 1318 602 l.
1333 558 1360 603 c.
1374 556 1408 601 n.
1422 534 1485 600 27.

398 654 450 721 69.
469 656 611 759 ffllis
642 657 882 764 et-mjno-rjbus
911 660 1175 765 Quium
1203 656 1484 747 Q,

307 779 476 900 Qe
500 782 818 892 &EQ
828 782 969 887 merales
984 783 1320 883 ecclesiasticaeauae
1336 780 1394 847 sub
1409 800 1482 866 per·

307 909 404 989 petua
427 910 601 969 censentur
625 924 695 971 esse
718 904 829 981 tutela;
847 908 965 991 quippe
980 926 1040 991 per
1059 926 1095 971 se
1111 904 1196 991 ipsas
1210 907 1243 970 in
1259 903 1377 970 iudicio
1393 911 1484 971 stare

307 1048 372 1092 non
396 1034 541 1115 possunt;
566 1035 599 1095 at
621 1052 681 1117 per
704 1032 853 1117 proprios
881 1030 1060 1097 &celatos
1082 1029 1241 1097 Rectores
1266 1036 1299 1095 et
1321 1027 1482 1094 Admini-

306 1126 470 1219 straiores
485 1172 585 1238 agere
601 1158 683 1218 etse
699 1152 875 1219 defendere
891 1154 924 1217 in
940 1152 1056 1218 iudicio
1075 1150 1202 1217 debent.
1220 1153 1315 1216 Ratio
1331 1150 1371 1215 ob
1388 1170 1485 1235 quam

308 1275 487 1351 Praelatis,
512 1278 710 1345 Recloribns
733 1284 765 1343 et
787 1278 1132 1345 Administratoribns
1154 1283 1317 1364 competat
1332 1297 1433 1364 agere
1449 1283 1483 1341 et

309 1398 516 1491 respondere
530 1420 590 1485 pro
613 1400 664 1465 his
687 1402 834 1487 personis
857 1402 890 1467 in
917 1400 1043 1474 iudicio,
1072 1405 1121 1465 est
1146 1401 1229 1486 qaia
1255 1400 1315 1485 qni
1338 1399 1483 1465 liberam

306 1524 639 1593 administrationem
663 1527 784 1593 habent
808 1528 953 1594 alicuius
974 1527 1036 1602 rei,
1060 1528 1175 1613 quoad
1204 1528 1301 1593 illam
1324 1546 1428 1612 apere
1451 1532 1483 1591 el

308 1653 484 1719 conveniri
501 1659 653 1736 possunt.
680 1654 752 1720 Hoc·
775 1656 967 1739 principium
990 1652 1147 1726 firmatur.
1171 1656 1234 1741 lep.
1251 1655 1309 1739 fin.
1332 1655 1367 1737 1Ιῖ
1387 1652 1485 1723 ana

307 1778 471 1862 eainsqae
493 1780 624 1845 cinioer.
649 1799 756 1863 nom.,·
779 1786 812 1845 et
834 1798 909 1863 cap.
933 1780 987 1853 21,
1012 1779 1062 1845 De
1083 1777 1278 1862 Rescriptis,
1299 1779 1334 1842 X
1354 1776 1435 1864 (1-3)
1451 1784 1485 1845 et

307 1920 382 1966 can.
409 1902 439 1976 9,
468 1901 787 1987 Carseolana.
813 1903 889 1985 Ipsa
919 1903 1060 1967 naturali
1091 1902 1218 1967 ratione
1247 1902 1311 1966 hoc
1334 1920 1485 1986 compro-

306 2020 418 2097 batur;
444 2024 496 2107 qui
521 2026 606 2087 enim
629 2024 732 2090 libere
755 2024 894 2109 aliquam
918 2044 987 2088 rem
1011 2005 1230 2097 administrat
1248 2024 1393 2089 eamdem
1416 2030 1485 2089 turn

307 2148 339 2211 in
364 2148 481 2214 iudicio
503 2154 570 2214 tum
595 2155 690 2215 extra
707 2150 856 2215 iudicium
873 2152 957 2216 tueri
974 2149 1076 2216 debet.
1095 2150 1181 2217 Hinc
1196 2152 1229 2214 in
1246 2152 1340 2235 praxi
1356 2147 1485 2233 quando

309 2272 491 2355 inquiritur,
517 2278 548 2337 et
572 2280 621 2337 est
643 2274 786 2356 quaestio
811 2275 942 2338 maximi
959 2272 1119 2358 ponderis,
1136 2275 1282 2357 quisnam
1305 2272 1481 2357 legitimam

307 2396 425 2461 habeat
447 2417 618 2482 personam
638 2396 742 2463 standi
759 2399 790 2461 in
807 2398 934 2477 iudicio,
951 2398 1144 2483 principium
1160 2398 1340 2483 expositum
1355 2415 1486 2480 semper

307 2540 387 2605 prae
410 2522 511 2585 oculis
539 2518 720 2586 habendum
744 2529 802 2587 est.
828 2523 880 2586 Ex
904 2542 966 2605 quo
990 2524 1144 2606 sequitur,

398 2643 430 2729 1)
454 2644 488 2707 in
511 2640 677 2719 beneficia,
703 2646 735 2708 in
760 2644 907 2709 Ecclesia
931 2644 1110 2729 parochiali
1128 2664 1192 2709 non
1216 2643 1431 2717 conventuali,
1449 2648 1483 2709 et

307 2772 340 2835 in
363 2789 564 2855 quocumque
594 2770 687 2835 simili
715 2776 789 2835 ente
817 2770 952 2836 iuridico
981 2791 1046 2835 non
1077 2770 1236 2857 collegiati
1267 2788 1329 2834 nec
1351 2770 1483 2837 adnexo

306 2895 436 2979 corpori
461 2894 585 2973 morali,
602 2894 670 2958 eius
694 2893 867 2958 Rectorem
892 2912 950 2958 seu
965 2892 1163 2957 ordinarium
1180 2891 1484 2958 Administratorem

307 3020 355 3085 ius
378 3019 500 3085 habere
523 3018 639 3104 agendi
664 3023 695 3083 et
719 3018 944 3103 respondendi,
965 3018 1028 3084 hac
1051 3018 1090 3083 de
1115 3019 1274 3087 raetiam
1297 3019 1330 3083 in
1354 3018 1482 3093 iudicia

307 3144 369 3207 nisi
392 3166 412 3206 a
434 3144 612 3227 superiore,
637 3141 732 3207 vela
763 3140 880 3207 tabulis
908 3140 1102 3207 fundationis
1132 3142 1282 3227 legitime,
1306 3141 1415 3225 aliqua
1438 3161 1482 3205 ex

306 3276 409 3356 parte,
435 3272 463 3334 ei
486 3270 656 3334 limitatum
680 3270 724 3335 sit
753 3269 1040 3333 administrationis
1066 3270 1129 3345 ius;
1153 3288 1228 3354 arp.
1253 3288 1327 3354 cap.
1351 3269 1405 3342 21,
1430 3269 1483 3334 De

306 3392 488 3475 rescriptis.
507 3428 550 3439 -
573 3391 635 3456 Sed
658 3390 856 3457 advertimus
879 3390 941 3456 hoc
965 3392 1013 3456 ius
1035 3390 1205 3475 aliquando
1228 3391 1360 3456 limitari
1384 3411 1404 3455 a
1428 3390 1485 3457 Su-

306 3518 436 3601 periora
459 3518 557 3603 ipsius
580 3516 869 3589 Administratoris‚
892 3516 993 3581 veluti
1016 3516 1056 3580 ab
1080 3517 1241 3602 Episcopo
1264 3518 1327 3600 qui,
1341 3518 1374 3581 in
1389 3521 1483 3599 certo

306 3660 393 3712 casu,
417 3640 594 3727 parochum
619 3640 731 3706 iubere
755 3646 858 3726 potest
880 3647 916 3707 ut
930 3640 970 3704 ab
989 3641 1115 3725 agendo
1138 3642 1191 3706 rel
1214 3661 1235 3705 a
1258 3640 1484 3726 respondendo

306 3768 475 3844 abstineat
500 3773 556 3832 aut
578 3767 638 3833 sibi
661 3774 765 3852 potest
789 3769 820 3831 in
845 3788 922 3833 casu
946 3768 1135 3854 particulari
1160 3787 1332 3832 reservare
1353 3768 1402 3830 ius
1417 3771 1483 3831 tra·

307 3891 415 3956 ctandi
430 3890 557 3976 aliquod
574 3892 737 3977 negotium
756 3891 913 3955 iudiciale.
927 3927 971 3939 -
986 3892 1067 3955 Item
1084 3892 1114 3954 in
1131 3888 1294 3953 fundando
1310 3885 1478 3962 beneficio,

307 4015 359 4079 vel
383 4017 529 4098 ecclesia,
547 4017 658 4081 caveri
681 4016 852 4101 aliquando
877 4017 967 4087 solet.
984 4022 1019 4081 ut
1036 4015 1271 4080 administratio
1288 4016 1319 4079 in
1338 4013 1479 4079 Rectore

306 4143 406 4207 certis
421 4140 586 4208 subiaceat
599 4141 835 4208 conditionibus
851 4148 907 4209 aut
921 4142 1172 4223 limitationibus‚
1188 4144 1361 4227 praecipue
1377 4141 1483 4225 quoad

307 4265 379 4330 lites
413 4266 648 4334 instaurandas.
682 4267 730 4333 (ll.
761 4266 1022 4353 Schmalzgrueb.
1048 4268 1093 4332 tit.
1118 4268 1168 4333 De
1196 4267 1313 4349 ind.§
1344 4266 1415 4350 le,-
1446 4271 1480 4332 et

305 4404 381 4469 cap.
405 4388 432 4459 1,
458 4389 507 4454 De
529 4390 681 4475 rescript.
706 4392 738 4454 in
763 4388 863 4455 Glem.
890 4388 978 4473 (1-2).
