3350 5117
425 346 492 409 534
954 358 1038 405 runs
1062 358 1085 403 1.

516 480 562 547 Do
586 481 802 547 conclusione
833 480 867 544 in
889 498 988 543 causa
1011 480 1184 541 innumera
1205 476 1374 560 loquuntur
1394 472 1527 559 legistin

426 612 553 681 nientu;
577 606 619 672 ci.
646 626 720 673 con.
745 606 791 685 11,
816 622 909 670 cous.
933 601 994 675 30.
1018 622 1050 687 q.
1074 603 1121 684 5,·
1142 607 1177 667 et
1192 622 1221 668 c.
1245 622 1275 667 c.
1290 601 1323 680 8,
1343 600 1388 665 Dc
1398 599 1528 682 procul

427 730 466 815 (l,
491 732 561 815 38);
586 732 620 800 5,
645 730 696 796 De
718 750 810 796 cous.
832 747 924 812 poss.
950 734 981 793 et
1001 746 1103 811 prop.
1126 727 1162 791 X
1183 724 1242 808 (ΙΙ.
1270 721 1527 807 13);1l,lleprot

426 854 452 941 (l
461 859 483 929 Ι,
500 858 572 942 19);
586 876 618 942 q.
636 856 688 927 10.
702 856 744 936 X,
757 854 810 921 De
822 855 880 941 fid.
894 854 969 919 inst.
983 854 1018 917 X
1026 853 1084 939 (ll,
1097 851 1163 935 22),
1176 851 1236 917 sed
1248 850 1357 915 nullibi
1370 852 1422 916 isla
1432 864 1528 931 express

426 982 634 1066 praecipitur.
652 980 867 1047 Nihilominus
882 980 997 1064 praxis
1024 976 1164 1042 forensis
1186 976 1376 1061 pluribusin
1394 971 1527 1037 locishuu

426 1106 508 1171 modi
543 1125 667 1171 morem
695 1104 820 1170 induxit
843 1104 934 1188 quasi
958 1102 1195 1168 solemnitatem
1218 1099 1448 1177 substantialem,
1465 1097 1494 1159 uti
1507 1108 1528 1157 n

425 1235 530 1295 statur
555 1230 734 1317 Pellegrini
760 1264 778 1277 ·
803 1248 858 1311 op.
883 1228 948 1299 cit,
971 1226 1012 1291 P.
1037 1226 1085 1297 ll.
1110 1225 1362 1291 Subiect12·
1383 1223 1426 1288 De
1448 1220 1526 1285 conor

424 1356 519 1421 sione
542 1355 578 1420 in
602 1374 708 1421 causo
724 1390 743 1403 ·
760 1356 812 1437 qui
832 1358 922 1419 notat
945 1351 1189 1417 conclusionem
1211 1348 1286 1415 fieri
1307 1366 1447 1432 cupresso
1459 1347 1494 1409 ul
1506 1351 1528 1405 ts

424 1479 497 1545 cite.
523 1514 541 1529 -
567 1480 740 1562 Empressc
763 1498 823 1563 per
846 1477 1021 1543 decretum
1044 1494 1107 1559 quo
1129 1474 1320 1539 solemniter
1341 1470 1528 1537 concludimus

424 1622 540 1677 causa;
565 1606 598 1667 et
621 1602 685 1667 hoc
709 1603 869 1687 praestari
885 1600 981 1665 debet
1004 1600 1037 1664 in
1063 1597 1190 1665 iudiciis
1204 1598 1373 1663 ordinariis
1386 1595 1430 1661 ubi
1448 1596 1528 1658 hocci-

424 1730 523 1813 quirit
546 1728 651 1815 stylus
674 1726 855 1793 tribunalis.
871 1762 916 1775 -
939 1725 1053 1791 Tacite
1075 1744 1156 1789 vero
1179 1722 1216 1788 fit
1227 1725 1262 1787 in
1285 1733 1528 1807 quacumqueune

424 1853 492 1917 sive
517 1852 581 1917 ritu
598 1852 778 1919 ordinario
795 1854 863 1917 sive
879 1850 1069 1917 summario
1088 1851 1221 1935 agitata
1238 1846 1362 1931 quando
1379 1840 1488 1931 partitos
1496 1858 1529 1901 n·

423 1974 508 2059 plius
535 1994 601 2039 non
625 1974 872 2059 recognoscitur
894 1972 1033 2038 facultas
1049 1971 1250 2057 producendi
1273 1969 1455 2057 probationes
1469 1958 1528 2025 otti·
1565 1957 1567 2072 J

424 2098 548 2182 lapsum
573 2099 747 2162 terminum
770 2095 991 2183 probatorium
1016 2100 1114 2161 antea
1137 2096 1356 2161 constitutum.
1565 2099 1567 2172 t

515 2220 619 2287 Hodie
643 2222 720 2307 quia
743 2222 775 2285 in
799 2222 899 2287 curiis
921 2221 1143 2285 solemnitates
1167 2219 1334 2285 iudiciales
1355 2206 1528 2303 pammatni

424 2350 567 2429 possunt,
594 2346 764 2412 conclusio
787 2345 824 2410 in
848 2364 963 2426 causo,
987 2344 1086 2410 docile
1110 2364 1176 2407 non
1200 2361 1369 2426 cupresso,
1383 2338 1458 2405 statui
1473 2332 1528 2397 silc.
1565 2363 1567 2378 r

424 2486 529 2551 neque
552 2467 607 2533 hic
631 2486 699 2531 mos
724 2465 951 2552 improbandus
974 2472 1031 2530 est.
1565 2535 1566 2544 χ

512 2592 588 2657 533.
615 2592 682 2657 Per
704 2591 953 2658 conclusionem
977 2592 1010 2654 in
1027 2611 1126 2656 causa
1143 2590 1309 2658 clauditur
1330 2575 1528 2675 periodusputc
1565 2561 1566 2564 ¹

421 2714 514 2795 toria,
539 2719 573 2779 et
605 2714 748 2781 succedit
780 2720 906 2799 tempus
937 2733 999 2797 quo
1030 2720 1098 2779 tum
1122 2714 1222 2780 iudex
1246 2721 1315 2784 tum
1337 2717 1431 2799 panes
1452 2700 1527 2769 sum

421 2838 506 2903 actis
529 2844 562 2904 et
583 2838 747 2921 protunc,
761 2837 844 2903 haec
867 2838 953 2902 inter
976 2856 1012 2901 se
1035 2836 1247 2903 conterendo.
1273 2838 1356 2903 Hinc
1376 2837 1468 2920 parics
1482 2825 1528 2887 niu

420 2964 629 3030 conclusione
653 2966 686 3030 in
710 2984 816 3037 causa,
842 2964 1022 3030 invitantur
1044 2963 1311 3031 oct'dicendum
1333 2971 1362 3031 et
1381 2951 1527 3044 nodulo

421 3090 457 3156 in
480 3090 556 3157 iure
579 3096 612 3157 et
634 3091 671 3157 in
694 3091 797 3174 sacto,
813 3092 859 3156 uti
884 3090 983 3157 habet
1007 3091 1186 3176 Pellegrini
1205 3094 1228 3158 l.
1246 3113 1273 3159 c.
1295 3090 1386 3158 Sulis.
1407 3086 1447 3155 13.
1463 3071 1527 3146 seuit
1565 3069 1567 3169 l

421 3214 626 3281 deducendas
640 3216 864 3282 conclusiones
880 3234 923 3280 ex
934 3216 1042 3280 allatis
1054 3221 1087 3281 et
1102 3216 1260 3301 probatis.
1278 3198 1349 3283 Hoc
1362 3214 1394 3281 fit
1406 3220 1527 3298 percat&
1565 3247 1567 3385 ,

422 3338 687 3423 disceptationem
712 3338 841 3425 scriptis
863 3344 897 3404 et
919 3344 1082 3405 oretenus.

509 3462 584 3528 534.
612 3462 713 3529 ludex
729 3482 808 3527 vero
833 3467 957 3527 attente
978 3481 1116 3548 pensare
1131 3460 1231 3530 debet
1254 3468 1331 3530 acto
1346 3468 1375 3527 et
1390 3455 1527 3544 protolli,fil
1565 3505 1567 3582 y

418 3584 492 3649 dein
516 3586 666 3670 proferat
700 3587 891 3652 seutentiam
924 3582 1119 3650 definitivam
1145 3605 1188 3650 ex
1214 3588 1329 3653 intima
1348 3586 1430 3651 animi
1448 3589 1526 3663 peon·
1565 3620 1567 3707 J

1565 3417 1567 3429 l

1565 3431 1567 3445 l

1565 3461 1567 3476 l

1565 3483 1567 3490 s

417 3712 516 3776 sione.
538 3710 606 3775 Imo
634 3712 659 3775 si
676 3716 829 3777 occurrat
852 3710 980 3795 aliquod
1004 3708 1144 3791 dubium,
1162 3719 1278 3795 posset
1292 3715 1357 3799 ipse
1376 3702 1526 3796 pusinn-

418 3852 546 3918 rogare,
573 3834 626 3900 vol
658 3834 798 3900 invitare
821 3833 863 3899 ad
885 3833 1099 3900 declarandas
1122 3834 1285 3902 adductas
1306 3814 1525 3923 probatione

419 3959 513 4026 docet
537 3980 612 4044 cop.
639 3962 691 4035 10,
716 3960 770 4027 Dc
791 3962 850 4047 fid.
874 3960 952 4027 inst.
975 3961 1017 4033 X,
1043 3980 1178 4047 nempe:
1206 3982 1226 4026 ‹
1247 3968 1418 4046 postquam
1435 3973 1452 4015 o
1464 3940 1525 4030 pffil·

418 4084 479 4151 lius
503 4086 612 4151 coctilit
636 4085 673 4151 in
704 4104 808 4151 corno
833 4087 1063 4152 conclusum...
1089 4085 1198 4152 iudces
1223 4084 1301 4173 (qui
1321 4102 1416 4169 inque
1432 4075 1465 4143 nl
1481 4081 1524 4152 pir

418 4208 581 4274 lotionem
604 4209 789 4274 sentcntiae
812 4209 909 4275 debet
923 4208 1086 4275 universo
1100 4209 1247 4299 rimari)
1260 4210 1366 4295 possit
1384 4202 1524 4280 intorno

417 4331 460 4395 dc
483 4332 575 4415 focio
600 4332 728 4417 quoties
753 4330 973 4398 dubitationis
996 4330 1130 4416 aliquid
1153 4335 1311 4401 occurrit
1331 4309 1523 4412 »siquinus

415 4460 543 4520 cretum
568 4456 795 4523 conclusionis
818 4456 856 4523 in
887 4476 993 4523 causo
1016 4456 1140 4523 directe
1171 4464 1267 4528 tenet
1288 4463 1396 4547 partes,
1414 4466 1461 4516 non
1480 4431 1523 4502 iul·
