3350 5117
429 339 495 404 480
954 359 1037 408 ruas
1061 359 1083 406 1.

510 481 585 546 460.
596 481 693 548 Aliud
705 481 938 548 iuramentum
950 481 1111 549 iudiciale
1123 487 1181 564 est,
1191 482 1276 568 quod
1287 483 1376 548 iudex
1386 483 1536 550 obdelectm

428 605 543 691 plenae
566 607 763 693 probationis
788 609 841 672 uui
866 628 909 672 ex
932 607 1131 693 litigantibus
1155 607 1275 684 delert;
1298 627 1401 694 nempe
1426 611 1501 673 actori
1516 615 1538 671 ut

428 729 524 815 plene
546 729 661 815 probet
682 730 854 804 actionem,
879 749 937 796 reo
961 735 996 796 ut
1018 730 1134 816 probet
1155 733 1383 818 exceptionem.
1404 733 1472 796 Hinc
1488 731 1540 795 solet

428 855 586 941 appellari
608 857 643 920 in
666 853 820 922 ciuilibus
846 854 1117 938 suppletomum5
1148 855 1182 919 in
1213 853 1431 921 mimiuabbus
1452 872 1539 939 purpo-

429 979 565 1061 torium,
578 979 653 1064 quia
676 979 825 1046 defertur
847 1000 905 1046 reo
929 979 1061 1045 habenti
1084 984 1197 1046 contre
1223 1000 1258 1045 se
1281 980 1410 1064 aliquam
1435 979 1539 1062 suspicio

428 1125 502 1171 nem
525 1110 581 1171 aut
603 1107 897 1192 praesumptionem
929 1106 1083 1188 criminis,
1103 1125 1198 1191 quam
1229 1106 1363 1172 destruit
1389 1105 1542 1169 omninum

428 1229 620 1309 iuramento,
644 1230 689 1294 ita
711 1234 748 1296 ut
769 1234 880 1315 postea
905 1229 1091 1294 declaretur
1112 1229 1282 1296 innocens:
1314 1230 1353 1295 de
1380 1229 1435 1294 hoc
1459 1229 1485 1292 in
1505 1225 1541 1288 uio

428 1349 512 1415 libro
535 1371 641 1416 sermo
658 1353 730 1416 erit.
747 1387 791 1400 -
804 1348 920 1418 Differt
935 1355 1150 1418 iuramentum
1173 1353 1412 1436 suppletorium
1427 1351 1459 1415 ab
1477 1353 1543 1414 mm

429 1474 568 1540 iudiciali
591 1481 624 1541 et
646 1475 687 1542 ab
709 1477 774 1542 alio
796 1477 956 1552 iudiciali;

520 1603 551 1684 l)
576 1604 651 1685 quia
673 1603 737 1668 hoc
759 1608 808 1668 est
830 1603 977 1668 absolute
1000 1603 1231 1669 necessarium
1262 1608 1295 1668 et
1325 1601 1465 1688 praestari
1488 1596 1544 1662 debet

428 1735 564 1811 aparte
587 1731 638 1794 cui
662 1729 813 1794 delatum
844 1735 902 1802 est,
924 1732 1000 1814 quin
1032 1731 1132 1815 possit
1160 1730 1308 1812 referri:
1338 1730 1407 1814 quia
1431 1727 1544 1792 exclusive

428 1852 483 1915 uni
507 1853 591 1935 parti
614 1871 634 1915 a
656 1851 762 1917 iudice
784 1851 947 1927 desertum

517 1977 550 2064 2)
567 1983 600 2043 et
612 1979 689 2042 hinc
701 1978 790 2043 nulla
802 1981 834 2042 in
848 1979 910 2044 hoc
923 1979 1061 2045 habetur
1073 1980 1195 2065 species
1206 1980 1437 2045 transactionis.
1452 1971 1546 2040 Pmiule

429 2104 534 2183 potest
556 2097 680 2164 admitti
703 2102 798 2164 etiam
821 2101 856 2164 in
879 2101 984 2166 causis
1009 2095 1308 2184 matrimonialibus}
1329 2099 1367 2165 de
1390 2098 1484 2183 quibus
1501 2112 1546 2156 teu

428 2225 563 2310 transigi
581 2242 645 2287 non
661 2229 775 2310 potest.
796 2215 858 2291 Sed
883 2245 948 2289 non
970 2224 1148 2290 admittitur
1164 2225 1197 2290 in
1212 2228 1323 2292 causis
1341 2225 1466 2291 maxime
1478 2219 1547 2285 artus

397 2333 401 2342 ¹
429 2357 462 2415 et
483 2351 591 2436 magni
615 2349 803 2435 praeiudicii
826 2350 867 2415 ob
891 2350 1069 2436 periculum
1093 2349 1237 2435 periurii.

517 2476 551 2559 3)
575 2469 689 2539 Differt
711 2476 886 2560 praecipue
908 2475 950 2540 ab
973 2477 1044 2540 aliis
1067 2495 1141 2540 cum
1165 2475 1206 2540 sit
1227 2475 1466 2560 suppletorium
1483 2476 1505 2533 et
1520 2467 1548 2528 le

429 2599 511 2665 ferri
534 2619 598 2664 non
622 2600 730 2684 possit,
750 2599 877 2684 quando
901 2601 943 2668 sit
966 2601 1028 2663 iam
1051 2600 1186 2666 intentio
1216 2601 1289 2665 sire
1320 2599 1435 2665 actoris
1458 2597 1508 2660 sire
1523 2587 1549 2654 ui

428 2719 627 2787 sufficienter
649 2720 802 2806 probata:
819 2741 894 2804 cap.
910 2721 946 2793 2,
964 2721 1014 2786 De
1025 2721 1123 2803 prob.
1140 2723 1181 2802 X,
1199 2741 1262 2786 nec
1286 2721 1412 2806 quando
1432 2718 1495 2784 nihil
1506 2733 1549 2800 pu·-

428 2848 536 2914 batum
562 2848 629 2917 luit,
643 2849 718 2931 quia
739 2852 817 2912 tunc
835 2867 909 2911 reus
925 2844 1119 2922 absolvitur;
1136 2847 1192 2912 sed
1208 2846 1362 2913 defertur
1383 2847 1420 2911 ad
1440 2842 1550 2926 cornplu·

429 2973 485 3038 das
508 2971 713 3059 probationes
735 2971 804 3034 sive
828 2970 1000 3034 instantiae
1023 2971 1143 3035 actoris
1166 2970 1233 3036 sive
1258 2974 1310 3038 rei
1335 2969 1511 3038 defensionis.

517 3097 551 3181 4)
566 3095 709 3161 Tandem
722 3090 837 3176 differt,
851 3095 1002 3179 quianon
1015 3114 1057 3160 ex
1068 3098 1287 3163 conventione
1300 3099 1435 3181 partium
1445 3093 1550 3158 defertu.

428 3220 483 3285 sed
506 3221 538 3284 vi
561 3218 685 3285 decreti
709 3217 831 3299 iudicis,
846 3217 929 3302 quod
952 3225 1059 3284 tamen
1084 3219 1190 3284 editur
1212 3219 1267 3285 vel
1293 3241 1341 3288 em
1365 3221 1462 3306 officio
1480 3216 1517 3280 ul
1531 3210 1551 3274 u

428 3343 626 3409 instantiam
643 3344 767 3425 portic.

518 3469 591 3534 461.
611 3469 677 3533 Pro
693 3489 770 3533 casu
786 3473 940 3536 concreto
957 3471 1104 3535 exoritur
1116 3467 1291 3536 difficultas
1307 3491 1352 3538 an
1369 3473 1416 3538 rei
1436 3471 1478 3534 rel
1490 3462 1550 3530 actm

427 3592 532 3677 potius
555 3591 766 3657 deferendum
789 3595 839 3658 sit.
865 3593 1101 3659 Praenotamus
1115 3593 1350 3677 favorabilem
1374 3618 1439 3664 esse
1457 3592 1552 3660 hanci-

427 3716 565 3780 ramenti
582 3713 784 3796 delationem,
797 3735 870 3780 cum
887 3717 1103 3781 iuramentum
1118 3736 1199 3782 onus
1215 3721 1372 3806 suppleat
1386 3720 1501 3788 ulterius
1511 3729 1553 3800 pu·

427 3835 534 3904 bandi.
558 3839 704 3906 Exinde:

520 3959 551 4043 1)
575 3962 601 4025 si
618 3967 710 4026 actor
726 3967 758 4026 et
775 3980 851 4026 reus
863 3961 1044 4046 aequaliter
1056 3965 1231 4048 semiplene
1242 3967 1463 4052 probaverint.
1475 3957 1553 4045 um

429 4107 543 4160 causa,
568 4088 684 4154 melior
714 4094 764 4153 est
795 4091 843 4154 rei
875 4088 1015 4156 conditio
1047 4094 1139 4176 eique
1163 4094 1385 4164 iuramentum
1413 4094 1541 4162 deleratu-

518 4210 552 4296 2)
577 4211 651 4276 Dixi
673 4212 710 4276 iu
728 4213 811 4294 pari
834 4232 948 4279 causa.
976 4215 1055 4279 Nam
1083 4217 1109 4281 si
1141 4236 1217 4282 reus
1248 4220 1294 4284 sit
1326 4239 1459 4307 perseus
1484 4228 1551 4302 psus

427 4332 563 4400 honesta
586 4345 640 4401 aut
664 4343 822 4422 suspecta,
847 4340 900 4405 vel
933 4360 1031 4406 causa
1060 4343 1180 4408 actoris
1209 4343 1250 4408 sit
1283 4344 1478 4428 fauorabilis
1493 4351 1552 4404 sms'

429 4458 508 4524 iuris
531 4461 601 4525 iam
623 4464 802 4546 explicato,
828 4468 930 4532 actori
954 4467 1059 4552 potius
1082 4465 1299 4535 deterendum
1325 4477 1426 4548 esset;
