3350 5117
362 270 431 335 574
904 281 987 329 raas
1011 281 1032 328 1.

364 410 422 477 sed
446 411 586 475 maxime
609 410 641 473 in
665 405 929 494 procuratoribus
944 407 971 470 si
994 425 1077 472 unus
1101 410 1282 470 revocetur
1304 409 1364 468 aut
1388 411 1547 467 recusetur
1628 379 1630 398 Ι

363 540 421 601 aut
443 533 592 601 decedat:
617 534 709 599 iuxta
731 532 891 618 principia
907 532 969 595 iam
994 529 1158 615 explicata
1182 532 1217 593 in
1241 529 1343 593 titulo
1361 528 1412 593 De
1431 546 1548 610 procu·

363 657 546 724 rnloribue.
572 656 619 723 Gi.
646 656 667 721 l.
692 655 713 719 t.
739 654 771 736 8,
796 654 843 725 11.
867 653 929 735 22,
952 651 1004 719 23
1029 652 1109 719 cod.
1135 653 1186 717 De
1207 654 1400 735 procurat.

454 780 530 846 589.
556 779 653 862 Atqui
675 778 750 843 talis
773 776 954 842 substitutio
977 794 1192 861 personarum
1212 776 1249 839 in
1264 773 1392 840 iudicio
1416 772 1547 856 legitime

365 926 430 971 non
454 903 489 971 fit
511 906 581 999 sine
597 905 704 988 aliqua
719 903 913 988 cognitione,
929 920 992 987 qua
1014 906 1124 987 pateat
1140 920 1284 984 quonam
1303 900 1382 964 iure
1406 900 1479 983 quis
1492 916 1549 961 sue

364 1031 460 1099 cedat
483 1032 515 1094 in
540 1030 673 1096 alterius
694 1029 800 1095 locum
824 1048 883 1095 seu
905 1028 945 1093 lis
967 1027 1008 1093 ab
1031 1028 1095 1091 alio
1119 1032 1361 1093 reassumatur.
1379 1026 1547 1091 Exindein
1628 1083 1630 1110 ,

365 1122 430 1216 bac
452 1150 558 1215 iudicii
582 1149 795 1214 translatione
818 1154 851 1214 et
872 1148 939 1214 litis
954 1149 1210 1233 reassumptione
1233 1147 1444 1213 admittenda
1458 1158 1491 1213 et
1506 1147 1549 1211 ad·
1628 1143 1630 1246 ξ

367 1276 532 1363 probanda
548 1277 732 1340 continetur
746 1274 903 1360 quaedam
919 1274 1071 1341 incidens
1086 1275 1250 1359 quaestio.
1269 1276 1332 1347 lta,
1352 1294 1409 1339 em
1423 1294 1485 1361 gr,
1497 1274 1548 1337 d's·
1628 1251 1630 1302 ἶ

365 1404 447 1469 serit
475 1402 532 1467 lem
555 1402 613 1473 27,
637 1402 672 1485 ff.
697 1399 746 1465 De
765 1418 884 1483 proc:
908 1419 926 1462 ‹
953 1400 992 1463 ln
1015 1418 1132 1464 causae
1155 1399 1346 1485 cognitione
1373 1400 1474 1464 etiam
1495 1400 1549 1463 boc
1628 1431 1630 1440 =

366 1523 561 1605 versabitur,
586 1530 621 1589 ut
651 1525 696 1587 ita
719 1522 847 1588 demum
869 1522 1044 1587 transferri
1068 1541 1088 1587 a
1111 1527 1330 1607 procuratore
1361 1522 1414 1603 (ia
1436 1521 1547 1594 etiarn]
1628 1527 1630 1606 ξ

367 1653 517 1717 iudicium
542 1651 756 1735 permittatur,
773 1650 888 1732 siquis
912 1650 1019 1713 omnia
1041 1647 1150 1714 iudicii
1172 1648 1214 1712 ab
1234 1668 1274 1713 eo
1298 1648 1492 1712 transferre
1505 1667 1550 1731 pa·

368 1782 457 1840 ratus
480 1776 538 1849 sit;
563 1780 708 1838 ceterum
731 1775 757 1838 si
781 1774 861 1838 velit
882 1772 1037 1857 quaedam
1060 1772 1255 1852 transferre,
1272 1771 1440 1855 quaedam
1464 1772 1550 1836 relin
1628 1771 1630 1842 j

365 1916 477 1981 quere,
502 1897 584 1960 iuste
607 1900 799 1981 procurator
815 1896 902 1961 hanc
918 1896 1166 1961 inconstantiam
1190 1894 1360 1961 recusabit
1376 1916 1409 1959 a.
1425 1898 1507 1961 liam
1521 1896 1549 1957 in

367 2024 390 2087 l.
404 2020 460 2103 48,
474 2021 523 2086 De
534 2020 643 2103 samii.
658 2020 775 2086 ltercis.
789 2020 876 2086 haud
891 2019 1051 2086 dissimilis
1068 2040 1163 2084 casus
1176 2019 1425 2095 consideratum
1443 2039 1549 2104 nempe
1628 2101 1630 2112 Ι

372 2144 441 2208 ‹si
464 2142 605 2207 familiae
634 2140 871 2207 herciscundae
893 2140 945 2205 vel
970 2142 1131 2206 communi
1154 2140 1333 2207 dividundo
1358 2140 1414 2205 rel
1443 2138 1546 2204 finium
1628 2177 1630 2186 =

367 2263 587 2350 regundorum
611 2270 703 2329 actor
718 2266 760 2329 sit
774 2268 807 2329 et
830 2284 912 2329 unus
929 2284 972 2328 ex
993 2262 1209 2349 litigatoribus
1226 2263 1272 2349 (l)
1289 2264 1475 2329 decesserit
1489 2263 1547 2349 plu-

369 2389 458 2454 ribus
481 2389 603 2453 relictis
627 2388 811 2471 heredibus,
835 2409 900 2454 non
924 2394 1030 2475 potest
1051 2390 1086 2453 in
1103 2394 1226 2471 partes
1247 2388 1420 2453 iudicium
1444 2387 1547 2461 scindi,
1628 2433 1630 2484 ÷

366 2514 425 2579 sed
448 2519 503 2579 aut
525 2531 636 2579 omnes
659 2514 797 2580 heredes
813 2518 963 2601 accipere
987 2514 1019 2579 id
1043 2512 1161 2578 debent
1182 2519 1240 2577 aut
1261 2512 1344 2577 dare
1368 2533 1472 2578 unum
1484 2532 1548 2598 pro

367 2646 551 2706 curatorem
577 2642 609 2705 in
633 2660 727 2724 quem
751 2642 892 2704 omnium
916 2641 1046 2704 nomine
1069 2638 1221 2703 iudicium
1244 2644 1367 2723 agatur
1391 2659 1423 2702 ›.
1444 2637 1547 2711 Quoad

369 2786 448 2831 vero
480 2766 715 2830 successionem
747 2785 803 2829 seu
826 2762 935 2829 iudicii
958 2764 1204 2830 translationem
1229 2762 1268 2827 de
1293 2782 1360 2827 une
1393 2764 1427 2827 in
1456 2763 1546 2827 alium

368 2890 505 2955 iudicem
529 2890 715 2955 attendatur
739 2890 759 2955 t.
785 2888 847 2962 60,
870 2891 906 2973 ff.
926 2890 978 2955 De
996 2889 1078 2971 tue,
1102 2890 1210 2953 aiens:
1238 2910 1258 2951 e
1282 2890 1415 2954 Mortuo
1438 2886 1545 2955 iudica

458 3121 498 3194 (l)
517 3120 582 3177 cod.
601 3122 651 3174 cit.
671 3120 752 3189 Greg.
773 3119 842 3173 haec
860 3118 977 3173 statuit:
1002 3120 1064 3191 ¹Art.
1084 3117 1152 3172 903:
1171 3136 1188 3169 ‹
1207 3118 1310 3184 Quum,
1328 3118 1383 3174 lite
1402 3118 1542 3188 mudena,
1628 3153 1630 3158 ·

367 3230 461 3283 locum
480 3228 583 3283 habeat
595 3244 669 3281 mors
687 3230 737 3280 aut
755 3225 875 3281 mutatio
893 3228 983 3280 status
994 3224 1161 3279 alterutrius
1174 3224 1324 3293 litigantis,
1338 3224 1388 3280 lex
1404 3224 1544 3279 consetur

371 3336 411 3389 uti
429 3334 571 3389 dominum
591 3333 658 3399 litis,
671 3332 748 3387 illius
760 3332 848 3401 partis
866 3336 1076 3401 procuratorem
1086 3348 1110 3382 r.
1122 3332 1183 3384 Art.
1193 3330 1262 3384 904:
1281 3349 1298 3382 ι
1309 3331 1387 3385 Mors
1399 3335 1452 3386 ant
1462 3337 1544 3385 statas
1628 3331 1630 3334 ’

367 3442 488 3496 mutatio
506 3439 698 3495 denuncienda
716 3440 770 3494 erit
781 3437 865 3493 alteri
878 3438 965 3509 parti;
984 3437 1207 3492 denunciationis
1220 3453 1288 3493 sero
1299 3443 1382 3493 actus
1393 3437 1541 3493 huiumed

371 3550 439 3604 fecti
457 3549 635 3620 probationes
654 3550 757 3604 referet
776 3565 800 3605 ›-
821 3548 881 3601 nrt.
900 3546 967 3601 905:
985 3547 1104 3601 «Actus
1122 3545 1331 3602 denunciationi
1350 3548 1541 3601 mtecedentes

367 3660 453 3711 erunt
470 3656 564 3723 validi,
580 3654 707 3725 quamvis
725 3652 852 3723 inscripti
870 3653 928 3707 sint
945 3652 1057 3707 nomine
1075 3652 1199 3707 defuncti
1219 3658 1269 3707 aut
1288 3653 1367 3708 illius
1385 3656 1436 3725 qni
1454 3670 1539 3723 passas

371 3767 414 3817 est
432 3766 522 3816 status
540 3762 723 3816 mutationem
742 3777 767 3819 »-
782 3762 842 3815 nrt.
861 3761 930 3816 906:
949 3758 1077 3815 <Mortis
1095 3760 1284 3827 denunciatio,
1303 3767 1354 3815 ant
1371 3765 1542 3816 secuheeta·

371 3872 417 3920 tus
435 3866 598 3920 mutationis
617 3882 671 3921 uon
691 3865 839 3936 prohibent
858 3866 1006 3938 quominus
1023 3882 1108 3920 causa
1126 3866 1269 3921 sententia
1285 3866 1457 3933 abmlratur,
1469 3882 1540 3938 quun

369 3976 432 4033 eius
444 3975 610 4045 disceptatio
623 3976 678 4029 iam
697 3974 826 4029 absoluta
837 3974 890 4040 sit;
910 3978 939 4029 et
951 3990 1007 4028 non
1023 3973 1146 4043 supersit
1159 3974 1214 4029 nisi
1227 3974 1383 4029 sententiae
1394 3972 1512 4044 prelatio
1518 3989 1538 4023 r.
1628 4015 1630 4024 .

371 4084 433 4137 Art.
452 4082 517 4136 907:
536 4080 639 4135 «Aliis
657 4082 686 4135 in
699 4082 809 4135 casibus
827 4080 960 4135 iudicium
973 4079 1169 4149 suspenditur3
1189 4081 1245 4136 erit
1262 4080 1486 4136 reassumendum
1500 4094 1538 4149 per

372 4187 534 4243 instantiam
548 4186 715 4241 incidentem
728 4186 901 4256 procuratori
913 4184 1110 4241 denunciatam
1124 4191 1225 4256 utpote
1236 4186 1345 4241 domiuo
1357 4186 1418 4241 litis
1431 4188 1468 4240 ob
1478 4200 1537 4239 mor
1628 4205 1630 4274 p

372 4298 430 4349 tem
443 4296 492 4347 aut
504 4296 593 4346 status
606 4293 789 4346 mutationem
802 4290 845 4345 sui
855 4290 982 4357 clientis3
994 4290 1155 4345 huiusmodi
1169 4293 1473 4348 instantiacitationem
1482 4307 1533 4345 ene
1628 4297 1630 4300 '

371 4402 474 4457 tinebit
492 4400 526 4455 ad
544 4400 713 4455 audientiam
733 4417 787 4471 qua
805 4399 1015 4469 disceptandum
1032 4402 1076 4454 est
1100 4400 1238 4457 meritum
1255 4418 1352 4457 causae
1370 4402 1399 4455 in
1416 4417 1451 4455 ee
1466 4402 1527 4453 state
1628 4399 1630 4434 :
