3350 5117
313 361 382 428 246
843 383 927 432 rans
951 381 974 430 1.

313 501 417 568 stituti
442 503 641 586 possessorii,
655 501 729 568 dum
753 503 786 568 in
810 503 880 569 cod.
904 505 966 569 civ.
991 505 1110 572 mentio
1134 503 1272 570 habetur
1287 507 1501 590 possessionis

312 623 419 688 civilis
450 629 483 689 et
517 624 621 690 bonae
650 623 729 691 ‘fidei
764 626 804 691 ad
839 624 973 692 effectus
1003 629 1278 718 praescriptionis,
1310 627 1344 692 in
1374 629 1499 696 duobus

311 753 375 812 art
399 747 609 826 2228-2229;
640 751 678 816 ia
709 751 782 818 cod.
814 771 895 816 vero
921 753 1140 836 procederae
1171 753 1232 818 cio.
1263 757 1326 818 art.
1358 753 1402 818 23
1433 758 1496 819 sta·

310 876 450 939 tuantur
465 875 668 942 conditiones
683 897 744 963 pro
761 876 970 943 concedenda
985 877 1259 961 manutentione5
1281 882 1314 942 et
1330 877 1499 944 dumtaxat

311 1012 413 1078 opera
436 997 712 1082 iurisprudentiaa
736 1000 842 1086 coepit
863 999 988 1065 admitti
1012 1004 1045 1065 et
1067 997 1214 1065 adhiberi
1245 999 1423 1065 remedium
1445 1020 1497 1067 re·

310 1117 519 1186 stitotosium
543 1141 601 1187 seu
624 1123 913 1209 redinteoroadoe
932 1123 1155 1206 possessionis
1170 1120 1226 1209 (l).

401 1245 478 1312 213.
504 1247 694 1314 Huiusmodi
717 1250 955 1315 immutationes
970 1249 1221 1335 iurisprudentia
1236 1249 1375 1315 forensis
1391 1249 1499 1315 civilis

312 1374 449 1454 operata
473 1377 530 1445 est,
556 1393 636 1457 quas
663 1376 760 1440 otiam
793 1375 907 1440 euriae
937 1375 1176 1441 ecclesiasticae
1206 1375 1319 1440 saltem
1351 1393 1394 1438 ex
1423 1376 1497 1439 iure

311 1495 503 1578 particulari
520 1516 585 1563 non
605 1497 735 1582 scripto,
752 1517 816 1561 non
832 1517 946 1583 parurn
962 1495 1138 1564 subierunt.
1157 1497 1219 1563 Sed
1234 1500 1346 1564 notatu
1363 1496 1495 1584 dignum

311 1624 372 1693 est,
397 1621 584 1688 canonistas
607 1642 718 1688 omnes
748 1623 890 1708 pressius
921 1623 954 1687 iu
986 1623 1051 1688 suis
1075 1624 1314 1688 commentariis
1344 1623 1510 1690 insistere·

311 1745 461 1831 vestigiis
484 1747 564 1811 iuris
590 1748 714 1811 romani
738 1754 771 1814 et
792 1746 903 1813 sedulo
927 1767 1055 1820 curare,
1080 1753 1195 1813 vetera
1225 1747 1369 1813 remedia
1391 1751 1496 1814 amice

311 1884 389 1930 cum
413 1867 508 1930 novis
541 1886 745 1953 componere.
769 1868 931 1952 Siquidem
955 1870 1004 1932 ius
1026 1887 1140 1934 comm.
1166 1869 1356 1934 canonicum
1380 1890 1400 1935 a
1423 1871 1498 1936 iure

310 1986 524 2057 decretalium
549 2012 614 2056 non
637 1990 778 2059 deflexit.

404 2253 443 2322 (l)
463 2255 493 2307 lu
513 2256 599 2310 curiis
617 2256 715 2312 eccles.
734 2272 819 2310 caiisa
837 2256 1018 2326 possessionis
1036 2256 1151 2311 tractari
1176 2257 1321 2310 consuevit
1339 2272 1388 2325 per
1406 2256 1497 2310 inter-

309 2357 389 2412 dicta
406 2359 476 2413 iuris
497 2377 573 2428 rom,
595 2365 745 2417 reformata
764 2363 875 2434 parius
894 2362 1155 2430 Decretalium,sed
1175 2379 1273 2434 reapse
1297 2365 1391 2434 pranis
1416 2370 1495 2419 certa

290 2466 293 2473 '
309 2467 341 2520 et
363 2466 530 2526 universalis
541 2467 638 2524 habita
651 2486 706 2523 nou
725 2476 768 2525 est
787 2472 815 2524 in
835 2472 897 2524 soro
909 2470 985 2537 eccl,
998 2470 1064 2540 quia
1077 2469 1234 2540 praevaluit
1246 2487 1305 2524 mos
1318 2486 1416 2524 causas
1431 2489 1493 2542 pos·

308 2572 453 2640 sessionis,
473 2574 574 2645 quippe
598 2580 740 2631 vertentes
763 2578 838 2631 circa
861 2582 967 2648 suctum
992 2577 1133 2632 deserendi
1158 2577 1192 2630 ad
1214 2577 1319 2632 iudices
1338 2578 1438 2638 laicos:
1458 2581 1493 2633 ct.

309 2672 492 2748 Van-Espen.
512 2679 530 2734 l.
551 2697 574 2735 c.
587 2709 621 2724 ·-
635 2681 802 2736 Canonistae
821 2698 887 2736 vero
906 2686 1062 2751 congerunt
1081 2681 1226 2734 innumera
1246 2681 1367 2736 remedia
1387 2699 1495 2751 posses·

307 2781 400 2839 sionis
418 2787 568 2857 praecipue
586 2787 799 2858 recuperandae,
812 2787 958 2857 desumpta
976 2804 1012 2842 ex
1030 2787 1156 2856 pluribus
1169 2785 1280 2856 legibus
1299 2787 1368 2840 iuris
1380 2803 1449 2840 rom.
1465 2793 1494 2846 et

248 2905 255 2922 ’
309 2899 505 2956 Decretalibus
523 2897 593 2951 iuris
611 2915 670 2951 can.
690 2897 730 2950 Cf.
744 2896 932 2964 Menochium,
946 2898 987 2951 De
1000 2897 1075 2967 odip.
1088 2906 1139 2951 ret.
1160 2907 1186 2950 et
1204 2913 1300 2966 recep.
1314 2911 1395 2966 poss.,·
1416 2895 1495 2951 Reii-

308 3005 443 3072 fenstuel,
461 3009 491 3058 in
510 3006 550 3059 sit.
563 3005 606 3060 Do
624 3014 690 3059 rest.
702 3006 814 3074 spoliat.
827 3009 858 3059 et
872 3003 1033 3073 Pellegriui,
1047 3003 1150 3058 Proxis
1169 3004 1234 3070 Vic,
1253 3003 1329 3058 Part.
1342 3005 1370 3071 2,
1384 3013 1449 3058 sect.
1463 3005 1493 3070 3,

307 3119 417 3171 subsec.
435 3117 465 3181 3,
486 3117 569 3168 inter.
588 3114 631 3166 21.
651 3143 685 3155 -
704 3112 757 3168 Sed
777 3114 863 3167 nimia
882 3113 1059 3168 observantia
1078 3117 1121 3167 tot
1140 3113 1323 3168 remediorum
1343 3113 1436 3167 effecit
1462 3117 1494 3167 ut

309 3239 415 3292 parum
433 3219 564 3289 expedita
581 3218 763 3288 procederent
780 3218 883 3273 iudicia
902 3219 1069 3288 possessoris
1088 3219 1116 3272 in
1134 3219 1195 3272 soro
1214 3219 1290 3273 eccla
1311 3220 1396 3274 refert
1414 3217 1493 3272 Vaa-

308 3327 414 3396 lispeu.
433 3324 451 3378 l.
472 3341 496 3378 c.
515 3327 545 3377 et
564 3321 603 3377 De
622 3322 698 3376 Luca
715 3321 733 3375 l.
753 3339 776 3375 c.
796 3351 830 3362 -
850 3322 885 3375 Et
903 3320 970 3375 hinc
989 3320 1134 3390 litigantes
1147 3323 1318 3391 exoptabant
1336 3322 1381 3377 vel
1401 3322 1434 3376 ad
1454 3323 1497 3378 ci-

308 3427 382 3482 viles
400 3428 493 3481 curias
512 3425 626 3495 litigare
645 3426 679 3480 de
693 3429 866 3497 possessorio
879 3425 924 3480 vel
944 3425 1016 3495 apud
1029 3425 1121 3479 corias
1133 3425 1199 3480 eccl.
1213 3426 1317 3480 inferre
1329 3442 1420 3480 mores
1439 3427 1493 3480 tri·

308 3532 453 3588 bunalium
479 3531 732 3588 civilium-lam
751 3532 878 3586 incuria
903 3549 1018 3588 romana
1043 3537 1189 3602 exceptum
1215 3532 1270 3587 fuit
1293 3533 1492 3601 possessorium

309 3642 584 3708 summariissimum,
598 3643 632 3694 cs.
648 3639 821 3710 Ridolphini,
837 3641 939 3694 Proseis
958 3643 1063 3706 cutiae,
1077 3641 1152 3694 Port.
1165 3642 1194 3705 2,
1210 3658 1269 3712 cop.
1284 3641 1326 3693 12.
1341 3641 1376 3694 Et
1390 3640 1417 3692 in
1432 3641 1492 3694 cod.

307 3745 357 3801 cit
377 3745 460 3815 Greg.
482 3745 548 3800 xvi
567 3743 688 3799 habetur
705 3748 771 3799 sect
792 3745 816 3796 V
835 3745 982 3815 inscripta:
1002 3746 1086 3800 Delie
1111 3761 1194 3799 cause
1218 3745 1249 3798 di
1273 3745 1492 3799 sommomssimo

303 3869 441 3926 processo
454 3855 493 3906 od
505 3856 542 3918 §5
557 3852 698 3905 530-531
715 3868 771 3922 sep.
786 3851 901 3912 Quando
914 3867 980 3906 vero
993 3853 1128 3921 possessio
1141 3851 1196 3904 iam
1209 3852 1312 3905 amissa
1324 3859 1393 3916 erat,
1405 3855 1493 3922 atque

306 3977 355 4015 res
364 3961 482 4030 pacifice
496 3959 531 4010 ab
544 3956 601 4012 alio
613 3974 747 4026 possessa,
754 3957 868 4012 volebat
880 3958 1047 4026 recuperari,
1058 3975 1185 4012 recursus
1194 3957 1350 4011 habebatur
1359 3957 1394 4009 ad
1404 3957 1493 4012 actio·

307 4082 358 4120 nes
371 4065 552 4134 possessionis
566 4065 788 4134 recuperandae
801 4063 846 4119 vel
866 4064 899 4118 ad
911 4065 1062 4134 petitorias.
1077 4063 1116 4119 Cf.
1132 4063 1292 4134 Ridoiphini
1314 4065 1332 4117 l.
1349 4082 1371 4118 a
1383 4081 1442 4134 cap.
1454 4065 1491 4118 14

221 4151 225 4157 .
305 4180 337 4230 ot
355 4173 509 4243 Pellegrini
531 4171 550 4225 l.
565 4189 598 4237 c.,·
617 4186 689 4240 quae
708 4175 801 4224 minen
821 4169 924 4223 iudicia
943 4186 1012 4239 pene
1031 4169 1248 4224 refundebantur
1267 4167 1298 4222 iii
1316 4171 1490 4240 quaestiones

241 4301 245 4307 ’
304 4280 459 4350 petitorias.
481 4277 597 4340 Quando
615 4291 682 4330 sero
704 4276 746 4330 uti
770 4275 899 4342 diximus,
923 4275 1012 4330 adhuc
1037 4268 1205 4345 perdurabat
1228 4274 1363 4330 violentia
1388 4275 1490 4344 spolia-

306 4387 400 4452 tionis,
418 4385 464 4440 vel
484 4385 627 4438 contentio
646 4385 721 4437 circa
738 4385 844 4438 factum
863 4385 1051 4454 possessionis,
1064 4384 1246 4438 invocabatur
1265 4383 1417 4439 remedium
1431 4401 1490 4438 mo-

304 4497 484 4550 nutentionis.
502 4519 538 4532 -
557 4491 598 4544 Cf.
619 4490 765 4545 ltlattirolo
784 4491 803 4543 l.
823 4509 846 4544 c.
