3350 5117
509 292 553 339 DE
577 292 716 340 molens
740 292 1006 342 necunsmsrlcls

672 664 786 731 Garun
810 666 836 730 Ι.

559 858 605 912 DE
625 858 770 913 AGTORE
798 858 845 912 ET
869 858 950 913 REO.

401 1002 452 1045 nuc
466 1000 596 1044 eremos
611 1002 655 1045 ru.
670 1001 690 1056 r,
706 1000 732 1045 n.
748 1002 779 1055 11,
794 1008 817 1043 et
832 1002 877 1045 ru.
895 1002 915 1055 1,
928 1002 977 1045 niu.
997 1002 1020 1044 11
1035 1002 1057 1043 m
1072 1000 1113 1044 vi.

161 1207 383 1265 Samarium.
403 1238 437 1251 -
455 1212 498 1265 56.
513 1210 552 1266 De
571 1210 615 1265 his
634 1212 759 1282 personis
777 1212 805 1265 in
824 1212 922 1281 primis
933 1211 1080 1281 agendum.
1094 1240 1128 1253 -
1140 1210 1184 1264 57.
1204 1208 1243 1263 De
1255 1208 1346 1263 officio

254 1320 366 1374 actoris.
386 1346 421 1361 ·-
439 1319 483 1374 58.
503 1318 542 1375 De
567 1321 608 1375 rei
633 1320 731 1375 officio.
751 1349 785 1362 -
804 1320 851 1375 59.
870 1322 957 1374 Actor
978 1326 1009 1375 et
1033 1336 1096 1375 reus
1121 1322 1236 1389 possunt
1260 1316 1346 1371 etiam

252 1424 379 1495 allegare
398 1424 448 1479 ius.
468 1452 503 1467 ·-
521 1426 565 1480 60.
585 1426 726 1496 Principia
745 1442 779 1480 ex
798 1426 916 1479 istarum
934 1427 1048 1479 notione
1066 1422 1271 1479 descendentia

162 1798 262 1863 quam
286 1798 421 1866 agamus
450 1778 491 1845 de
517 1777 622 1845 officio
645 1779 767 1855 iudicis,
792 1782 993 1847 utmaxime
1016 1798 1190 1863 sequamur
1216 1782 1343 1843 natura·

163 1902 229 1967 lem
265 1902 375 1969 iudicii
409 1904 635 1969 evolutionem.
667 1905 748 1969 Nam
786 1906 949 1970 contentio
983 1904 1141 1969 iudicialis
1172 1904 1346 1989 praecipue

164 2027 286 2113 pendet
312 2026 352 2093 ab
375 2034 486 2094 actore
510 2034 544 2094 et
565 2047 633 2103 reo,
654 2028 694 2093 ab
714 2028 834 2095 eisdem
858 2030 1025 2115 proprium
1048 2028 1274 2095 characterem
1297 2046 1346 2092 as-

162 2174 307 2220 sumens.
332 2156 463 2222 Revera
491 2154 589 2221 iudex
620 2157 798 2224 intervenit
828 2158 915 2223 iuter
946 2156 1187 2228 contendentes,
1210 2174 1345 2239 quorum

164 2301 249 2346 uuus
272 2280 392 2365 aliquid
416 2282 475 2348 sibi
497 2282 653 2359 vindicat;
677 2282 761 2348 alter
785 2280 949 2349 inficietur
972 2303 1007 2348 se
1041 2281 1178 2359 debere;
1203 2283 1255 2349 rel
1278 2302 1344 2347 non

164 2408 211 2473 ita
233 2426 269 2472 se
294 2406 414 2473 debere
439 2404 588 2471 affirmat.

255 2530 311 2595 57.
335 2530 385 2595 Ac
420 2549 437 2593 r
460 2528 578 2625 (dicitur
600 2530 662 2625 uui
677 2529 850 2629 in,i,i¹5¹.i⁰i⁰
873 2529 995 2620 aliquid
1017 2530 1116 2627 patim
1141 2526 1346 2631 iricivilibus

165 2658 247 2742 petit
270 2676 356 2731 rem,
382 2658 415 2722 in
442 2655 662 2721 criminalibus
682 2620 850 2740 poenam.
875 2656 959 2732 Quia
988 2656 1110 2742 petenti
1140 2654 1270 2739 aliquod
1301 2657 1348 2720 uti

182 2746 224 2759 ι·-
271 2748 314 2761 n.-
384 2730 536 2765 κ’Νι-...μυ
548 2738 635 2761 ...a-

164 2800 269 2853 suum‚
295 2800 360 2844 uon
383 2778 545 2855 tribuitur,
563 2781 624 2846 nisi
644 2800 737 2845 suum
753 2756 824 2845 esse
840 2778 1037 2866 probaverit,
1054 2786 1143 2866 patet
1157 2781 1241 2865 quod
1255 2785 1348 2847 actor

164 2924 258 2971 suam
281 2904 494 2970 intentionem
517 2903 657 2989 probare
680 2902 784 2978 debet,
802 2904 1043 2990 probationibus
1058 2906 1245 2972 manifestis.
1264 2905 1297 2971 Si
1312 2906 1345 2971 in

166 3028 335 3117 probando
358 3027 496 3111 deficiat,
516 3050 581 3096 non
604 3030 726 3095 obtinet
749 3050 839 3095 suam
872 3032 1083 3096 intentionem
1105 3036 1222 3098 contra
1244 3050 1347 3112 reum,

164 3158 201 3220 et
223 3154 303 3219 hinc
326 3156 353 3219 si
385 3159 514 3219 centum
545 3159 671 3219 scutata
702 3153 831 3240 petebat
853 3172 874 3217 a
898 3175 964 3235 reo,
989 3154 1071 3219 nihii
1102 3155 1234 3222 obtinet.
1259 3155 1349 3231 Qua·

168 3282 304 3363 propter
327 3281 423 3343 actor
441 3282 499 3350 est,
517 3278 571 3361 qui
595 3281 763 3362 promovet
786 3279 1005 3361 quaestionem
1029 3277 1211 3343 iudicialem
1228 3284 1261 3346 et
1275 3300 1347 3345 eam

166 3406 265 3488 urget
288 3421 328 3465 ea
350 3402 530 3467 intentione
557 3407 592 3467 ut
622 3422 698 3467 reus
728 3406 865 3487 cogatur
888 3400 929 3467 ad
959 3402 1137 3488 parendum
1161 3405 1280 3468 actoris
1304 3406 1348 3469 in·

166 3522 314 3589 tentioni.
341 3521 433 3589 Unde
455 3522 569 3589 iudicis
593 3525 753 3591 sententia
780 3544 819 3589 eo
852 3528 985 3609 spectat,
1007 3524 1060 3588 vei
1088 3529 1123 3589 ut
1153 3544 1244 3589 reum
1275 3544 1349 3590 cou-

167 3644 308 3720 demnet
326 3648 379 3712 vel
402 3652 438 3713 ut
460 3646 548 3713 hunc
570 3647 716 3714 absolvat
738 3647 778 3712 ab
803 3648 1002 3733 impetitione
1029 3650 1163 3724 actoris;
1187 3648 1243 3713 sed
1270 3669 1349 3713 nuu-

166 3789 264 3855 quam
280 3771 403 3835 actoris
419 3770 716 3837 condemnationem
733 3774 911 3857 importare
926 3776 1040 3856 potest.
1055 3772 1217 3846 Quocirca
1232 3772 1264 3836 in
1281 3791 1348 3856 spe

169 3898 219 3963 cie
234 3916 335 3982 supra
357 3898 531 3983 proposita,
555 3904 641 3965 esset
663 3897 846 3970 absurdum,
868 3897 953 3981 quod
976 3903 1068 3964 actor
1084 3916 1180 3981 quum
1197 3916 1261 3962 non
1278 3916 1349 3982 pro

169 4018 298 4089 baverit
320 4040 411 4086 suam
435 4021 692 4095 intentionema
712 4020 816 4087 iudice
837 4021 1109 4087 condemnaretur
1131 4021 1172 4085 ad
1195 4020 1349 4087 solvenda

168 4150 304 4219 scutata,
322 4149 435 4229 utputa
455 4144 553 4221 mille;
570 4144 655 4209 unde
670 4146 800 4210 axioma
817 4166 834 4207 a
849 4145 954 4211 Actor
968 4164 1039 4212 noa
1055 4146 1305 4212 condemnatur
1315 4165 1347 4209 ›.

258 4266 361 4333 Debet
384 4286 464 4331 vero
488 4270 580 4332 actor
602 4266 742 4352 probare
764 4265 905 4349 factum,
923 4266 957 4331 in
977 4287 1039 4351 quo
1054 4266 1170 4333 fundat
1192 4266 1267 4350 ἰωὴ·
1283 4286 1348 4331 non

171 4387 238 4471 ipse
259 4388 313 4457 ius
336 4390 547 4476 interpretari
570 4394 603 4454 et
625 4390 790 4476 applicare
813 4389 918 4470 debet,
944 4389 1028 4473 quod
1050 4388 1164 4454 iudicis
1188 4395 1245 4455 est.
1354 4392 1358 4397 ’
